3450 5434
514 608 561 653 os
584 608 678 675 June
707 604 890 653 rnxnoxs.
915 606 995 654 cnr.
1019 609 1053 655 x.
1333 608 1393 672 135

218 762 262 828 rit
288 760 313 826 ¹.
358 760 445 827 Nam
477 760 536 844 qui
567 777 585 825 a
615 760 768 844 pluribus
800 760 939 826 debente
972 760 1008 826 id
1039 760 1129 843 quod
1162 760 1225 826 sibi
1259 761 1395 827 debetur

219 872 305 937 bona
323 871 387 938 fide
405 872 551 956 recepit,
572 874 613 939 ad
632 872 872 939 restitutionem
892 892 933 939 ne
952 872 1171 939 conscientiae
1191 872 1323 954 quidem
1340 874 1394 958 ju·

220 981 308 1048 dicio
327 984 492 1068 obligatus
513 998 573 1051 est.
605 984 695 1050 Tum
712 1003 814 1067 vero,
838 984 866 1049 si
886 983 968 1067 quid
985 998 1157 1068 superest,
1182 984 1394 1050 admittentur

219 1094 337 1161 caeteri
348 1106 372 1176 ,’
383 1094 509 1177 quibus
527 1097 609 1161 alter
627 1096 682 1162 ille
700 1079 838 1161 bellator
856 1090 1036 1162 obstrictus
1054 1094 1128 1161 fuit.
1164 1094 1208 1161 Et
1227 1110 1394 1178 postremo

202 1207 297 1271 ,loco
313 1206 405 1287 quod
422 1206 573 1286 restabit,
595 1207 630 1271 id
647 1206 711 1291 ipsi
730 1208 871 1291 spoliato
891 1208 1017 1272 salvum
1038 1224 1108 1273 esse
1126 1221 1252 1290 etpost
1271 1207 1393 1273 bellum

220 1330 312 1399 parta
333 1318 508 1384 securitate
535 1317 665 1383 restitui
697 1316 796 1384 debet
814 1319 836 1385 ².
880 1319 966 1384 Nam
991 1318 1079 1383 etin
1102 1316 1303 1401 repressaliis
1329 1318 1393 1383 hoe

221 1428 371 1510 usurpari
402 1428 552 1495 doctores
574 1429 805 1509 consentiunt,
829 1444 863 1495 et
890 1429 1051 1513 possessis
1080 1449 1120 1494 ex
1146 1429 1274 1495 decreto
1298 1428 1396 1495 bonis

222 1537 407 1606 debitorum
435 1558 501 1606 non
529 1539 618 1605 alind
636 1540 839 1607 observatur.
884 1541 986 1628 Quod
1004 1541 1032 1606 si
1050 1540 1166 1623 praeda
1187 1540 1310 1607 bellum
1328 1539 1396 1623 pri-

221 1664 334 1717 vatum
352 1648 569 1734 suscipienti,
593 1670 660 1717 non
680 1650 782 1736 igitur
803 1651 944 1736 singulis
967 1652 1228 1735 occupantibus,
1253 1652 1396 1733 acquiri·

222 1774 299 1841 tur,
330 1762 436 1843 primo
465 1762 593 1827 scillcet
619 1778 651 1828 et
679 1783 737 1846 per
765 1782 822 1845 se,
855 1781 913 1829 scu
941 1762 1131 1829 naturaliter
1161 1778 1193 1828 et
1218 1762 1281 1828 nisi
1307 1762 1398 1829 aliud

223 1886 331 1937 actum
354 1872 408 1939 sit.
451 1872 522 1940 Nec
542 1874 652 1940 obstat
680 1873 771 1956 quod
790 1892 858 1940 non
877 1874 946 1956 ipse
966 1888 1136 1957 susceptor
1157 1874 1396 1958 possessionem

223 1983 443 2066 apprehendat
471 2004 533 2051 suo
564 2004 713 2068 corpore.
761 1984 991 2068 Apprehendit
1019 1984 1104 2051 enim
1127 2004 1185 2068 per
1206 1985 1310 2065 alios,
1341 1999 1398 2049 ant

223 2093 375 2159 subditos
397 2108 454 2160 aut
475 2095 694 2162 auxiliatores.
739 2095 786 2161 Et
806 2095 845 2160 de
868 2095 1008 2161 subditis
1028 2095 1159 2179 quidem
1178 2116 1230 2164 res
1249 2095 1398 2179 expedita

224 2218 283 2271 est.
306 2204 369 2270 Per
386 2204 474 2273 filios
493 2206 577 2272 eninr
596 2225 720 2290 perque
738 2224 870 2288 servos,
891 2206 985 2288 quasi
1004 2207 1109 2272 nostri
1126 2206 1272 2290 corporis
1290 2222 1398 2291 partes

224 2316 313 2382 omni
332 2317 458 2383 ratione
480 2317 699 2401 acquirimus:
723 2320 763 2385 de
786 2340 855 2402 quo
878 2319 962 2387 inter
979 2320 1187 2406 jurisperitos
1204 2317 1299 2384 facile
1320 2338 1398 2384 con·

223 2428 316 2494 venit
337 2434 362 2495 ².
409 2428 475 2495 Sed
505 2448 564 2513 per
596 2430 828 2514 auxiliatores,
862 2433 925 2497 hoc
954 2446 1005 2497 est
1032 2431 1083 2499 sui
1110 2431 1193 2515 juris
1225 2429 1396 2511 homines,

224 2538 349 2620 acquiri
384 2539 551 2621 quomodo
585 2540 715 2623 possit,
754 2543 831 2625 plus
868 2542 986 2609 habere
1020 2542 1151 2608 videtur
1184 2526 1396 2607 difficultatis.

224 2649 347 2715 Verum
376 2664 482 2717 tamen
514 2666 546 2716 et
574 2652 638 2717 hoc
667 2670 733 2719 non
766 2653 972 2719 incommode
1005 2653 1240 2737 explicabitur,
1265 2653 1292 2719 si
1315 2652 1399 2719 illud

224 2776 394 2845 teneatur,
427 2762 637 2830 auxiliatores
667 2782 724 2829 seu
754 2763 833 2829 belli
861 2763 971 2830 socios
1000 2784 1061 2829 nos
1091 2784 1146 2830 eos
1177 2763 1305 2844 dicere,
1340 2764 1398 2846 qui

221 2872 396 2957 principali
417 2874 592 2939 accedunt:
615 2894 682 2941 non
702 2874 731 2939 si
750 2890 781 2939 et
802 2873 864 2956 ipsi
885 2876 950 2939 sint
968 2894 1070 2956 aeque
1089 2874 1302 2958 principales:
1326 2894 1398 2939 nam

224 2996 304 3049 tnnc
332 2985 446 3050 eodem
479 3004 547 3066 quo
574 2986 654 3051 alter
678 2986 752 3069 jure
782 3000 925 3052 utentur.
971 2986 1023 3050 De
1055 2984 1108 3051 his
1136 3006 1212 3069 ergo
1233 2983 1400 3067 loquimur

226 3094 286 3176 qui
309 3109 535 3177 asusceptore
563 3095 748 3161 mandatum
776 3110 980 3179 receperunt.
1026 3093 1210 3163 Dicendum
1242 3116 1318 3181 ergo
1343 3118 1400 3179 per

225 3205 359 3271 liberam
379 3225 514 3288 quoque
535 3226 729 3289 personam,
754 3227 838 3289 quae
862 3208 1047 3274 mandatum
1069 3207 1202 3275 anobis
1223 3204 1338 3288 habet,
1363 3223 1400 3275 ut

226 3315 490 3400 possessionem,
515 3316 558 3382 ita
578 3338 636 3399 per
661 3318 901 3400 possessionem
923 3319 1104 3385 dominium
1128 3320 1255 3402 acquiri
1274 3325 1298 3385 ⁴.
1323 3322 1399 3408 Qua

226 3428 323 3493 dere
345 3427 441 3492 etiarn
468 3426 657 3493 videamus:
690 3449 763 3493 nam
787 3431 847 3496 hac
871 3430 1000 3496 sublata
1022 3430 1186 3514 positione
1209 3452 1274 3497 non
1295 3432 1399 3499 domi-
1413 3448 1521 3513 Novar..

227 3538 319 3603 nium
342 3537 376 3603 in
399 3558 487 3619 rem,
510 3538 569 3605 sed
590 3538 750 3605 actionem
774 3540 932 3607 duntaxat
954 3540 1109 3607 adversus
1131 3561 1301 3624 personam
1321 3563 1399 3609 con-
1412 3504 1516 3549 ‘Imm'

227 3668 422 3732 sequemur:
454 3650 545 3731 quod
577 3652 717 3717 multum
752 3650 896 3719 interest.
941 3651 1027 3719 Sunt
1060 3652 1193 3734 quidem
1226 3653 1287 3721 ista
1321 3654 1400 3721 satis

229 3836 414 3849 *ς-

263 3953 272 3986 ¹
291 3956 309 4001 l.
321 3956 392 4014 quod
404 3967 495 4003 antem.
512 3960 534 4015 5.
548 3960 616 4018 apud
629 3959 690 4007 Lab.
710 3959 735 4007 ff.
751 3961 819 4021 quod
835 3959 861 4007 in
877 3958 957 4007 fraud.
973 3961 1041 4009 cred.
1051 3963 1067 4008 l.
1077 3960 1191 4022 pupillis.
1200 3974 1232 4010 eo
1245 3962 1285 4011 tit.
1303 3962 1347 4025 [D.
1359 3977 1402 4024 42.

229 4046 253 4091 8.
270 4044 294 4092 6.
313 4046 335 4102 5.
352 4046 376 4093 6.
392 4058 417 4094 et
435 4045 498 4095 ibid.
516 4048 533 4096 l.
554 4049 606 4110 24]
642 4047 654 4081 ²
670 4051 701 4096 V.
718 4062 794 4110 supra
810 4064 835 4099 c.
847 4063 872 4111 4.
890 4062 914 4099 et
929 4062 973 4099 art.
988 4064 1011 4109 ³·
1030 4055 1114 4100 concl.
1131 4065 1154 4111 7.
1174 4054 1235 4102 silv.
1259 4054 1285 4101 in
1302 4068 1327 4101 v.
1345 4056 1400 4102 Bel·

228 4136 287 4182 lom.
309 4148 330 4183 1.
343 4139 365 4193 5.
382 4148 407 4193 7.
422 4139 507 4187 concl.
525 4150 547 4194 5.
581 4138 593 4174 ⁸
611 4142 641 4188 V.
659 4154 683 4188 c.
697 4142 721 4189 ό.
738 4140 797 4188 lost.
812 4155 858 4201 per
872 4142 1076 4202 quaspersnob.
1090 4156 1145 4203 aeq.
1155 4144 1180 4191 in
1191 4143 1272 4203 princ.
1283 4141 1308 4205 [l
1331 4156 1352 4192 a.
1363 4145 1399 4208 9.]

229 4227 247 4273 l.
268 4238 289 4273 r.
308 4230 331 4286 5.
353 4241 376 4274 1.
397 4227 423 4275 in
445 4226 529 4276 rimff.
547 4231 578 4278 de
594 4230 692 4291 hirqui
710 4232 748 4279 sui
768 4234 809 4281 vel
828 4235 859 4280 al.
873 4230 946 4289 iuris.
961 4234 1004 4295 [D.
1023 4233 1096 4294 1.6.]
1114 4236 1131 4281 l.
1148 4235 1317 4295 acquiruntur.
1336 4239 1357 4294 5.
1380 4251 1401 4285 r.

229 4318 261 4365 de
283 4330 338 4377 aeq.
356 4330 404 4366 rcr.
425 4320 492 4367 dom.
514 4320 557 4381 [D.
573 4333 614 4381 4¹·
630 4335 651 4370 1.
673 4323 725 4383 ro]
744 4325 761 4371 l.
780 4337 800 4371 r.
817 4327 838 4382 5.
852 4324 913 4372 item
928 4322 1089 4384 acqnlrimus.
1104 4324 1129 4374 ff.
1146 4326 1177 4373 dc
1196 4338 1249 4386 aeq.
1269 4340 1337 4387 poss.
1357 4329 1402 4390 [D.

229 4421 270 4468 4¹·
293 4421 316 4455 2.
341 4422 361 4456 1.
383 4412 403 4467 5.
427 4409 463 4471 5.]
499 4410 511 4442 ⁴
528 4412 549 4458 l.-
563 4412 676 4460 traditio.
691 4416 713 4470 5.
730 4410 772 4461 lin.
787 4414 812 4463 il.
828 4416 860 4462 de
875 4428 930 4476 aeq.
947 4416 1015 4465 dom·
1034 4416 1078 4469 il).
1093 4428 1135 4477 41.
1153 4429 1174 4465 1.
1190 4430 1230 4464 20.
1245 4421 1266 4477 5.
1282 4418 1318 4481 a]
1339 4416 1401 4468 inst.

229 4512 276 4559 per
294 4512 358 4560 quas
369 4513 436 4560 pers.
451 4503 473 4559 5.
488 4514 520 4551 cx
534 4502 584 4551 iris.
601 4500 635 4567 [l.
654 4516 678 4551 a.
693 4517 717 4565 p.
732 4504 753 4565 5.
768 4505 803 4566 5.]
