3450 5434
345 615 386 676 24
659 617 707 663 nu
729 619 822 683 Juuu
848 617 1032 664 pransu.
1056 618 1136 665 cnr.
1160 618 1200 665 ιι.

345 771 411 832 uisi
433 767 523 834 alter
544 769 689 835 alterum
714 770 868 859 offensum
891 775 992 838 iisset.
1018 771 1155 841 lmtdia
1174 777 1260 838 emim
1279 770 1433 837 seditioni
1451 791 1515 833 mo·

344 877 432 943 litur
455 879 639 946 exordium.
686 882 742 948 Sic
761 883 962 968 judiciorum
987 904 1053 950 non
1077 884 1140 950 alio
1163 904 1261 966 quam
1286 886 1394 969 legum
1413 880 1512 966 origo.

344 990 512 1057 Dicuntur
534 991 618 1057 enim
644 996 675 1058 ¹:

708 1107 874 1176 trudonem
895 1107 925 1176 oi
941 1136 975 1176 κε
997 1110 1133 1190 θέμιστας

557 1217 590 1280 ἐκ
612 1219 680 1291 Διὸς
702 1219 840 1301 tipiurou.

708 1341 861 1414 proceres
883 1331 1092 1394 sanctissima
1116 1341 1275 1414 quotquot

624 1437 721 1524 Jutu
740 1441 838 1528 Jotis
862 1440 1007 1507 reddunt
1024 1440 1170 1527 populis.

345 1518 420 1584 item
442 1524 472 1584 ²:

551 1609 592 1686 εἷς
613 1615 755 1694 βασιλεὺς
777 1612 798 1700 ᾧ
820 1616 906 1683 uum
926 1615 1027 1699 Κρόνου
1047 1625 1119 1690 uuit
1139 1617 1350 1696 iymmuittu

552 1732 693 1808 σκῆπτρον
713 1722 794 1802 τ’ἠδὲ
815 1729 963 1809 θέμιστας.

560 1831 636 1898 Rex
660 1856 744 1899 umus
767 1839 823 1899 cui
845 1835 906 1900 dut
929 1837 1113 1903 Saturnius
1138 1859 1245 1904 uureu
1269 1836 1365 1921 regni

559 1943 763 2030 Sceptraque
775 1943 1020 2032 judiciumque.

346 2051 389 2118 Et
409 2055 496 2137 apud
516 2057 651 2122 alterum
675 2053 705 2121 ³:

741 2201 744 2210 ¹
786 2172 895 2252 μεσταὶ
915 2173 946 2239 δὲ
965 2175 1033 2246 Διὸς
1053 2176 1147 2239 troium
1167 2175 1222 2254 μὲν
1243 2175 1365 2249 ductim,

567 2281 670 2346 oricus
693 2282 864 2364 i'oiuipdmou
886 2283 1002 2364 ἀγοραί.

685 2476 689 2480 ,
777 2412 855 2477 mum
878 2395 965 2459 ticos
988 2395 1122 2456 numine
1142 2388 1279 2476 complet

565 2501 752 2587 Juppitcr‚
775 2501 860 2568 idem
884 2504 1050 2567 hominum
1072 2503 1209 2588 complet
1224 2501 1321 2586 fora.

393 2612 444 2675 Ac
466 2611 560 2693 plane
585 2631 659 2677 cum
680 2613 870 2678 naturaliter
890 2613 1010 2697 cuique
1022 2613 1134 2679 liceret
1143 2613 1198 2698 jus
1209 2611 1271 2678 sibi
1285 2631 1382 2677 manu
1395 2610 1525 2689 dicere,

349 2721 565 2788 necessarium
588 2724 715 2791 cunctis
737 2725 869 2808 populis
887 2725 995 2793 visum
1018 2742 1068 2794 est
1087 2725 1229 2809 aliquem
1248 2723 1418 2791 instituere
1437 2722 1525 2808 J'udi-

351 2833 475 2899 ciorum
507 2833 675 2914 ordinem,
708 2836 761 2902 cui
792 2837 930 2904 accessit
962 2854 995 2904 et
1016 2838 1220 2924 singulorum
1242 2855 1443 2917 consensus,
1467 2835 1524 2917 qui

353 2969 430 3015 cum
462 2948 613 3015 viderent
648 2949 740 3015 aliter
773 2971 869 3017 suum
901 2971 935 3017 se
966 2950 1124 3032 consequi
1153 2951 1197 3015 ob
1218 2946 1438 3014 infirmitatem
1460 2965 1526 3012 non

351 3080 473 3144 posse,
507 3073 650 3127 staturos
678 3080 712 3127 se
745 3061 888 3128 civitatis
919 3061 1096 3129 sententiae
1127 3059 1358 3144 promiserunt.
1404 3057 1447 3122 Et
1479 3073 1528 3125 est

353 3171 485 3237 omnino
506 3191 540 3236 ea
559 3170 796 3256 jurisdictionis
819 3187 956 3254 natura,
980 3187 1018 3239 ut
1038 3171 1101 3239 nisi
1123 3192 1163 3238 ex
1183 3190 1342 3238 consensu
1362 3171 1438 3236 oriri
1460 3190 1525 3237 nou

353 3282 480 3366 possit,
504 3282 595 3364 quod
615 3282 693 3349 satis
714 3285 884 3368 vulgatum
904 3299 953 3352 est
975 3293 997 3349 ⁸.
1041 3284 1083 3349 Id
1102 3285 1162 3349 hac
1184 3284 1296 3368 regula
1315 3282 1528 3349 indicabitur:

201 3408 296 3468 Regula
311 3407 340 3452 V·
357 3391 531 3480 Quidquid
563 3392 749 3481 respublica
772 3417 804 3460 sc
825 3395 908 3464 telle
930 3394 1159 3484 significauit,
1183 3394 1222 3461 id
1241 3399 1332 3460 inter
1354 3401 1439 3463 ciues
1461 3399 1528 3460 siu·

285 3529 289 3534 ·
351 3506 447 3593 gulos
469 3507 528 3590 jus
560 3519 619 3571 est.
667 3505 789 3572 Differt
820 3509 901 3574 haec
934 3510 1046 3593 regula
1069 3506 1224 3591 oprimi,
1252 3507 1342 3590 quod
1366 3506 1527 3592 judicium

203 3643 329 3701 pontu...
356 3638 374 3682 a
403 3619 473 3700 lege
503 3617 613 3696 civili;
657 3633 705 3685 est
739 3619 824 3684 enim
856 3619 1017 3704 iudicium
1051 3621 1103 3684 lex
1137 3617 1178 3684 ad
1210 3615 1331 3684 factum
1366 3617 1528 3703 singulare

356 3743 472 3811 aptata.
517 3729 627 3811 Atque
651 3730 731 3797 adeo
753 3730 837 3797 inter
859 3733 948 3816 leges
971 3730 1085 3797 civiles
1108 3730 1211 3813 prima
1234 3746 1284 3797 est
1306 3731 1368 3796 ista
1389 3729 1430 3794 ad
1451 3750 1527 3794 con-

356 3839 520 3944 tinendam
543 3841 746 3922 societatem,
771 3862 855 3925 quae
873 3842 1072 3927 iudiciorum
1095 3841 1320 3909 necessitatem
1343 3831 1528 3906 facitz‘hoc

211 3977 263 4023 tm
276 3975 320 4024 lu.
356 3965 423 4016 est:
447 3951 502 4016 Ne
517 3957 598 4021 ciuis
616 3952 774 4021 aduersus
785 3952 956 4040 {ciucmjus
968 3974 1062 4018 suum
1075 3950 1276 4037 nisijudicio
1289 3965 1494 4038 exsequatur
1504 3959 1528 4018 ⁵.

359 4139 551 4152 —w

393 4259 510 4324 ¹[Hom.
535 4262 564 4310 11.
587 4264 603 4310 1.
631 4275 652 4310 1.
669 4276 708 4312 vs.
733 4265 790 4321 ost.
813 4263 864 4325 sq]
900 4259 1018 4326 ²[Hom.
1040 4263 1069 4311 11.
1092 4266 1110 4312 Ι.
1133 4277 1157 4311 o.
1180 4276 1219 4312 vo.
1237 4274 1293 4318 cos.
1307 4261 1358 4324 sq]
1394 4260 1530 4326 ¹[Amtus

358 4353 492 4402 Phaenom.
509 4355 527 4402 1.
544 4366 567 4402 o.
585 4366 622 4402 vs.
647 4367 670 4402 2.
688 4354 738 4417 sq.]
773 4351 862 4416 ⁴Arg.
880 4353 907 4403 in
924 4357 941 4403 Ι.
958 4354 1035 4403 diem.
1053 4358 1074 4414 fi.
1091 4353 1160 4404 stari.
1178 4353 1203 4402 ff.
1221 4355 1253 4403 de
1270 4353 1380 4403 arbitrio.
1399 4354 1444 4416 [D.
1460 4369 1486 4415 4.
1505 4357 1530 4403 8.

359 4455 399 4502 27.
423 4447 436 4503 5
459 4443 495 4506 ι]
530 4443 541 4475 ⁵
564 4441 694 4509 lffexstot.
718 4446 743 4494 ff.
764 4447 835 4508 quod
856 4457 925 4495 metu
949 4446 994 4509 [D.
1017 4459 1084 4507 Μ.
1104 4444 1301 4510 1³.]l.nullus.
1323 4446 1354 4493 C.
1371 4447 1404 4493 de
1419 4445 1530 4508 Judteis.

361 4535 404 4596 [ὓ
425 4549 445 4584 1·
463 4549 487 4598 9·
507 4535 558 4597 ιφ]
