3450 5434
488 667 536 714 DE
559 667 652 733 JURE
679 667 862 714 PRAEDAE.
888 667 967 714 CAP.
992 668 1072 715 xm.
1308 665 1370 728 293

198 823 363 907 implorari
391 825 527 890 relatum
556 838 615 888 est.
661 823 787 890 Merito
817 823 919 908 igitur
950 823 1096 908 ipsorum
1121 824 1268 904 exemplo
1289 819 1372 886 nihil

198 935 423 1021 distinguitur.
469 935 604 1000 Nobilis
623 935 877 1020 jurisconsulti,
906 935 971 1000 imo
993 935 1098 1018 ipsius
1117 935 1200 1020 juris
1225 933 1371 1020 gentium

199 1068 265 1114 vox
294 1049 357 1112 ista
384 1063 454 1113 est:
487 1061 525 1112 ut
552 1047 659 1112 socios
690 1047 767 1112 licet
795 1046 988 1129 defendere,
1013 1047 1057 1113 ita
1077 1047 1241 1114 offendere
1262 1045 1372 1111 socios

199 1159 343 1226 criminis
377 1174 409 1224 et
443 1159 634 1242 quicunque
668 1159 864 1242 participant
899 1159 1081 1227 criminosis
1116 1175 1149 1226 et
1178 1157 1372 1224 criminibus

198 1291 424 1356 aggressorum
446 1279 469 1336 ¹.
515 1271 618 1360 Quod
637 1291 676 1336 eo
695 1271 799 1356 magis
818 1273 872 1337 hic
893 1274 1003 1339 locum
1027 1274 1147 1352 habet,
1173 1270 1251 1354 quia
1281 1268 1373 1352 quod

200 1385 378 1450 Castellani
411 1382 542 1449 Batavis
583 1382 708 1449 Indiam
745 1383 932 1465 petentibus
969 1399 1175 1465 nocuerunt,
1209 1385 1271 1448 hoc
1302 1380 1371 1447 sine

200 1496 301 1561 dubio
322 1511 354 1561 et
371 1495 507 1578 publico
534 1494 673 1560 consilio
695 1509 727 1560 et
747 1510 864 1578 rogatu
884 1511 941 1561 aut
960 1511 1046 1562 certe
1068 1496 1100 1562 in
1121 1494 1254 1581 gratiam
1274 1493 1372 1559 Lusi-

199 1622 348 1674 tanorum
369 1606 490 1672 factum
513 1621 572 1674 cst.
592 1605 664 1690 Jam
686 1627 764 1672 vero
785 1606 825 1672 de
849 1607 1157 1688 Hcmslterckianis‚
1179 1607 1237 1689 qui
1259 1626 1276 1672 a
1298 1624 1371 1689 rege
1384 1617 1488 1714 „5¹53”
1500 1615 1531 1714 3¹

199 1721 355 1785 Dammae
383 1720 474 1785 nulla
503 1719 580 1784 belli
610 1723 788 1803 praecunte
819 1738 937 1798 causa,
961 1721 1069 1803 specie
1102 1718 1371 1786 commerciorum
1384 1681 1530 1768 artic-'52'

199 1832 285 1915 capti
306 1847 339 1896 et
358 1830 391 1897 in
410 1831 571 1897 servitute
582 1831 706 1898 detenti
728 1845 828 1911 sunt,
853 1851 1051 1913 quamquam
1071 1831 1104 1896 id
1116 1851 1189 1897 eum
1203 1829 1373 1896 Lusitanis

200 1944 377 2026 imputasse
409 1942 541 2008 minime
574 1943 790 2009 dubitandum
825 1957 897 2024 est,
921 1944 1015 2009 velut
1037 1943 1146 2008 minus
1169 1958 1371 2024 compertum

200 2054 266 2120 illis
288 2037 459 2120 remittam.
485 2054 558 2118 Hoc
579 2056 652 2119 solo
664 2069 839 2120 contentus
851 2075 929 2135 ero,
954 2055 1044 2137 quod
1057 2053 1185 2137 liquido
1197 2054 1371 2137 probatum
1380 2065 1447 2181 pub·
1449 2066 1530 2166 Ἢ

200 2166 281 2233 vidi.
328 2165 479 2231 Lusitani
512 2186 587 2230 cum
611 2165 762 2232 audirent
784 2186 892 2250 regem
913 2166 1082 2251 Jorenscm
1108 2187 1147 2232 eo
1171 2167 1372 2250 propendere
1385 2175 1530 2275 fiscano.

201 2293 238 2344 ut
261 2277 532 2344 Hemslrerclrium
557 2278 598 2342 ad
617 2278 845 2343 mercationem
866 2279 1072 2359 admitteret,
1096 2279 1214 2358 missa,
1238 2293 1276 2343 ut
1294 2277 1372 2343 alibi
1406 2261 1412 2274 ⁸

200 2390 366 2470 diximus,
398 2389 559 2474 legatione
592 2389 660 2474 regi
692 2389 899 2471 indicarunt,
933 2410 1007 2455 cum
1040 2390 1225 2456 Hollandos
1259 2407 1372 2455 omnes

200 2502 350 2568 homines
381 2521 450 2568 csse
483 2501 732 2584 rapacissimos,
766 2517 835 2566 tum
860 2521 939 2567 vero
963 2501 1234 2568 Hemskerckium
1260 2503 1371 2584 explo-

199 2627 338 2679 ratorem
370 2612 505 2679 missum
538 2612 754 2695 inspiciendis
778 2611 992 2696 regionibus,
1019 2633 1100 2696 quas
1123 2612 1171 2678 illi
1195 2612 1371 2695 aliquando

199 2725 234 2791 vi
256 2743 370 2810 magna
391 2725 523 2791 navium
546 2724 667 2791 invecti
690 2743 764 2791 suas
786 2723 930 2791 facerent
950 2725 1095 2808 expulsis
1113 2724 1370 2808 possessoribus.

200 2837 295 2922 Quae
317 2851 426 2903 autem
450 2851 522 2916 est,
547 2834 574 2902 si
597 2855 664 2902 non
678 2838 781 2916 hacc,
808 2836 929 2921 injuria
941 2851 998 2902 aut
1010 2857 1106 2918 quem
1119 2835 1211 2920 prius
1223 2850 1370 2918 spectat,

200 2968 296 3030 quam
317 2947 424 3031 ipsum
444 2947 715 3013 Hemskerclrium
736 2949 875 3032 ejusque
895 2949 1104 3029 comitatum,
1129 2947 1254 3013 etiamsi
1274 2947 1371 3012 latius

200 3058 234 3123 in
257 3072 357 3125 totam
382 3059 728 3144 gentem-spargatur?
776 3059 903 3125 Bellum
927 3075 1091 3143 praeterea
1115 3060 1279 3127 minantur
1301 3059 1371 3125 Lu-

198 3169 319 3250 sitani,
353 3170 381 3236 si
415 3171 490 3253 quis
521 3171 706 3239 Hollandos
737 3171 884 3255 recipiat.
931 3173 978 3237 Et
1011 3175 1090 3237 haec
1123 3192 1231 3238 nonne
1264 3169 1372 3256 gravis

200 3281 319 3366 injuria
342 3282 418 3347 est?
464 3282 537 3347 Nec
560 3283 727 3349 minantur
750 3298 901 3364 tanturn,
926 3283 984 3350 sed
1006 3283 1155 3350 inferunt
1183 3283 1372 3364 eisdemque

139 3401 145 3408 ‘
199 3392 339 3459 navibus
363 3408 396 3458 et
414 3393 566 3478 Jorenses
590 3396 852 3477 depopulantur,
877 3410 910 3460 et
932 3395 1071 3461 Batavos
1092 3407 1221 3459 tentant
1241 3411 1372 3457 accessu

200 3505 383 3589 prohibere.
428 3505 512 3570 Esse
544 3506 628 3570 hanc
659 3527 736 3573 vere
769 3507 944 3591 injuriam,
978 3527 1051 3572 cum
1079 3508 1160 3571 alter
1182 3503 1315 3570 alterius
1339 3503 1371 3567 in
1387 3516 1415 3564 ιη
1431 3534 1450 3565 c.
1472 3517 1531 3564 rrrr.

201 3615 430 3682 contumeliam
463 3631 602 3683 vexatur
625 3632 756 3684 etcum
780 3638 819 3683 eo
843 3619 919 3700 quis
940 3617 1158 3700 prohibetur,
1180 3615 1270 3697 quod
1300 3615 1373 3699 jure
1387 3575 1531 3674 issi'bllss'fl:

203 3727 347 3812 gentium
372 3728 554 3811 competit,
578 3728 655 3793 alibi
690 3729 906 3796 ostendimus.
955 3729 1066 3814 Quare
1099 3727 1169 3792 sive
1204 3725 1373 3791 codicillos

202 3838 498 3906 Hemslrercltianos
521 3839 737 3923 respicimus,
762 3853 891 3905 constat
914 3839 952 3905 de
976 3837 1105 3923 injuriis
1129 3856 1212 3919 quas
1234 3837 1374 3920 reparari

201 3949 371 4032 oportuit,
394 3952 465 4016 sive
485 3952 713 4018 centurionum
733 3952 906 4032 mandata,
930 3950 1088 4016 habemus
1107 3949 1373 4014 commerciorum

203 4062 387 4127 turbatores
409 4061 609 4129 manifestos.
634 4063 776 4149 iujuriae
800 4077 908 4128 autem
932 4046 1013 4127 istae
1034 4076 1170 4128 cunctos
1183 4059 1374 4144 etsingulos
1401 4082 1459 4127 tac.
1473 4083 1532 4130 mr.

1388 4137 1531 4184 eeamoncl.

205 4173 394 4259 obligabant
417 4174 624 4257 Lusitanos,
648 4174 836 4258 praesertim
861 4174 920 4258 qui
944 4173 977 4239 in
1001 4173 1062 4240 ista
1085 4172 1174 4238 orbis
1192 4186 1283 4256 parte
1301 4191 1373 4238 ver·
1385 4189 1428 4290 fi
1442 4191 1513 4238 ana.

244 4435 252 4469 ¹
270 4437 340 4484 Bald.
355 4439 373 4484 1.
392 4450 413 4485 1.
428 4439 458 4485 C.
475 4439 545 4485 unde
562 4437 598 4487 vi.
617 4435 660 4500 [C.
680 4439 703 4485 8.
720 4437 758 4498 4.]
769 4451 793 4485 n.
813 4450 853 4498 24.
870 4439 928 4501 Joh.
946 4438 977 4486 de
994 4435 1066 4496 Lign.
1083 4435 1109 4484 in
1125 4445 1199 4484 tract.
1217 4436 1248 4482 de
1266 4447 1332 4493 repr.
1351 4446 1374 4481 a.

203 4541 229 4590 P·
245 4539 269 4585 3·
287 4541 330 4587 (lu-
348 4541 371 4576 2·
389 4541 428 4588 Pr·
