3450 5434
460 660 507 706 DE
531 661 624 725 Junn
651 659 836 706 PRAEDAE.
862 658 941 704 CAP.
967 658 1031 703 ΧΠ.
1262 641 1322 704 261

151 817 241 883 bello
277 815 432 896 licuerit,
466 815 750 882 considerandum.
808 816 971 898 Apertum
1005 812 1145 880 fecimus
1180 832 1239 878 nec
1271 814 1325 898 jus

152 928 268 993 excedi
301 946 423 1012 posse,
456 929 496 993 de
529 947 598 1009 quo
621 926 757 1013 agitur,
788 946 849 992 nec
877 944 1032 1010 personas
1060 924 1126 1009 juri
1154 925 1324 1009 obligatas.

152 1039 328 1125 Quodnam
351 1038 396 1103 sit
416 1039 471 1122 jus
494 1037 690 1103 Butavorum
714 1038 746 1101 in
773 1037 978 1118 Lusitanos,
1002 1036 1035 1101 in
1058 1036 1164 1102 causis
1184 1036 1325 1120 explica-

151 1166 224 1215 tum
248 1164 309 1215 est.
357 1149 423 1214 Sed
448 1148 638 1214 omittamus
659 1150 714 1233 jus
736 1167 832 1215 omne
855 1148 1016 1228 ultionis,
1041 1166 1108 1230 quo
1129 1147 1241 1214 Batavi
1264 1168 1326 1230 pu-

151 1260 222 1327 nire
251 1260 430 1327 Lusitanos
457 1274 639 1343 potuerunt
661 1264 705 1326 ob
735 1260 894 1327 violatum
918 1259 1063 1345 gentium
1081 1260 1134 1344 jus
1156 1259 1190 1325 in
1213 1258 1326 1341 prohi-

153 1371 269 1437 bendis
307 1371 536 1453 commerciis,
571 1372 614 1437 ob
647 1371 824 1437 calumnias
860 1386 1014 1451 atroces,
1049 1371 1091 1436 ob
1127 1370 1326 1451 homicidia,

152 1481 345 1566 perfidiam,
369 1483 518 1567 rapinasa
541 1483 595 1549 cui
624 1482 691 1567 juri
713 1485 803 1549 nulla
823 1502 979 1566 umquam
1003 1481 1238 1549 Lusitanorum
1257 1483 1326 1566 jac-

154 1610 227 1659 tura
247 1593 398 1660 satisfieri
421 1610 543 1677 potest.
589 1594 678 1661 Illud
698 1612 889 1677 sumamus,
915 1593 1006 1675 quod
1027 1593 1071 1659 ita
1090 1608 1257 1659 ostensum
1277 1608 1326 1661 est

154 1720 193 1771 ut
225 1724 322 1771 nemo
354 1705 461 1789 possit
492 1705 647 1787 diffiteri,
673 1725 713 1771 ex
737 1726 777 1771 eo
810 1704 902 1787 quod
923 1704 1074 1771 Lusitani
1108 1704 1327 1788 impedierunt

154 1815 296 1883 Batavos
315 1837 389 1882 cum
410 1817 615 1899 quibuslibet
635 1817 791 1883 Indorum
811 1816 1002 1883 nationibus
1022 1816 1124 1883 libere
1147 1815 1325 1901 negotiari,

154 1927 319 2013 obligatos
350 1946 407 1993 eos
438 1948 507 1993 esse
528 1929 570 1994 ad
593 1926 834 1994 restitutionem
855 1927 961 1993 omnis
982 1927 1088 2010 lucri,
1113 1928 1203 2009 quod
1224 1948 1260 1994 ea
1277 1948 1328 1993 ra-

135 2038 247 2125 ptione
276 2038 409 2105 Batavis
439 2054 584 2122 ereptum
616 2055 683 2105 est:
713 2059 798 2121 quae
827 2038 961 2119 quidem
990 2038 1103 2123 ingens
1134 2059 1259 2106 summa
1279 2054 1329 2106 est

155 2169 230 2214 cum
250 2150 374 2232 primae
395 2149 619 2234 navigationes
639 2171 698 2233 per
716 2149 852 2216 insidias
871 2148 1107 2216 Lusitanorum
1127 2149 1239 2217 inanes
1258 2149 1327 2216 fere

155 2274 255 2342 atque
285 2258 508 2326 infructuosae
535 2259 679 2327 fixerint:
714 2276 785 2327 tum
815 2280 896 2327 vero
921 2280 961 2326 ex
982 2262 1071 2327 bello
1090 2261 1211 2346 injuste
1234 2262 1326 2327 illato

155 2370 264 2436 damni
292 2371 361 2436 dati
395 2371 525 2437 eosdem
556 2371 660 2437 teneri
693 2372 790 2437 etiam
818 2386 987 2439 sumtuum
1007 2374 1161 2453 nomine,
1185 2390 1327 2455 quorum

155 2501 281 2547 summa
310 2502 426 2566 genera
456 2501 554 2565 supra
583 2483 764 2569 attigimus.
812 2483 939 2549 Horum
962 2484 1133 2566 omnium,
1156 2483 1239 2550 lucri
1260 2501 1329 2549 ces·

153 2592 277 2672 santis,
307 2593 451 2677 jacturae
486 2609 519 2659 et
551 2593 767 2676 impensarum
802 2593 830 2659 si
859 2596 1008 2659 calculus
1037 2608 1200 2676 ponatur,
1234 2610 1328 2660 etex

154 2706 255 2769 altera
282 2718 374 2786 parte
407 2719 519 2786 captae
542 2724 691 2771 caraccae
712 2704 935 2785 merciumque
963 2704 1163 2783 aestimatio,
1187 2704 1326 2771 dubium

153 2833 221 2881 non
244 2829 292 2881 est
315 2814 396 2897 quin
421 2816 554 2897 expensi
576 2835 727 2895 summa,
753 2835 851 2898 quam
880 2815 1007 2899 accepti
1031 2816 1200 2897 aliquanto
1225 2817 1328 2901 major

153 2924 268 2991 futura
292 2924 358 3005 sit,
383 2940 416 2991 et
438 2928 515 3008 plus
537 2926 710 2994 Lusitanis
730 2926 845 2993 Batavi
871 2927 1051 3010 imputent,
1072 2947 1169 3009 quam
1189 2928 1329 2993 debeant

152 3035 327 3102 victoriae.
384 3036 490 3118 Atqui
514 3031 657 3119 aequum
689 3037 782 3119 suit,
806 3058 881 3104 cum
910 3052 1038 3104 maneat
1067 3038 1208 3123 injuria,
1233 3039 1329 3104 duret

153 3146 361 3229 periculum,
394 3162 555 3214 certamen
588 3149 813 3233 ingravescat,
848 3166 975 3215 tantum
1007 3148 1073 3217 illis
1103 3150 1207 3233 eripi,
1241 3150 1328 3217 unde

154 3258 252 3321 etiam
272 3257 305 3322 in
326 3274 492 3340 posterum
516 3260 557 3324 ad
580 3261 665 3326 bella
687 3260 835 3326 subsidia
855 3261 1064 3327 haberentur.
1100 3260 1201 3327 Actio
1225 3260 1329 3346 igitur

155 3370 218 3434 ista
238 3368 316 3434 belli
336 3388 403 3435 non
425 3371 525 3437 modo
542 3373 597 3456 jus
620 3372 699 3437 belli
721 3391 849 3457 egressa
871 3391 938 3439 non
960 3387 1031 3455 est,
1053 3371 1110 3439 sed
1128 3374 1226 3456 longe
1243 3371 1328 3438 intra

155 3478 315 3545 constitit.
361 3481 483 3562 Neque
514 3502 593 3547 vero
625 3501 804 3565 personas,
828 3484 951 3565 quibus
984 3496 1094 3567 erepta
1117 3498 1197 3548 sunt
1218 3484 1328 3563 bona,

155 3609 222 3654 non
254 3588 359 3657 fuisse
391 3591 576 3676 obligatas,
610 3594 786 3676 quisquam
819 3594 948 3660 dixerit.
1005 3594 1161 3676 Namque
1181 3594 1326 3659 omnium

156 3720 289 3778 eorum,
323 3722 406 3783 quae
439 3702 531 3783 dixi,
554 3705 797 3771 restitutionem
821 3704 961 3769 debebat
984 3704 1167 3787 respublica
1191 3723 1249 3769 seu
1269 3725 1329 3787 po-

154 3814 255 3895 pulus
272 3811 527 3893 Lusitanorum,
548 3815 606 3896 qui
627 3815 800 3897 prohibuit
818 3814 1031 3893 commercia,
1052 3815 1172 3880 bellum
1196 3813 1328 3896 intulit,

155 3922 190 3989 in
211 3937 322 3988 sontes
343 3924 556 3990 animadverti
577 3945 644 3993 non
663 3927 801 3993 curavit.
844 3926 947 4014 Quod
970 3940 1077 3991 autem
1100 3926 1197 3991 debet
1215 3945 1329 4007 respu-

157 4032 264 4113 blica,
298 4033 333 4098 id
355 4054 373 4099 a
395 4035 536 4118 singulis
557 4037 629 4121 ejus
658 4038 807 4119 partibus
830 4037 916 4122 exigi
949 4056 1070 4120 posse,
1103 4054 1170 4102 non
1193 4036 1327 4118 quidem

153 4144 228 4227 jure
259 4143 372 4226 civili,
396 4146 456 4211 sed
474 4148 548 4231 jure
570 4148 743 4232 gentium,
768 4148 846 4214 alibi
870 4148 1190 4228 demonstravimuS,
1215 4145 1328 4213 addito

155 4255 197 4319 ad
231 4270 336 4319 certas
366 4255 510 4323 rationes
542 4274 575 4323 et
607 4260 819 4327 auctoritates
856 4258 1117 4342 repressaliarum
1154 4259 1328 4340 exemplo,

155 4367 189 4432 in
222 4366 345 4447 quibus
370 4368 563 4451 quicunque
586 4390 604 4433 a
626 4371 699 4436 cive
728 4371 879 4461 injuriam
898 4372 1023 4453 patitur
1043 4370 1210 4452 republica
1230 4370 1330 4451 justi·
1399 4372 1402 4377 '

156 4478 233 4544 tiam
269 4498 334 4543 non
369 4479 567 4561 exhibente,
601 4482 773 4563 multoque
807 4483 910 4567 magis
943 4481 971 4547 si
1003 4481 1042 4546 ab
1068 4480 1137 4564 ipsa
1160 4481 1328 4563 republica
