3450 5434
378 638 441 700 232
678 638 726 685 nn
748 638 842 703 June
869 638 1053 685 nnnnunn.
1078 607 1161 686 c'nn.
1187 641 1252 687 xrr.

378 806 536 873 quantum
554 793 625 875 ejus
645 812 753 859 rerum
768 792 989 875 spiritualium
1003 769 1179 861 necessitas
1198 794 1356 876 requirit,
1369 793 1432 860 ista
1449 806 1555 858 autem

378 902 418 967 de
448 901 571 984 quibus
598 921 686 969 nunc
709 904 860 988 agimus,
885 924 972 969 mare
1000 902 1126 970 scilicet
1152 919 1185 970 et
1204 906 1259 989 jus
1282 902 1482 989 navigandi,
1506 904 1558 967 lu·

379 1033 468 1077 crum
495 1028 528 1079 et
557 1029 730 1095 quaestum
753 1035 902 1095 merum,
926 1035 993 1080 non
1013 1015 1144 1098 pietatis
1166 1016 1335 1101 negotium
1358 1014 1557 1099 respiciant,

378 1123 472 1206 sequi
502 1125 624 1190 nullam
652 1126 770 1191 bacin
798 1146 833 1191 re
863 1124 965 1191 fuisse
988 1124 1079 1191 illius
1100 1141 1308 1209 potestatem.
1352 1126 1446 1213 Quid
1467 1126 1558 1207 quod

376 1254 418 1300 ne
438 1234 606 1318 Principes
627 1236 780 1319 quidem,
804 1237 869 1304 hoc
889 1251 939 1303 est
959 1235 1084 1302 domini
1096 1239 1313 1321 temporales,
1333 1253 1476 1321 possunt
1488 1238 1557 1303 ullo

377 1347 476 1412 modo
496 1368 515 1413 a
541 1346 750 1432 navigatione
773 1348 916 1430 aliquem
948 1347 1147 1430 probibere,
1171 1368 1246 1414 cum
1271 1348 1300 1413 si
1323 1349 1416 1432 quod
1435 1350 1559 1415 habeut

375 1460 429 1542 jus
450 1458 483 1523 in
505 1458 608 1539 mari,
630 1458 666 1524 id
684 1459 730 1523 sit
747 1473 874 1525 tantum
896 1457 1138 1543 jurisdictionis
1158 1480 1194 1524 ac
1214 1459 1458 1543 protectionis?
1484 1457 1561 1523 Eti-

377 1588 427 1634 am
458 1569 541 1635 illud
569 1569 778 1637 notissimum
809 1584 860 1636 est
889 1570 977 1653 apud
1004 1590 1142 1652 omnes,
1166 1571 1208 1636 ad
1237 1591 1274 1637 ea
1295 1570 1443 1638 facienda
1473 1590 1553 1653 qua<

377 1701 451 1746 cum
472 1682 542 1765 lege
563 1696 698 1747 naturae
719 1696 892 1767 pugnant,
914 1682 1038 1747 nullam
1063 1700 1134 1747 esse
1157 1681 1262 1764 Papae
1283 1682 1550 1749 auctoritatem-1

376 1792 506 1876 Pugnat
525 1806 634 1858 autem
653 1811 727 1858 cum
749 1794 820 1877 lege
836 1805 992 1874 naturae,
1017 1807 1054 1859 ut
1072 1812 1160 1858 mare
1180 1808 1237 1857 aut
1256 1792 1326 1876 ejus
1348 1810 1444 1857 usum
1465 1790 1551 1872 qui·-

379 1922 476 1984 quam
508 1903 625 1969 habeat
653 1902 716 1969 sibi
748 1903 939 1987 proprium,
973 1918 1012 1969 ut
1038 1906 1103 1990 jam
1136 1903 1215 1970 satis
1246 1901 1549 1968 demonstravimus.

377 2014 462 2078 Cum
495 2013 638 2096 denique
664 2014 720 2099 jus
751 2034 848 2081 suum
881 2014 1011 2081 auferre
1040 2015 1139 2081 alicui
1168 2015 1253 2097 Papa
1275 2013 1407 2079 minime
1429 2010 1549 2096 possit,

377 2124 542 2206 quaeerit
563 2123 640 2190 facti
661 2124 758 2191 istius
778 2124 946 2206 defensio,
972 2126 1001 2193 si
1025 2142 1074 2193 tot
1094 2127 1237 2209 populos
1260 2126 1485 2190 immerentes.
1502 2122 1549 2187 in·

376 2236 568 2316 demnatos,
600 2235 756 2302 innoxios
786 2237 828 2303 ab
860 2259 899 2305 eo
927 2241 1024 2323 jure,
1056 2238 1148 2319 quod
1176 2238 1216 2303 ad
1247 2236 1336 2320 ipsos
1358 2255 1425 2302 non
1447 2234 1549 2300 ninus

377 2367 473 2430 quam
503 2347 544 2411 ad
571 2347 738 2430 Hispanos
768 2349 975 2431 pertinebat,
1000 2368 1066 2415 uno
1100 2350 1202 2416 verbo
1222 2348 1331 2413 voluit
1354 2343 1548 2413 excludere?

378 2460 449 2524 Aut
479 2458 580 2545 igitur
610 2459 785 2526 dicendum
812 2476 885 2540 est,
908 2462 1030 2525 nullam
1051 2478 1120 2525 esse
1140 2459 1208 2525 vim
1227 2458 1388 2542 ejusmodi
1408 2475 1549 2540 pronun·

375 2569 523 2637 tiationis
553 2584 632 2652 aut,
658 2572 749 2653 quod
779 2591 844 2636 non
876 2570 985 2636 minus
1009 2570 1164 2636 credibile
1186 2584 1258 2650 est,
1282 2589 1356 2634 eum
1382 2566 1550 2635 Pontificis

376 2681 519 2747 animum
551 2680 678 2763 fuisse,
712 2698 751 2747 ut
780 2682 1042 2747 Castellanorum
1075 2695 1108 2746 ct
1139 2680 1373 2747 Lusitanorum
1407 2679 1490 2745 inter
1516 2697 1549 2742 se

376 2792 544 2858 certamini
574 2794 788 2860 intercessum
811 2793 979 2875 voluerit,
1003 2792 1141 2859 aliorum
1171 2806 1278 2857 autem
1305 2791 1372 2875 juri
1394 2790 1475 2857 nihil
1496 2790 1551 2855 de-

375 2904 552 2971 minutum.

419 3015 582 3081 Ultimum
605 3014 789 3097 iniquitatis
809 3013 1027 3097 patrocinium
1050 3014 1083 3078 in
1100 3013 1357 3098 praescriptione
1378 3014 1460 3080 solet
1482 3030 1550 3077 esse

375 3141 432 3193 aut
454 3126 702 3193 consuetudine.
747 3124 795 3193 Et
824 3126 890 3191 lruc
922 3125 1022 3210 igitur
1043 3125 1198 3192 Lusitani
1220 3146 1256 3191 se
1279 3123 1470 3191 conferunt:
1494 3124 1552 3189 sed

375 3251 552 3319 utrumque
582 3237 648 3302 illis
679 3236 878 3320 praesidium
911 3236 1091 3303 certissima
1121 3237 1206 3321 iuris
1242 3236 1325 3302 ratio
1360 3233 1549 3318 praecludit.

376 3348 463 3413 Nam
492 3348 705 3431 praescriptio
728 3349 840 3432 aiore
870 3362 920 3415 est
948 3347 1064 3430 civili,
1090 3347 1176 3413 uude
1202 3351 1311 3413 locum
1336 3346 1453 3411 habere
1485 3364 1549 3409 non

375 3473 485 3542 potest
513 3458 598 3524 inter
628 3477 720 3543 reges
751 3473 810 3525 aut
840 3458 926 3525 inter
951 3461 1093 3543 populos
1115 3459 1236 3525 liberos
1257 3455 1290 3522 ²:
1314 3459 1416 3523 multo
1441 3471 1548 3521 autem

374 3569 483 3635 minus
509 3569 566 3634 ubi
592 3571 647 3653 jus
673 3584 809 3635 naturae
832 3584 890 3635 aut
913 3570 1059 3653 gentium
1081 3569 1228 3651 resistit,
1253 3569 1345 3652 quod
1361 3571 1434 3653 jure
1458 3566 1549 3633 civili

374 3701 502 3765 semper
528 3681 670 3748 validius
692 3696 751 3748 est.
797 3680 889 3768 Quin
913 3681 1036 3764 etipsa
1059 3684 1111 3745 lex
1132 3680 1241 3747 civilis
1263 3679 1548 3763 praescriptionem

375 3796 429 3861 hic
459 3794 596 3877 impedit
623 3801 645 3859 ³.
690 3791 839 3875 Usucapi
861 3792 947 3857 enim
968 3806 1025 3858 aut
1048 3793 1305 3877 praescriptione
1327 3790 1452 3872 acquiri
1476 3810 1550 3871 pro-

373 3906 552 3986 hibentur,
585 3924 669 3987 quae
700 3904 733 3968 in
757 3903 853 3970 bonis
881 3922 951 3969 esse
983 3922 1049 3969 non
1082 3920 1223 3988 possunt
1253 3901 1284 3967 ⁴:
1321 3902 1437 3968 deinde
1467 3919 1548 3982 quae

377 4144 563 4159 h*-

407 4298 495 4347 ¹Silv.
520 4297 546 4345 in
570 4312 597 4345 v.
621 4299 694 4358 Papa.
719 4297 803 4345 n.16.
839 4294 944 4356 ¹Vasq.
964 4310 986 4345 c.
1006 4310 1045 4353 51.
1080 4297 1211 4345 ⁸Donell.
1229 4301 1246 4346 l.
1266 4310 1288 4354 5.
1307 4301 1407 4347 Comm.
1425 4312 1448 4345 c.
1467 4311 1507 4345 aa.
1524 4308 1548 4343 er

372 4402 426 4448 seq.
459 4387 471 4420 ⁴
496 4392 512 4436 l.
537 4392 582 4437 sed
607 4391 704 4438 Celsus.
729 4390 755 4435 n.
778 4390 810 4437 de
835 4400 905 4435 cont.
932 4400 991 4436 emt.
1011 4388 1054 4450 [D.
1076 4393 1113 4436 18.
1135 4404 1155 4437 1.
1172 4388 1210 4453 §.J
1231 4393 1247 4438 1.
1266 4390 1457 4450 usucapionem.
1475 4388 1499 4435 ff.
1518 4388 1549 4435 de

373 4493 475 4540 usucap.
502 4479 546 4542 [D-
568 4492 609 4540 41·
635 4494 657 4536 a·
681 4480 717 4541 n]
