3450 5434
490 661 537 706 DE
560 661 654 725 JURE
680 661 867 708 annuunt..
892 661 971 708 CAP.
997 661 1072 707 xlv.
1303 661 1362 723 301

192 816 310 882 virtuti
344 830 526 900 repugnat,
568 835 629 881 seu
663 815 740 898 quia
775 815 815 880 de
846 815 976 900 justitia
1011 830 1098 880 recte
1126 834 1143 879 a
1168 814 1365 880 veteribus¹

193 928 316 993 dictum
341 927 446 992 estin
471 948 507 993 ea
529 927 672 993 virtutes
694 943 839 993 caeteras
863 925 1110 1009 comprehendi.
1156 925 1282 991 Verum
1304 927 1366 992 hoc

194 1038 326 1121 quidem
359 1038 448 1121 apud
479 1037 629 1104 homines
660 1039 827 1104 communi
859 1057 958 1103 sensu
988 1051 1118 1102 utentes
1140 1037 1367 1119 probationem

193 1152 315 1217 nullam
339 1149 501 1232 requirit,
524 1170 600 1215 cunr
611 1151 677 1234 jam
690 1151 769 1215 olim
782 1149 870 1233 apud
882 1149 1048 1214 Platonem
1062 1150 1166 1231 'puer
1179 1148 1367 1216 Alcibiades

194 1282 211 1327 a
247 1262 381 1326 Socrate
414 1281 472 1344 per
505 1263 669 1327 naturales
703 1261 882 1327 instinctus
916 1260 958 1326 ad
991 1259 1231 1327 confessionem
1266 1261 1367 1344 hujus
1431 1341 1434 1348 ι

195 1372 419 1438 conclusionis
451 1373 612 1439 adductus
646 1372 712 1453 sit,
747 1393 802 1438 eos
835 1372 893 1454 qui
922 1373 1009 1456 justa
1038 1371 1162 1437 faciunt
1185 1371 1367 1438 necessario

196 1483 290 1549 etiam
324 1485 463 1550 honesta
494 1483 618 1562 facere,
653 1484 806 1566 idemque
830 1483 975 1549 omnium
999 1483 1183 1549 mortalium
1207 1502 1367 1549 consensu

196 1610 350 1662 testatum
362 1595 846 1678 philosophi'perscripserint
871 1594 974 1681 Quod
985 1609 1023 1660 ut
1033 1595 1136 1678 probe
1148 1594 1368 1679 intelligatur,

196 1706 366 1771 sciendum
390 1721 440 1771 est
460 1707 586 1791 J'ustum
610 1725 672 1771 nos
694 1725 760 1772 non
781 1707 865 1772 illud
884 1706 1012 1786 dicere,
1037 1708 1129 1788 quod
1146 1707 1259 1788 aliquo
1279 1705 1370 1772 civili

195 1817 268 1901 jure
291 1816 514 1899 permittitur,
533 1833 590 1884 aut
607 1817 743 1901 potius,
768 1818 824 1882 cui
844 1819 933 1901 leges
943 1813 1163 1884 connivent':
1182 1817 1273 1900 quod
1284 1817 1367 1882 enim

197 1928 244 1994 sic
267 1927 400 2010 impune
424 1927 530 1994 fertur
550 1945 650 2012 atque
663 1929 744 1994 adeo
757 1928 856 1995 licere
870 1929 1012 2008 dicitur,
1037 1949 1110 1994 cum
1123 1949 1234 1994 revera
1243 1930 1369 2014 justum

196 2040 340 2120 nonsit,
364 2060 404 2106 ne
417 2041 591 2106 honesturn
610 2041 743 2124 quidem
757 2055 829 2121 est,
853 2055 892 2106 ut
901 2040 1369 2125 jurisconsulti⁵praedicant:

198 2152 255 2217 sed
278 2151 318 2218 de
341 2171 380 2218 eo
404 2171 465 2218 nos
487 2153 599 2235 loqui,
624 2153 716 2235 quod
732 2151 929 2218 immutabili
951 2154 1023 2236 lege
1047 2168 1181 2218 naturae
1204 2152 1369 2217 decretum

198 2279 297 2346 atque
328 2263 544 2330 constitutum
577 2280 638 2331 est.
685 2264 724 2331 Id
755 2265 841 2330 enim
874 2264 1048 2330 honestum
1081 2279 1130 2329 est
1164 2263 1370 2344 necessario,

126 2448 136 2470 .
198 2375 278 2441 adeo
311 2375 443 2457 quidem
477 2390 515 2440 ut
548 2375 651 2441 Stoici
685 2390 717 2440 et
747 2376 898 2458 plerique
932 2376 1206 2458 philosophorum
1241 2375 1370 2440 honesti

196 2485 338 2569 speciem
370 2485 551 2551 notabilius
574 2505 609 2552 se
633 2486 813 2569 exprimere
845 2486 935 2552 haud
967 2506 1065 2570 posse
1089 2486 1370 2566 existimaverint,

198 2618 296 2680 quam
320 2597 348 2663 si
361 2597 394 2663 in
407 2618 446 2663 eo
459 2598 639 2665 consistere
652 2597 818 2678 dicerent,
844 2597 936 2679 quod
948 2618 965 2663 a
977 2613 1093 2663 natura
1105 2597 1338 2680 praescribitur
1347 2598 1370 2663 ⁶.

197 2710 295 2775 Unde
327 2724 360 2774 et
390 2725 540 2776 auctores
571 2709 720 2792 plerique
755 2709 885 2776 honesti
917 2709 1050 2774 nomine
1079 2711 1134 2793 jus
1168 2729 1235 2774 non
1259 2709 1371 2789 aliud,

198 2841 295 2902 quarn
319 2821 404 2885 illud
426 2821 572 2887 omnium
596 2839 769 2887 commune
793 2819 1004 2908 intelligunt:
1026 2840 1093 2901 quo
1116 2821 1259 2904 pertinet
1282 2819 1373 2904 quod

197 2953 215 2997 a
238 2931 630 3015 sapientibus⁷traditum
654 2947 725 3012 est,
750 2953 819 2998 eam
843 2951 913 2997 esse
935 2931 1003 2998 vim
1023 2932 1176 3014 honesti,
1202 2947 1239 2997 ut
1255 2946 1372 3015 sponte

199 3063 235 3109 ac
258 3064 315 3125 per
337 3063 372 3108 se
396 3059 429 3108 et
452 3043 546 3125 quasi
568 3044 760 3110 naturaliter
784 3058 964 3127 expetatur.
989 3043 1100 3130 Quare
1112 3064 1187 3109 cunr
1199 3045 1371 3126 probatum

200 3155 243 3221 sit
272 3155 327 3239 jus
360 3169 397 3220 ut
417 3154 517 3234 belli,
540 3154 584 3221 ita
612 3156 749 3237 praedae
773 3175 813 3221 ex
836 3155 977 3221 naturali
1001 3155 1159 3222 instinctu
1183 3155 1372 3238 proficisci,

200 3265 259 3348 qui
289 3267 397 3332 Deum
432 3266 538 3349 ipsum
570 3267 689 3333 habeat
721 3282 911 3355 auctorem,
940 3265 1084 3350 factique
1107 3267 1204 3335 istius
1225 3267 1372 3349 aequitas

200 3399 239 3444 ex
264 3378 349 3463 juris
380 3393 515 3444 naturae
550 3378 764 3463 gentiumque
798 3378 971 3464 principiis
1006 3382 1191 3460 elucescat,
1225 3378 1373 3462 profecto

199 3491 296 3574 cujus
326 3509 523 3571 quemquam
555 3490 678 3573 pudere
710 3491 826 3556 debeat
867 3491 950 3557 nibil
982 3491 1035 3557 bic
1066 3491 1243 3559 invenitur.
1298 3491 1372 3575 Ego
1386 3519 1507 3564 arone...

199 3622 278 3666 vero
299 3619 366 3666 non
386 3601 485 3666 modo
504 3621 571 3668 non
592 3601 822 3684 inhonestam,
843 3603 902 3668 sed
922 3619 954 3668 et
972 3622 1177 3686 summopere
1198 3603 1370 3689 gloriosam
1385 3572 1419 3620 Η·

200 3732 271 3779 esse
294 3712 388 3778 istam
411 3733 518 3780 rerum
539 3713 712 3792 hostilium
741 3729 773 3781 et
797 3731 962 3798 capturam
983 3729 1014 3778 et
1032 3715 1273 3797 possessionem
1297 3735 1371 3780 cum

200 3825 322 3906 quovis
344 3825 548 3892 contendam.
573 3825 661 3892 Nam
685 3825 744 3909 qui
767 3827 807 3892 de
831 3828 971 3918 honesto
984 3826 1116 3910 proprie
1127 3827 1370 3909 scripserunt⁸,

234 4063 243 4095 ¹
262 4064 340 4113 Arist.
366 4064 397 4112 de
420 4064 512 4112 morib.
537 4064 583 4112 lib.
608 4077 632 4120 s.
647 4078 671 4113 c.
694 4077 717 4121 3·
735 4078 767 4113 ex
783 4065 865 4113 veteri
884 4076 970 4125 poeta.
989 4063 1026 4128 [p.
1046 4077 1117 4127 1129.
1134 4065 1159 4113 b.
1174 4079 1212 4114 vs.
1228 4065 1281 4128 πᾳ]
1317 4061 1371 4114 ’in

201 4154 259 4202 dial.
278 4155 422 4204 Alcibiade.
455 4153 466 4186 ⁸
484 4155 563 4203 Arist.
581 4157 657 4204 Rbet.
675 4156 700 4204 d.
718 4159 787 4205 loco.
807 4155 845 4219 [p.
868 4156 940 4213 13⁶7·
959 4169 980 4204 a.
999 4169 1038 4205 vs.
1059 4156 1111 4218 19.]
1146 4155 1158 4188 ⁴
1176 4156 1232 4204 Cic.
1241 4157 1317 4206 Tusc.
1326 4157 1372 4204 lib.

201 4257 224 4300 5.
258 4245 269 4276 ⁸
286 4249 305 4294 l.
323 4259 375 4295 non
392 4259 467 4295 omne
482 4249 554 4307 quod
569 4247 640 4296 licet.
657 4246 683 4295 ff.
701 4249 733 4296 de
751 4250 783 4296 R.
800 4250 821 4295 l.
840 4248 884 4308 [D.
902 4259 942 4303 50.
958 4259 996 4304 17.
1016 4247 1084 4308 144]
1104 4247 1160 4296 Cic.
1173 4261 1221 4308 pro
1237 4249 1265 4296 L.
1275 4249 1371 4296 Corne-

200 4336 237 4384 lio
256 4336 344 4385 Balbo.
377 4336 463 4386 ‘Cio
486 4338 567 4386 Acad.
590 4339 636 4386 lib.
661 4351 682 4386 1.
708 4351 733 4387 et
753 4339 785 4387 de
808 4341 872 4399 legg.
893 4338 938 4386 lib.
966 4351 988 4386 1.
1007 4337 1042 4402 [c.
1058 4338 1113 4402 46.]
1133 4353 1157 4388 et
1176 4341 1208 4388 de
1225 4339 1267 4388 off.
1283 4340 1330 4388 lib.
1352 4353 1372 4388 r.

202 4427 239 4489 [c.
262 4428 313 4489 14]
349 4426 456 4477 ⁷Arist.
470 4430 547 4476 Rhet.
570 4431 595 4478 d.
609 4431 677 4478 loco.
700 4430 737 4492 [p.
755 4431 827 4486 13⁶6.
847 4444 870 4477 a.
886 4443 924 4479 vs.
944 4429 997 4491 ³4]
1017 4430 1075 4479 Cic.
1090 4431 1121 4479 de
1142 4427 1213 4480 finib.
1229 4431 1274 4479 lib.
1293 4443 1317 4488 3.
1337 4431 1373 4495 [c.

204 4531 242 4567 11.
262 4521 283 4576 5.
302 4519 353 4582 36]
390 4519 402 4551 ⁸
419 4519 501 4569 Arist.
517 4522 541 4569 d.
557 4522 626 4571 loco.
644 4519 683 4583 [p.
702 4522 773 4579 13⁶6.
789 4522 814 4570 b.
832 4535 870 4571 vs.
887 4519 922 4584 ³·]

855 4764 864 4792 'l
