<?xml version="1.0" encoding="UTF-8"?>
<!DOCTYPE html PUBLIC "-//W3C//DTD XHTML 1.0 Transitional//EN"
    "http://www.w3.org/TR/xhtml1/DTD/xhtml1-transitional.dtd">
<html xmlns="http://www.w3.org/1999/xhtml" xml:lang="en" lang="en">
 <head>
  <title>
</title>
<meta http-equiv="Content-Type" content="text/html;charset=utf-8" />
  <meta name='ocr-system' content='tesseract 3.04.00' />
  <meta name='ocr-capabilities' content='ocr_page ocr_carea ocr_par ocr_line ocrx_word'/>
</head>
<body>
  <div class='ocr_page' id='page_1' title='image "./ledroitdeprised02hamagoog_0229.png"; bbox 0 0 3450 5434; ppageno 0'>
   <div class='ocr_carea' id='block_1_1' title="bbox 490 668 1368 740">
    <p class='ocr_par' dir='ltr' id='par_1_1' title="bbox 490 668 1368 740">
     <span class='ocr_line' id='line_1_1' title="bbox 490 668 1368 740; baseline 0.006 -26"><span class='ocrx_word' id='word_1_1' title='bbox 490 668 537 714; x_wconf 86' lang='lat' dir='ltr'>DE</span> <span class='ocrx_word' id='word_1_2' title='bbox 560 670 654 738; x_wconf 76' lang='lat' dir='ltr'>Junss</span> <span class='ocrx_word' id='word_1_3' title='bbox 681 669 863 717; x_wconf 75' lang='lat' dir='ltr'>PRAEDAE.</span> <span class='ocrx_word' id='word_1_4' title='bbox 889 672 968 718; x_wconf 82' lang='lat' dir='ltr'>CAP.</span> <span class='ocrx_word' id='word_1_5' title='bbox 995 672 1060 721; x_wconf 87' lang='lat' dir='ltr'>xll.</span> <span class='ocrx_word' id='word_1_6' title='bbox 1306 674 1368 740; x_wconf 78' lang='lat'>207</span> 
     </span>
    </p>
   </div>
   <div class='ocr_carea' id='block_1_2' title="bbox 191 822 1373 3911">
    <p class='ocr_par' dir='ltr' id='par_1_2' title="bbox 191 822 1373 3911">
     <span class='ocr_line' id='line_1_2' title="bbox 193 822 1368 910; baseline 0.005 -22"><span class='ocrx_word' id='word_1_7' title='bbox 193 822 321 889; x_wconf 89' lang='lat' dir='ltr'>tellanis</span> <span class='ocrx_word' id='word_1_8' title='bbox 351 822 511 889; x_wconf 85' lang='lat' dir='ltr'>etiamin</span> <span class='ocrx_word' id='word_1_9' title='bbox 541 824 754 893; x_wconf 84' lang='lat' dir='ltr'>Americanos</span> <span class='ocrx_word' id='word_1_10' title='bbox 784 827 843 892; x_wconf 87' lang='lat' dir='ltr'>has</span> <span class='ocrx_word' id='word_1_11' title='bbox 866 826 970 910; x_wconf 88' lang='lat' dir='ltr'>justas</span> <span class='ocrx_word' id='word_1_12' title='bbox 989 824 1136 908; x_wconf 90' lang='lat' dir='ltr'>potuisse</span> <span class='ocrx_word' id='word_1_13' title='bbox 1156 825 1233 891; x_wconf 91' lang='lat' dir='ltr'>belli</span> <span class='ocrx_word' id='word_1_14' title='bbox 1255 846 1368 894; x_wconf 85' lang='lat' dir='ltr'><strong>causas</strong></span> 
     </span>
     <span class='ocr_line' id='line_1_3' title="bbox 193 934 1368 1021; baseline 0.003 -22"><span class='ocrx_word' id='word_1_15' title='bbox 193 953 264 1000; x_wconf 88' lang='lat' dir='ltr'>esse</span> <span class='ocrx_word' id='word_1_16' title='bbox 297 951 331 1001; x_wconf 89' lang='lat' dir='ltr'>et</span> <span class='ocrx_word' id='word_1_17' title='bbox 357 935 493 1001; x_wconf 86' lang='lat' dir='ltr'>caeteris</span> <span class='ocrx_word' id='word_1_18' title='bbox 512 935 751 1018; x_wconf 83' lang='lat' dir='ltr'>probabiliores</span> <span class='ocrx_word' id='word_1_19' title='bbox 779 934 929 1002; x_wconf 85' lang='lat' dir='ltr'>Victoria</span> <span class='ocrx_word' id='word_1_20' title='bbox 952 943 959 975; x_wconf 89' lang='lat'><strong>¹</strong></span> <span class='ocrx_word' id='word_1_21' title='bbox 982 950 1099 1018; x_wconf 92' lang='lat' dir='ltr'>putat,</span> <span class='ocrx_word' id='word_1_22' title='bbox 1122 936 1150 1001; x_wconf 93' lang='lat' dir='ltr'>si</span> <span class='ocrx_word' id='word_1_23' title='bbox 1171 937 1368 1021; x_wconf 89' lang='lat' dir='ltr'>peregrinari</span> 
     </span>
     <span class='ocr_line' id='line_1_4' title="bbox 194 1045 1369 1132; baseline 0.003 -22"><span class='ocrx_word' id='word_1_24' title='bbox 194 1045 368 1131; x_wconf 80' lang='lat' dir='ltr'>etdegere</span> <span class='ocrx_word' id='word_1_25' title='bbox 388 1046 476 1129; x_wconf 86' lang='lat' dir='ltr'>apud</span> <span class='ocrx_word' id='word_1_26' title='bbox 496 1046 572 1111; x_wconf 91' lang='lat' dir='ltr'>illos</span> <span class='ocrx_word' id='word_1_27' title='bbox 595 1047 871 1128; x_wconf 90' lang='lat' dir='ltr'>prohiberentur,</span> <span class='ocrx_word' id='word_1_28' title='bbox 896 1047 923 1113; x_wconf 94' lang='lat' dir='ltr'>si</span> <span class='ocrx_word' id='word_1_29' title='bbox 949 1062 1135 1114; x_wconf 84' lang='lat' dir='ltr'>arcerentur</span> <span class='ocrx_word' id='word_1_30' title='bbox 1157 1068 1174 1113; x_wconf 92' lang='lat' dir='ltr'>a</span> <span class='ocrx_word' id='word_1_31' title='bbox 1195 1048 1369 1132; x_wconf 85' lang='lat' dir='ltr'>participa-</span> 
     </span>
     <span class='ocr_line' id='line_1_5' title="bbox 191 1157 1370 1243; baseline 0.003 -22"><span class='ocrx_word' id='word_1_32' title='bbox 191 1157 283 1222; x_wconf 88' lang='lat' dir='ltr'>tione</span> <span class='ocrx_word' id='word_1_33' title='bbox 312 1176 422 1221; x_wconf 88' lang='lat' dir='ltr'>earum</span> <span class='ocrx_word' id='word_1_34' title='bbox 448 1176 579 1237; x_wconf 88' lang='lat' dir='ltr'>rerum,</span> <span class='ocrx_word' id='word_1_35' title='bbox 602 1176 687 1238; x_wconf 88' lang='lat' dir='ltr'>quae</span> <span class='ocrx_word' id='word_1_36' title='bbox 706 1158 779 1242; x_wconf 82' lang='lat' dir='ltr'>jure</span> <span class='ocrx_word' id='word_1_37' title='bbox 802 1159 947 1243; x_wconf 91' lang='lat' dir='ltr'>gentium</span> <span class='ocrx_word' id='word_1_38' title='bbox 972 1172 1029 1224; x_wconf 87' lang='lat' dir='ltr'>aut</span> <span class='ocrx_word' id='word_1_39' title='bbox 1049 1159 1195 1225; x_wconf 92' lang='lat' dir='ltr'>moribus</span> <span class='ocrx_word' id='word_1_40' title='bbox 1223 1179 1370 1226; x_wconf 90' lang='lat' dir='ltr'>commu·</span> 
     </span>
     <span class='ocr_line' id='line_1_6' title="bbox 193 1267 1369 1349; baseline 0.005 -18"><span class='ocrx_word' id='word_1_41' title='bbox 193 1267 247 1331; x_wconf 91' lang='lat' dir='ltr'>nia</span> <span class='ocrx_word' id='word_1_42' title='bbox 275 1283 374 1347; x_wconf 86' lang='lat' dir='ltr'>sunt,</span> <span class='ocrx_word' id='word_1_43' title='bbox 397 1268 425 1335; x_wconf 94' lang='lat' dir='ltr'>si</span> <span class='ocrx_word' id='word_1_44' title='bbox 456 1267 601 1349; x_wconf 92' lang='lat' dir='ltr'>denique</span> <span class='ocrx_word' id='word_1_45' title='bbox 623 1267 664 1333; x_wconf 91' lang='lat' dir='ltr'>ad</span> <span class='ocrx_word' id='word_1_46' title='bbox 695 1269 887 1335; x_wconf 88' lang='lat' dir='ltr'>commercia</span> <span class='ocrx_word' id='word_1_47' title='bbox 910 1289 976 1336; x_wconf 91' lang='lat' dir='ltr'>non</span> <span class='ocrx_word' id='word_1_48' title='bbox 998 1268 1256 1335; x_wconf 86' lang='lat' dir='ltr'>admitterentur.</span> <span class='ocrx_word' id='word_1_49' title='bbox 1301 1271 1369 1337; x_wconf 93' lang='lat' dir='ltr'>Cui</span> 
     </span>
     <span class='ocr_line' id='line_1_7' title="bbox 192 1377 1369 1465; baseline 0.003 -21"><span class='ocrx_word' id='word_1_50' title='bbox 192 1377 298 1444; x_wconf 89' lang='lat' dir='ltr'>simile</span> <span class='ocrx_word' id='word_1_51' title='bbox 316 1394 388 1461; x_wconf 91' lang='lat' dir='ltr'>est,</span> <span class='ocrx_word' id='word_1_52' title='bbox 401 1378 493 1460; x_wconf 94' lang='lat' dir='ltr'>quod</span> <span class='ocrx_word' id='word_1_53' title='bbox 512 1378 546 1444; x_wconf 92' lang='lat' dir='ltr'>in</span> <span class='ocrx_word' id='word_1_54' title='bbox 567 1377 701 1446; x_wconf 86' lang='lat' dir='ltr'>Mosis¹</span> <span class='ocrx_word' id='word_1_55' title='bbox 715 1379 853 1447; x_wconf 90' lang='lat' dir='ltr'>historia</span> <span class='ocrx_word' id='word_1_56' title='bbox 873 1396 907 1447; x_wconf 91' lang='lat' dir='ltr'>et</span> <span class='ocrx_word' id='word_1_57' title='bbox 924 1380 1000 1447; x_wconf 91' lang='lat' dir='ltr'>inde</span> <span class='ocrx_word' id='word_1_58' title='bbox 1019 1380 1106 1465; x_wconf 92' lang='lat' dir='ltr'>apud</span> <span class='ocrx_word' id='word_1_59' title='bbox 1118 1380 1369 1465; x_wconf 81' lang='lat' dir='ltr'>Augustinum³</span> 
     </span>
     <span class='ocr_line' id='line_1_8' title="bbox 193 1488 1369 1575; baseline 0.004 -23"><span class='ocrx_word' id='word_1_60' title='bbox 193 1488 352 1573; x_wconf 88' lang='lat' dir='ltr'>legimus,</span> <span class='ocrx_word' id='word_1_61' title='bbox 366 1491 457 1575; x_wconf 88' lang='lat' dir='ltr'>justa</span> <span class='ocrx_word' id='word_1_62' title='bbox 477 1490 561 1556; x_wconf 89' lang='lat' dir='ltr'>bella</span> <span class='ocrx_word' id='word_1_63' title='bbox 581 1490 742 1557; x_wconf 89' lang='lat' dir='ltr'>Israelitas</span> <span class='ocrx_word' id='word_1_64' title='bbox 763 1506 876 1557; x_wconf 90' lang='lat' dir='ltr'>contra</span> <span class='ocrx_word' id='word_1_65' title='bbox 892 1490 1089 1557; x_wconf 81' lang='lat' dir='ltr'>Amorraeus</span> <span class='ocrx_word' id='word_1_66' title='bbox 1108 1491 1269 1575; x_wconf 81' lang='lat' dir='ltr'>gessisse,</span> <span class='ocrx_word' id='word_1_67' title='bbox 1292 1491 1369 1574; x_wconf 90' lang='lat' dir='ltr'>quia</span> 
     </span>
     <span class='ocr_line' id='line_1_9' title="bbox 192 1598 1369 1686; baseline 0.003 -22"><span class='ocrx_word' id='word_1_68' title='bbox 192 1598 351 1665; x_wconf 85' lang='lat' dir='ltr'>innoxius</span> <span class='ocrx_word' id='word_1_69' title='bbox 379 1600 535 1668; x_wconf 86' lang='lat' dir='ltr'>transitus</span> <span class='ocrx_word' id='word_1_70' title='bbox 559 1603 803 1686; x_wconf 84' lang='lat' dir='ltr'>denegabatur,</span> <span class='ocrx_word' id='word_1_71' title='bbox 828 1602 887 1684; x_wconf 91' lang='lat' dir='ltr'>qui</span> <span class='ocrx_word' id='word_1_72' title='bbox 909 1602 983 1686; x_wconf 87' lang='lat' dir='ltr'>jure</span> <span class='ocrx_word' id='word_1_73' title='bbox 1011 1603 1171 1669; x_wconf 85' lang='lat' dir='ltr'>humanae</span> <span class='ocrx_word' id='word_1_74' title='bbox 1203 1601 1369 1669; x_wconf 89' lang='lat' dir='ltr'>societatis</span> 
     </span>
     <span class='ocr_line' id='line_1_10' title="bbox 193 1711 1370 1795; baseline 0.001 -18"><span class='ocrx_word' id='word_1_75' title='bbox 193 1711 392 1793; x_wconf 87' lang='lat' dir='ltr'>aequissimo</span> <span class='ocrx_word' id='word_1_76' title='bbox 419 1726 530 1795; x_wconf 86' lang='lat' dir='ltr'>patere</span> <span class='ocrx_word' id='word_1_77' title='bbox 552 1712 703 1780; x_wconf 86' lang='lat' dir='ltr'>debebat.</span> <span class='ocrx_word' id='word_1_78' title='bbox 749 1712 795 1779; x_wconf 90' lang='lat' dir='ltr'>Et</span> <span class='ocrx_word' id='word_1_79' title='bbox 816 1714 880 1779; x_wconf 93' lang='lat' dir='ltr'>hoc</span> <span class='ocrx_word' id='word_1_80' title='bbox 902 1712 1035 1780; x_wconf 88' lang='lat' dir='ltr'>nomine</span> <span class='ocrx_word' id='word_1_81' title='bbox 1058 1712 1220 1780; x_wconf 87' lang='lat' dir='ltr'>Hercules</span> <span class='ocrx_word' id='word_1_82' title='bbox 1241 1713 1370 1779; x_wconf 78' lang='lat' dir='ltr'>Orcho</span> 
     </span>
     <span class='ocr_line' id='line_1_11' title="bbox 193 1821 1371 1911; baseline 0.003 -24"><span class='ocrx_word' id='word_1_83' title='bbox 193 1822 375 1888; x_wconf 81' lang='lat' dir='ltr'>mertiorum</span> <span class='ocrx_word' id='word_1_84' title='bbox 396 1821 431 1902; x_wconf 71' lang='lat'>&#39;‚</span> <span class='ocrx_word' id='word_1_85' title='bbox 455 1822 574 1889; x_wconf 90' lang='lat' dir='ltr'>Graeci</span> <span class='ocrx_word' id='word_1_86' title='bbox 604 1824 667 1889; x_wconf 92' lang='lat' dir='ltr'>sub</span> <span class='ocrx_word' id='word_1_87' title='bbox 697 1826 946 1909; x_wconf 79' lang='lat' dir='ltr'>Agamemnone</span> <span class='ocrx_word' id='word_1_88' title='bbox 978 1824 1150 1908; x_wconf 77' lang='lat' dir='ltr'>Mysorum</span> <span class='ocrx_word' id='word_1_89' title='bbox 1184 1824 1252 1911; x_wconf 91' lang='lat' dir='ltr'>regi</span> <span class='ocrx_word' id='word_1_90' title='bbox 1284 1845 1371 1891; x_wconf 85' lang='lat' dir='ltr'>arma</span> 
     </span>
     <span class='ocr_line' id='line_1_12' title="bbox 193 1933 1369 2016; baseline 0.004 -19"><span class='ocrx_word' id='word_1_91' title='bbox 193 1933 396 1999; x_wconf 85' lang='lat' dir='ltr'>intulerunt:</span> <span class='ocrx_word' id='word_1_92' title='bbox 420 1933 515 2016; x_wconf 90' lang='lat' dir='ltr'>quasi</span> <span class='ocrx_word' id='word_1_93' title='bbox 537 1934 640 2001; x_wconf 90' lang='lat' dir='ltr'>libera</span> <span class='ocrx_word' id='word_1_94' title='bbox 662 1950 773 2002; x_wconf 88' lang='lat' dir='ltr'>essent</span> <span class='ocrx_word' id='word_1_95' title='bbox 794 1936 987 2002; x_wconf 86' lang='lat' dir='ltr'>naturaliter</span> <span class='ocrx_word' id='word_1_96' title='bbox 1006 1934 1142 2015; x_wconf 90' lang='lat' dir='ltr'>itinera,</span> <span class='ocrx_word' id='word_1_97' title='bbox 1165 1950 1204 2001; x_wconf 91' lang='lat' dir='ltr'>ut</span> <span class='ocrx_word' id='word_1_98' title='bbox 1225 1936 1369 2002; x_wconf 77' lang='lat' dir='ltr'>Baldus⁵</span> 
     </span>
     <span class='ocr_line' id='line_1_13' title="bbox 194 2043 1370 2128; baseline 0.001 -18"><span class='ocrx_word' id='word_1_99' title='bbox 194 2044 300 2121; x_wconf 85' lang='lat' dir='ltr'>dixit;</span> <span class='ocrx_word' id='word_1_100' title='bbox 324 2058 585 2127; x_wconf 88' lang='lat' dir='ltr'>accusanturque</span> <span class='ocrx_word' id='word_1_101' title='bbox 608 2045 821 2114; x_wconf 88' lang='lat' dir='ltr'>aGermanis</span> <span class='ocrx_word' id='word_1_102' title='bbox 854 2046 943 2128; x_wconf 92' lang='lat' dir='ltr'>apud</span> <span class='ocrx_word' id='word_1_103' title='bbox 977 2045 1131 2113; x_wconf 90' lang='lat' dir='ltr'>Tacitum</span> <span class='ocrx_word' id='word_1_104' title='bbox 1163 2043 1175 2080; x_wconf 83' lang='lat'>⁸</span> <span class='ocrx_word' id='word_1_105' title='bbox 1203 2046 1370 2127; x_wconf 90' lang='lat' dir='ltr'>Romani,</span> 
     </span>
     <span class='ocr_line' id='line_1_14' title="bbox 194 2155 1370 2241; baseline 0.004 -21"><span class='ocrx_word' id='word_1_106' title='bbox 194 2155 289 2237; x_wconf 91' lang='lat' dir='ltr'>quod</span> <span class='ocrx_word' id='word_1_107' title='bbox 309 2156 476 2237; x_wconf 89' lang='lat' dir='ltr'>colloquia</span> <span class='ocrx_word' id='word_1_108' title='bbox 503 2176 768 2241; x_wconf 79' lang='lat' dir='ltr'>congressusque</span> <span class='ocrx_word' id='word_1_109' title='bbox 800 2158 948 2240; x_wconf 86' lang='lat' dir='ltr'>gentium</span> <span class='ocrx_word' id='word_1_110' title='bbox 977 2172 1145 2240; x_wconf 87' lang='lat' dir='ltr'>arcerent,</span> <span class='ocrx_word' id='word_1_111' title='bbox 1169 2157 1370 2241; x_wconf 89' lang='lat' dir='ltr'>fluminaque</span> 
     </span>
     <span class='ocr_line' id='line_1_15' title="bbox 195 2268 1370 2352; baseline 0.003 -21"><span class='ocrx_word' id='word_1_112' title='bbox 195 2280 229 2332; x_wconf 88' lang='lat' dir='ltr'>et</span> <span class='ocrx_word' id='word_1_113' title='bbox 252 2282 356 2334; x_wconf 90' lang='lat' dir='ltr'>terras</span> <span class='ocrx_word' id='word_1_114' title='bbox 379 2281 413 2333; x_wconf 89' lang='lat' dir='ltr'>et</span> <span class='ocrx_word' id='word_1_115' title='bbox 431 2270 556 2334; x_wconf 89' lang='lat' dir='ltr'>caelum</span> <span class='ocrx_word' id='word_1_116' title='bbox 579 2268 822 2349; x_wconf 84' lang='lat' dir='ltr'>quodammodo</span> <span class='ocrx_word' id='word_1_117' title='bbox 844 2268 952 2352; x_wconf 93' lang='lat' dir='ltr'>ipsum</span> <span class='ocrx_word' id='word_1_118' title='bbox 979 2270 1178 2336; x_wconf 83' lang='lat' dir='ltr'>clauderent.</span> <span class='ocrx_word' id='word_1_119' title='bbox 1224 2269 1299 2336; x_wconf 90' lang='lat' dir='ltr'>Nec</span> <span class='ocrx_word' id='word_1_120' title='bbox 1320 2272 1370 2335; x_wconf 95' lang='lat' dir='ltr'>ul-</span> 
     </span>
     <span class='ocr_line' id='line_1_16' title="bbox 194 2377 1369 2467; baseline 0.003 -25"><span class='ocrx_word' id='word_1_121' title='bbox 194 2380 249 2442; x_wconf 93' lang='lat' dir='ltr'>lus</span> <span class='ocrx_word' id='word_1_122' title='bbox 267 2377 388 2445; x_wconf 88' lang='lat' dir='ltr'>titulus</span> <span class='ocrx_word' id='word_1_123' title='bbox 409 2377 608 2448; x_wconf 83' lang='lat' dir='ltr'>Christianis</span> <span class='ocrx_word' id='word_1_124' title='bbox 629 2380 795 2461; x_wconf 90' lang='lat' dir='ltr'>quondam</span> <span class='ocrx_word' id='word_1_125' title='bbox 816 2380 850 2444; x_wconf 94' lang='lat' dir='ltr'>in</span> <span class='ocrx_word' id='word_1_126' title='bbox 863 2380 1043 2447; x_wconf 88' lang='lat' dir='ltr'>Saracenos</span> <span class='ocrx_word' id='word_1_127' title='bbox 1061 2381 1166 2467; x_wconf 89' lang='lat' dir='ltr'>magis</span> <span class='ocrx_word' id='word_1_128' title='bbox 1187 2380 1313 2467; x_wconf 86' lang='lat' dir='ltr'>placuit</span> <span class='ocrx_word' id='word_1_129' title='bbox 1333 2380 1369 2463; x_wconf 74' lang='lat'>²,</span> 
     </span>
     <span class='ocr_line' id='line_1_17' title="bbox 195 2489 1372 2575; baseline 0.003 -22"><span class='ocrx_word' id='word_1_130' title='bbox 195 2508 295 2570; x_wconf 88' lang='lat' dir='ltr'>quarn</span> <span class='ocrx_word' id='word_1_131' title='bbox 319 2489 410 2571; x_wconf 92' lang='lat' dir='ltr'>quod</span> <span class='ocrx_word' id='word_1_132' title='bbox 430 2510 489 2573; x_wconf 93' lang='lat' dir='ltr'>per</span> <span class='ocrx_word' id='word_1_133' title='bbox 508 2489 585 2557; x_wconf 94' lang='lat' dir='ltr'>illos</span> <span class='ocrx_word' id='word_1_134' title='bbox 605 2504 707 2557; x_wconf 85' lang='lat' dir='ltr'>terrae</span> <span class='ocrx_word' id='word_1_135' title='bbox 726 2490 869 2575; x_wconf 86' lang='lat' dir='ltr'>Judaeae</span> <span class='ocrx_word' id='word_1_136' title='bbox 892 2490 985 2557; x_wconf 92' lang='lat' dir='ltr'>aditu</span> <span class='ocrx_word' id='word_1_137' title='bbox 1007 2506 1205 2557; x_wconf 86' lang='lat' dir='ltr'>arcerentur.</span> <span class='ocrx_word' id='word_1_138' title='bbox 1252 2489 1372 2573; x_wconf 89' lang='lat' dir='ltr'>Sequi-</span> 
     </span>
     <span class='ocr_line' id='line_1_18' title="bbox 195 2599 1369 2682; baseline 0.001 -17"><span class='ocrx_word' id='word_1_139' title='bbox 195 2614 251 2665; x_wconf 89' lang='lat' dir='ltr'>tur</span> <span class='ocrx_word' id='word_1_140' title='bbox 278 2620 318 2665; x_wconf 83' lang='lat' dir='ltr'>ex</span> <span class='ocrx_word' id='word_1_141' title='bbox 345 2601 406 2667; x_wconf 88' lang='lat' dir='ltr'>hac</span> <span class='ocrx_word' id='word_1_142' title='bbox 432 2600 595 2667; x_wconf 89' lang='lat' dir='ltr'>sententia</span> <span class='ocrx_word' id='word_1_143' title='bbox 615 2600 815 2682; x_wconf 88' lang='lat' dir='ltr'>Lusitanos,</span> <span class='ocrx_word' id='word_1_144' title='bbox 840 2599 966 2667; x_wconf 90' lang='lat' dir='ltr'>etiamsi</span> <span class='ocrx_word' id='word_1_145' title='bbox 987 2601 1110 2667; x_wconf 89' lang='lat' dir='ltr'>domini</span> <span class='ocrx_word' id='word_1_146' title='bbox 1132 2616 1241 2669; x_wconf 90' lang='lat' dir='ltr'>essent</span> <span class='ocrx_word' id='word_1_147' title='bbox 1261 2621 1369 2667; x_wconf 87' lang='lat' dir='ltr'>earum</span> 
     </span>
     <span class='ocr_line' id='line_1_19' title="bbox 195 2712 1371 2796; baseline 0.002 -20"><span class='ocrx_word' id='word_1_148' title='bbox 195 2712 390 2795; x_wconf 87' lang='lat' dir='ltr'>regionum,</span> <span class='ocrx_word' id='word_1_149' title='bbox 411 2712 451 2777; x_wconf 87' lang='lat' dir='ltr'>ad</span> <span class='ocrx_word' id='word_1_150' title='bbox 472 2732 554 2794; x_wconf 91' lang='lat' dir='ltr'>quas</span> <span class='ocrx_word' id='word_1_151' title='bbox 570 2712 684 2779; x_wconf 89' lang='lat' dir='ltr'>Batavi</span> <span class='ocrx_word' id='word_1_152' title='bbox 702 2712 980 2796; x_wconf 86' lang='lat' dir='ltr'>proficiscuntur,</span> <span class='ocrx_word' id='word_1_153' title='bbox 1003 2712 1155 2796; x_wconf 77' lang='lat' dir='ltr'>iniuriam</span> <span class='ocrx_word' id='word_1_154' title='bbox 1178 2727 1285 2779; x_wconf 91' lang='lat' dir='ltr'>tamen</span> <span class='ocrx_word' id='word_1_155' title='bbox 1306 2712 1371 2778; x_wconf 89' lang='lat' dir='ltr'>fac-</span> 
     </span>
     <span class='ocr_line' id='line_1_20' title="bbox 196 2822 1370 2911; baseline 0.003 -23"><span class='ocrx_word' id='word_1_156' title='bbox 196 2837 312 2902; x_wconf 90' lang='lat' dir='ltr'>turos,</span> <span class='ocrx_word' id='word_1_157' title='bbox 334 2822 363 2889; x_wconf 91' lang='lat' dir='ltr'>si</span> <span class='ocrx_word' id='word_1_158' title='bbox 386 2823 510 2889; x_wconf 91' lang='lat' dir='ltr'>aditum</span> <span class='ocrx_word' id='word_1_159' title='bbox 534 2823 665 2891; x_wconf 84' lang='lat' dir='ltr'>Batavis</span> <span class='ocrx_word' id='word_1_160' title='bbox 686 2839 719 2890; x_wconf 87' lang='lat' dir='ltr'>et</span> <span class='ocrx_word' id='word_1_161' title='bbox 736 2837 914 2889; x_wconf 90' lang='lat' dir='ltr'>mercatum</span> <span class='ocrx_word' id='word_1_162' title='bbox 932 2823 1190 2907; x_wconf 89' lang='lat' dir='ltr'>praecluderent.</span> <span class='ocrx_word' id='word_1_163' title='bbox 1235 2824 1370 2911; x_wconf 86' lang='lat' dir='ltr'>Quanto</span> 
     </span>
     <span class='ocr_line' id='line_1_21' title="bbox 197 2933 1370 3018; baseline 0.003 -21"><span class='ocrx_word' id='word_1_164' title='bbox 197 2933 301 3018; x_wconf 91' lang='lat' dir='ltr'>igitur</span> <span class='ocrx_word' id='word_1_165' title='bbox 322 2934 471 3017; x_wconf 92' lang='lat' dir='ltr'>iniquius</span> <span class='ocrx_word' id='word_1_166' title='bbox 498 2950 570 3016; x_wconf 88' lang='lat' dir='ltr'>est,</span> <span class='ocrx_word' id='word_1_167' title='bbox 590 2938 743 3003; x_wconf 90' lang='lat' dir='ltr'>volentes</span> <span class='ocrx_word' id='word_1_168' title='bbox 774 2936 904 3018; x_wconf 89' lang='lat' dir='ltr'>aliquos</span> <span class='ocrx_word' id='word_1_169' title='bbox 929 2956 947 3002; x_wconf 87' lang='lat' dir='ltr'>a</span> <span class='ocrx_word' id='word_1_170' title='bbox 967 2934 1149 3002; x_wconf 87' lang='lat' dir='ltr'>volentium</span> <span class='ocrx_word' id='word_1_171' title='bbox 1172 2936 1370 3018; x_wconf 88' lang='lat' dir='ltr'>populorum</span> 
     </span>
     <span class='ocr_line' id='line_1_22' title="bbox 195 3044 1370 3133; baseline 0 -23"><span class='ocrx_word' id='word_1_172' title='bbox 195 3044 391 3133; x_wconf 87' lang='lat' dir='ltr'>commercio</span> <span class='ocrx_word' id='word_1_173' title='bbox 417 3047 543 3112; x_wconf 88' lang='lat' dir='ltr'>secludi</span> <span class='ocrx_word' id='word_1_174' title='bbox 571 3045 703 3113; x_wconf 92' lang='lat' dir='ltr'>illorum</span> <span class='ocrx_word' id='word_1_175' title='bbox 733 3067 855 3130; x_wconf 85' lang='lat' dir='ltr'>opera,</span> <span class='ocrx_word' id='word_1_176' title='bbox 880 3067 1020 3130; x_wconf 88' lang='lat' dir='ltr'>quorum</span> <span class='ocrx_word' id='word_1_177' title='bbox 1052 3046 1085 3111; x_wconf 93' lang='lat' dir='ltr'>in</span> <span class='ocrx_word' id='word_1_178' title='bbox 1116 3060 1278 3129; x_wconf 86' lang='lat' dir='ltr'>potestate</span> <span class='ocrx_word' id='word_1_179' title='bbox 1309 3065 1370 3111; x_wconf 90' lang='lat' dir='ltr'>nec</span> 
     </span>
     <span class='ocr_line' id='line_1_23' title="bbox 196 3156 1371 3241; baseline 0.002 -21"><span class='ocrx_word' id='word_1_180' title='bbox 196 3156 313 3239; x_wconf 93' lang='lat' dir='ltr'>populi</span> <span class='ocrx_word' id='word_1_181' title='bbox 346 3156 401 3223; x_wconf 93' lang='lat' dir='ltr'>isti</span> <span class='ocrx_word' id='word_1_182' title='bbox 432 3174 531 3240; x_wconf 91' lang='lat' dir='ltr'>sunt,</span> <span class='ocrx_word' id='word_1_183' title='bbox 555 3177 616 3223; x_wconf 90' lang='lat' dir='ltr'>nec</span> <span class='ocrx_word' id='word_1_184' title='bbox 638 3157 724 3224; x_wconf 92' lang='lat' dir='ltr'>illud</span> <span class='ocrx_word' id='word_1_185' title='bbox 743 3157 875 3241; x_wconf 89' lang='lat' dir='ltr'>ipsum,</span> <span class='ocrx_word' id='word_1_186' title='bbox 900 3178 965 3240; x_wconf 91' lang='lat' dir='ltr'>qua</span> <span class='ocrx_word' id='word_1_187' title='bbox 993 3158 1056 3224; x_wconf 89' lang='lat' dir='ltr'>iter</span> <span class='ocrx_word' id='word_1_188' title='bbox 1077 3172 1149 3241; x_wconf 92' lang='lat' dir='ltr'>est,</span> <span class='ocrx_word' id='word_1_189' title='bbox 1173 3157 1306 3241; x_wconf 91' lang='lat' dir='ltr'>quando</span> <span class='ocrx_word' id='word_1_190' title='bbox 1327 3158 1371 3222; x_wconf 90' lang='lat' dir='ltr'>la-</span> 
     </span>
     <span class='ocr_line' id='line_1_24' title="bbox 197 3268 1371 3356; baseline 0.003 -25"><span class='ocrx_word' id='word_1_191' title='bbox 197 3281 309 3334; x_wconf 89' lang='lat' dir='ltr'>trones</span> <span class='ocrx_word' id='word_1_192' title='bbox 340 3268 435 3334; x_wconf 88' lang='lat' dir='ltr'>etiarn</span> <span class='ocrx_word' id='word_1_193' title='bbox 469 3283 502 3333; x_wconf 93' lang='lat' dir='ltr'>et</span> <span class='ocrx_word' id='word_1_194' title='bbox 530 3268 651 3353; x_wconf 88' lang='lat' dir='ltr'>piratas</span> <span class='ocrx_word' id='word_1_195' title='bbox 676 3288 744 3335; x_wconf 92' lang='lat' dir='ltr'>non</span> <span class='ocrx_word' id='word_1_196' title='bbox 777 3268 842 3335; x_wconf 92' lang='lat' dir='ltr'>alio</span> <span class='ocrx_word' id='word_1_197' title='bbox 870 3269 972 3356; x_wconf 89' lang='lat' dir='ltr'>magis</span> <span class='ocrx_word' id='word_1_198' title='bbox 995 3270 1128 3336; x_wconf 90' lang='lat' dir='ltr'>nomine</span> <span class='ocrx_word' id='word_1_199' title='bbox 1150 3269 1371 3350; x_wconf 90' lang='lat' dir='ltr'>detestamur,</span> 
     </span>
     <span class='ocr_line' id='line_1_25' title="bbox 198 3379 1371 3463; baseline 0.002 -20"><span class='ocrx_word' id='word_1_200' title='bbox 198 3398 297 3460; x_wconf 87' lang='lat' dir='ltr'>quarn</span> <span class='ocrx_word' id='word_1_201' title='bbox 328 3380 419 3461; x_wconf 91' lang='lat' dir='ltr'>quod</span> <span class='ocrx_word' id='word_1_202' title='bbox 445 3380 493 3446; x_wconf 92' lang='lat' dir='ltr'>illi</span> <span class='ocrx_word' id='word_1_203' title='bbox 516 3380 686 3446; x_wconf 89' lang='lat' dir='ltr'>hominum</span> <span class='ocrx_word' id='word_1_204' title='bbox 710 3380 796 3448; x_wconf 90' lang='lat' dir='ltr'>inter</span> <span class='ocrx_word' id='word_1_205' title='bbox 818 3402 853 3446; x_wconf 87' lang='lat' dir='ltr'>se</span> <span class='ocrx_word' id='word_1_206' title='bbox 873 3396 1074 3449; x_wconf 90' lang='lat' dir='ltr'>commeatus</span> <span class='ocrx_word' id='word_1_207' title='bbox 1097 3379 1250 3447; x_wconf 88' lang='lat' dir='ltr'>obsident</span> <span class='ocrx_word' id='word_1_208' title='bbox 1271 3395 1371 3463; x_wconf 88' lang='lat' dir='ltr'>atque</span> 
     </span>
     <span class='ocr_line' id='line_1_26' title="bbox 197 3483 1373 3575; baseline 0.003 -21"><span class='ocrx_word' id='word_1_209' title='bbox 197 3488 367 3557; x_wconf 82' lang='lat' dir='ltr'>infestant.</span> <span class='ocrx_word' id='word_1_210' title='bbox 411 3483 489 3556; x_wconf 92' lang='lat' dir='ltr'>Non</span> <span class='ocrx_word' id='word_1_211' title='bbox 522 3510 592 3557; x_wconf 88' lang='lat' dir='ltr'>esse</span> <span class='ocrx_word' id='word_1_212' title='bbox 623 3506 735 3558; x_wconf 52' lang='lat' dir='ltr'>autemv</span> <span class='ocrx_word' id='word_1_213' title='bbox 754 3491 934 3558; x_wconf 89' lang='lat' dir='ltr'>Lusitanos</span> <span class='ocrx_word' id='word_1_214' title='bbox 969 3512 1077 3559; x_wconf 88' lang='lat' dir='ltr'>earum</span> <span class='ocrx_word' id='word_1_215' title='bbox 1100 3491 1243 3575; x_wconf 89' lang='lat' dir='ltr'>partium</span> <span class='ocrx_word' id='word_1_216' title='bbox 1267 3492 1373 3558; x_wconf 90' lang='lat' dir='ltr'>domi·</span> 
     </span>
     <span class='ocr_line' id='line_1_27' title="bbox 197 3601 1371 3688; baseline 0.003 -22"><span class='ocrx_word' id='word_1_217' title='bbox 197 3621 283 3682; x_wconf 90' lang='lat' dir='ltr'>nos,</span> <span class='ocrx_word' id='word_1_218' title='bbox 318 3601 360 3667; x_wconf 91' lang='lat' dir='ltr'>ad</span> <span class='ocrx_word' id='word_1_219' title='bbox 391 3622 473 3684; x_wconf 91' lang='lat' dir='ltr'>quas</span> <span class='ocrx_word' id='word_1_220' title='bbox 505 3602 618 3670; x_wconf 90' lang='lat' dir='ltr'>Batavi</span> <span class='ocrx_word' id='word_1_221' title='bbox 647 3603 829 3686; x_wconf 89' lang='lat' dir='ltr'>accedunt,</span> <span class='ocrx_word' id='word_1_222' title='bbox 862 3618 942 3687; x_wconf 90' lang='lat' dir='ltr'>puta</span> <span class='ocrx_word' id='word_1_223' title='bbox 971 3603 1095 3688; x_wconf 77' lang='lat' dir='ltr'>Javae,</span> <span class='ocrx_word' id='word_1_224' title='bbox 1133 3601 1371 3686; x_wconf 89' lang='lat' dir='ltr'>Taprobanae‚</span> 
     </span>
     <span class='ocr_line' id='line_1_28' title="bbox 196 3712 1371 3801; baseline 0.003 -23"><span class='ocrx_word' id='word_1_225' title='bbox 196 3712 298 3795; x_wconf 92' lang='lat' dir='ltr'>partis</span> <span class='ocrx_word' id='word_1_226' title='bbox 320 3712 477 3780; x_wconf 85' lang='lat' dir='ltr'>maximae</span> <span class='ocrx_word' id='word_1_227' title='bbox 490 3714 741 3797; x_wconf 87' lang='lat' dir='ltr'>Moluccarum,</span> <span class='ocrx_word' id='word_1_228' title='bbox 754 3714 937 3781; x_wconf 90' lang='lat' dir='ltr'>certissimo</span> <span class='ocrx_word' id='word_1_229' title='bbox 952 3730 1145 3799; x_wconf 89' lang='lat' dir='ltr'>argumento</span> <span class='ocrx_word' id='word_1_230' title='bbox 1163 3714 1371 3801; x_wconf 82' lang='lat' dir='ltr'>colligimus,</span> 
     </span>
     <span class='ocr_line' id='line_1_29' title="bbox 198 3810 1373 3911; baseline 0.002 -22"><span class='ocrx_word' id='word_1_231' title='bbox 198 3823 277 3906; x_wconf 86' lang='lat' dir='ltr'>quia</span> <span class='ocrx_word' id='word_1_232' title='bbox 294 3824 446 3890; x_wconf 89' lang='lat' dir='ltr'>dominus</span> <span class='ocrx_word' id='word_1_233' title='bbox 464 3844 561 3892; x_wconf 91' lang='lat' dir='ltr'>nemo</span> <span class='ocrx_word' id='word_1_234' title='bbox 585 3840 635 3893; x_wconf 92' lang='lat' dir='ltr'>est</span> <span class='ocrx_word' id='word_1_235' title='bbox 658 3827 729 3911; x_wconf 90' lang='lat' dir='ltr'>ejus</span> <span class='ocrx_word' id='word_1_236' title='bbox 753 3810 824 3907; x_wconf 92' lang='lat' dir='ltr'>rei,</span> <span class='ocrx_word' id='word_1_237' title='bbox 847 3844 945 3908; x_wconf 87' lang='lat' dir='ltr'>quarn</span> <span class='ocrx_word' id='word_1_238' title='bbox 964 3844 1024 3891; x_wconf 89' lang='lat' dir='ltr'>nec</span> <span class='ocrx_word' id='word_1_239' title='bbox 1047 3824 1117 3908; x_wconf 90' lang='lat' dir='ltr'>ipse</span> <span class='ocrx_word' id='word_1_240' title='bbox 1138 3846 1294 3909; x_wconf 88' lang='lat' dir='ltr'>umquam</span> <span class='ocrx_word' id='word_1_241' title='bbox 1314 3846 1373 3892; x_wconf 87' lang='lat' dir='ltr'>nec</span> 
     </span>
    </p>
   </div>
   <div class='ocr_carea' id='block_1_3' title="bbox 205 4026 391 4039">
    <p class='ocr_par' dir='ltr' id='par_1_3' title="bbox 205 4026 391 4039">
     <span class='ocr_line' id='line_1_30' title="bbox 205 4026 391 4039; baseline 0.005 -1"><span class='ocrx_word' id='word_1_242' title='bbox 205 4026 391 4039; x_wconf 71' lang='lat' dir='ltr'>——n—n—</span> 
     </span>
    </p>
   </div>
   <div class='ocr_carea' id='block_1_4' title="bbox 197 4144 1374 4572">
    <p class='ocr_par' dir='ltr' id='par_1_4' title="bbox 197 4144 1374 4572">
     <span class='ocr_line' id='line_1_31' title="bbox 233 4144 1374 4209; baseline 0.003 -17"><span class='ocrx_word' id='word_1_243' title='bbox 233 4144 329 4194; x_wconf 85' lang='lat' dir='ltr'>¹Vict.</span> <span class='ocrx_word' id='word_1_244' title='bbox 350 4148 381 4195; x_wconf 87' lang='lat' dir='ltr'>dc</span> <span class='ocrx_word' id='word_1_245' title='bbox 405 4146 483 4196; x_wconf 87' lang='lat' dir='ltr'>ludis.</span> <span class='ocrx_word' id='word_1_246' title='bbox 505 4161 531 4208; x_wconf 90' lang='lat' dir='ltr'>p.</span> <span class='ocrx_word' id='word_1_247' title='bbox 550 4162 574 4196; x_wconf 88' lang='lat' dir='ltr'>a.</span> <span class='ocrx_word' id='word_1_248' title='bbox 592 4160 617 4195; x_wconf 91' lang='lat' dir='ltr'>n.</span> <span class='ocrx_word' id='word_1_249' title='bbox 638 4160 661 4195; x_wconf 82' lang='lat' dir='ltr'>a.</span> <span class='ocrx_word' id='word_1_250' title='bbox 680 4160 703 4196; x_wconf 86' lang='lat' dir='ltr'>a.</span> <span class='ocrx_word' id='word_1_251' title='bbox 722 4160 745 4205; x_wconf 82' lang='lat'>³·</span> <span class='ocrx_word' id='word_1_252' title='bbox 761 4160 787 4209; x_wconf 85' lang='lat'>4.</span> <span class='ocrx_word' id='word_1_253' title='bbox 806 4160 829 4203; x_wconf 82' lang='lat'>5.</span> <span class='ocrx_word' id='word_1_254' title='bbox 847 4149 872 4196; x_wconf 87' lang='lat'>6.</span> <span class='ocrx_word' id='word_1_255' title='bbox 890 4160 913 4205; x_wconf 80' lang='lat'>7.</span> <span class='ocrx_word' id='word_1_256' title='bbox 932 4149 1005 4196; x_wconf 83' lang='lat' dir='ltr'>Adde</span> <span class='ocrx_word' id='word_1_257' title='bbox 1026 4148 1131 4196; x_wconf 82' lang='lat' dir='ltr'>covarr.</span> <span class='ocrx_word' id='word_1_258' title='bbox 1149 4146 1175 4195; x_wconf 91' lang='lat' dir='ltr'>in</span> <span class='ocrx_word' id='word_1_259' title='bbox 1191 4160 1214 4195; x_wconf 89' lang='lat' dir='ltr'>c.</span> <span class='ocrx_word' id='word_1_260' title='bbox 1232 4157 1374 4206; x_wconf 85' lang='lat' dir='ltr'>peccatum.</span> 
     </span>
     <span class='ocr_line' id='line_1_32' title="bbox 197 4234 1372 4299; baseline 0.001 -16"><span class='ocrx_word' id='word_1_261' title='bbox 197 4236 211 4297; x_wconf 75' lang='grc' dir='ltr'>ς</span> <span class='ocrx_word' id='word_1_262' title='bbox 228 4251 253 4298; x_wconf 84' lang='lat'>9.</span> <span class='ocrx_word' id='word_1_263' title='bbox 271 4249 296 4284; x_wconf 90' lang='lat' dir='ltr'>n.</span> <span class='ocrx_word' id='word_1_264' title='bbox 315 4250 339 4297; x_wconf 85' lang='lat'>4.</span> <span class='ocrx_word' id='word_1_265' title='bbox 357 4236 408 4297; x_wconf 92' lang='lat' dir='ltr'>ibi,</span> <span class='ocrx_word' id='word_1_266' title='bbox 427 4236 523 4297; x_wconf 86' lang='lat' dir='ltr'>quinta.</span> <span class='ocrx_word' id='word_1_267' title='bbox 556 4234 661 4286; x_wconf 69' lang='lat' dir='ltr'>&#39;Num</span> <span class='ocrx_word' id='word_1_268' title='bbox 678 4251 703 4287; x_wconf 89' lang='lat' dir='ltr'>c.</span> <span class='ocrx_word' id='word_1_269' title='bbox 722 4250 763 4286; x_wconf 87' lang='lat' dir='ltr'>ao.</span> <span class='ocrx_word' id='word_1_270' title='bbox 797 4237 808 4269; x_wconf 82' lang='lat'>⁸</span> <span class='ocrx_word' id='word_1_271' title='bbox 826 4241 932 4299; x_wconf 81' lang='lat' dir='ltr'>August.</span> <span class='ocrx_word' id='word_1_272' title='bbox 951 4240 967 4285; x_wconf 92' lang='grc' dir='ltr'>Ι.</span> <span class='ocrx_word' id='word_1_273' title='bbox 985 4251 1010 4298; x_wconf 88' lang='lat'>4.</span> <span class='ocrx_word' id='word_1_274' title='bbox 1028 4250 1053 4297; x_wconf 91' lang='lat' dir='ltr'>q.</span> <span class='ocrx_word' id='word_1_275' title='bbox 1070 4252 1111 4299; x_wconf 80' lang='lat'>44.</span> <span class='ocrx_word' id='word_1_276' title='bbox 1126 4250 1202 4297; x_wconf 86' lang='lat' dir='ltr'>super</span> <span class='ocrx_word' id='word_1_277' title='bbox 1220 4237 1295 4285; x_wconf 87' lang='lat' dir='ltr'>Num.</span> <span class='ocrx_word' id='word_1_278' title='bbox 1311 4236 1372 4285; x_wconf 81' lang='lat' dir='ltr'>cita·</span> 
     </span>
     <span class='ocr_line' id='line_1_33' title="bbox 198 4326 1374 4391; baseline 0.003 -17"><span class='ocrx_word' id='word_1_279' title='bbox 198 4339 240 4375; x_wconf 88' lang='lat' dir='ltr'>tur</span> <span class='ocrx_word' id='word_1_280' title='bbox 264 4327 291 4374; x_wconf 93' lang='lat' dir='ltr'>in</span> <span class='ocrx_word' id='word_1_281' title='bbox 314 4327 404 4389; x_wconf 80' lang='lat' dir='ltr'>[Dect.</span> <span class='ocrx_word' id='word_1_282' title='bbox 429 4330 498 4376; x_wconf 87' lang='lat' dir='ltr'>Grat.</span> <span class='ocrx_word' id='word_1_283' title='bbox 522 4343 549 4389; x_wconf 88' lang='lat' dir='ltr'>p.</span> <span class='ocrx_word' id='word_1_284' title='bbox 572 4342 595 4375; x_wconf 82' lang='lat' dir='ltr'>a.</span> <span class='ocrx_word' id='word_1_285' title='bbox 619 4341 659 4385; x_wconf 83' lang='lat'>2³·</span> <span class='ocrx_word' id='word_1_286' title='bbox 682 4342 707 4376; x_wconf 84' lang='lat' dir='ltr'>a.</span> <span class='ocrx_word' id='word_1_287' title='bbox 732 4326 768 4391; x_wconf 70' lang='grc'>3.]</span> <span class='ocrx_word' id='word_1_288' title='bbox 808 4328 913 4389; x_wconf 87' lang='lat' dir='ltr'>⁴soph.</span> <span class='ocrx_word' id='word_1_289' title='bbox 937 4328 1055 4377; x_wconf 87' lang='lat' dir='ltr'>Trachin.</span> <span class='ocrx_word' id='word_1_290' title='bbox 1094 4327 1105 4358; x_wconf 76' lang='lat'>⁵</span> <span class='ocrx_word' id='word_1_291' title='bbox 1130 4328 1207 4377; x_wconf 72' lang='lat' dir='ltr'>Cone.</span> <span class='ocrx_word' id='word_1_292' title='bbox 1231 4330 1248 4375; x_wconf 92' lang='lat' dir='ltr'>l.</span> <span class='ocrx_word' id='word_1_293' title='bbox 1271 4339 1294 4383; x_wconf 78' lang='lat'>³.</span> <span class='ocrx_word' id='word_1_294' title='bbox 1317 4339 1374 4389; x_wconf 74' lang='lat'><strong>29³·</strong></span> 
     </span>
     <span class='ocr_line' id='line_1_34' title="bbox 198 4416 1373 4482; baseline -0.001 -16"><span class='ocrx_word' id='word_1_295' title='bbox 198 4418 211 4450; x_wconf 83' lang='lat'>⁸</span> <span class='ocrx_word' id='word_1_296' title='bbox 228 4418 324 4467; x_wconf 74' lang='lat' dir='ltr'>Histoe.</span> <span class='ocrx_word' id='word_1_297' title='bbox 344 4423 362 4466; x_wconf 88' lang='lat'>1.</span> <span class='ocrx_word' id='word_1_298' title='bbox 379 4432 404 4479; x_wconf 76' lang='lat'><em>4</em></span> <span class='ocrx_word' id='word_1_299' title='bbox 425 4418 463 4480; x_wconf 88' lang='lat' dir='ltr'>[c.</span> <span class='ocrx_word' id='word_1_300' title='bbox 481 4417 534 4482; x_wconf 63' lang='lat'>64]</span> <span class='ocrx_word' id='word_1_301' title='bbox 570 4416 581 4455; x_wconf 81' lang='lat'><em>⁷</em></span> <span class='ocrx_word' id='word_1_302' title='bbox 600 4418 714 4468; x_wconf 67' lang='lat' dir='ltr'>alciatus</span> <span class='ocrx_word' id='word_1_303' title='bbox 736 4432 808 4468; x_wconf 79' lang='lat' dir='ltr'>cons.</span> <span class='ocrx_word' id='word_1_304' title='bbox 831 4422 849 4467; x_wconf 91' lang='lat' dir='ltr'>l.</span> <span class='ocrx_word' id='word_1_305' title='bbox 869 4433 894 4480; x_wconf 88' lang='lat'>4.</span> <span class='ocrx_word' id='word_1_306' title='bbox 915 4430 970 4476; x_wconf 76' lang='lat' dir='ltr'>rso.</span> <span class='ocrx_word' id='word_1_307' title='bbox 988 4420 1094 4467; x_wconf 85' lang='lat' dir='ltr'>Covarr.</span> <span class='ocrx_word' id='word_1_308' title='bbox 1109 4418 1135 4467; x_wconf 91' lang='lat' dir='ltr'>in</span> <span class='ocrx_word' id='word_1_309' title='bbox 1149 4430 1172 4469; x_wconf 91' lang='lat' dir='ltr'>c.</span> <span class='ocrx_word' id='word_1_310' title='bbox 1190 4428 1330 4478; x_wconf 83' lang='lat' dir='ltr'>peccatum.</span> <span class='ocrx_word' id='word_1_311' title='bbox 1348 4433 1373 4479; x_wconf 87' lang='lat' dir='ltr'>p.</span> 
     </span>
     <span class='ocr_line' id='line_1_35' title="bbox 201 4510 924 4572; baseline 0.001 -16"><span class='ocrx_word' id='word_1_312' title='bbox 201 4523 223 4556; x_wconf 87' lang='lat' dir='ltr'>a.</span> <span class='ocrx_word' id='word_1_313' title='bbox 240 4512 263 4567; x_wconf 64' lang='grc' dir='ltr'>ς.</span> <span class='ocrx_word' id='word_1_314' title='bbox 280 4522 305 4570; x_wconf 84' lang='lat'>9.</span> <span class='ocrx_word' id='word_1_315' title='bbox 322 4510 388 4558; x_wconf 83' lang='lat' dir='ltr'>Bart.</span> <span class='ocrx_word' id='word_1_316' title='bbox 406 4510 446 4557; x_wconf 86' lang='lat' dir='ltr'>ad.</span> <span class='ocrx_word' id='word_1_317' title='bbox 463 4511 480 4557; x_wconf 90' lang='lat'>1.</span> <span class='ocrx_word' id='word_1_318' title='bbox 502 4523 522 4557; x_wconf 91' lang='lat' dir='ltr'>r.</span> <span class='ocrx_word' id='word_1_319' title='bbox 541 4510 571 4557; x_wconf 89' lang='lat' dir='ltr'>C.</span> <span class='ocrx_word' id='word_1_320' title='bbox 589 4512 621 4558; x_wconf 91' lang='lat' dir='ltr'>de</span> <span class='ocrx_word' id='word_1_321' title='bbox 637 4510 748 4570; x_wconf 76' lang='lat' dir='ltr'>paganis.</span> <span class='ocrx_word' id='word_1_322' title='bbox 768 4510 810 4572; x_wconf 91' lang='lat' dir='ltr'>[C.</span> <span class='ocrx_word' id='word_1_323' title='bbox 832 4523 853 4557; x_wconf 89' lang='lat'>1.</span> <span class='ocrx_word' id='word_1_324' title='bbox 874 4510 924 4570; x_wconf 87' lang='lat' dir='ltr'>rr.]</span> 
     </span>
    </p>
   </div>
   <div class='ocr_carea' id='block_1_5' title="bbox 0 0 1738 5434">
    <p class='ocr_par' dir='ltr' id='par_1_5' title="bbox 0 0 1738 5434">
     <span class='ocr_line' id='line_1_36' title="bbox 0 0 1738 5434; baseline 0 0"><span class='ocrx_word' id='word_1_325' title='bbox 0 0 1738 5434; x_wconf 95' lang='lat' dir='ltr'> </span> 
     </span>
    </p>
   </div>
  </div>
 </body>
</html>
