3450 5434
422 641 483 702 180
729 654 776 700 nr
800 653 894 720 June
920 653 1104 702 annuunt.
1130 656 1210 702 car.
1235 654 1283 703 xr.

419 809 546 876 animus
566 808 783 889 abhorrebat,
807 809 993 891 praesertim
1017 830 1091 876 cum
1115 810 1229 875 eodem
1249 809 1341 876 facto
1362 825 1395 875 et
1415 812 1535 893 praeda
1554 831 1595 877 ex

418 921 550 989 Batavis
581 936 613 987 et
642 921 783 1004 pretium
807 942 825 986 a
847 920 1019 987 Lusitanis
1051 936 1247 1004 speraretur.
1295 922 1437 988 Primum
1475 922 1596 988 elicere

419 1052 560 1113 merces,
583 1033 625 1098 ad
646 1052 680 1098 se
699 1034 847 1113 trahere,
872 1032 1140 1115 permutationem
1159 1033 1192 1099 in
1205 1033 1295 1099 aliud
1306 1047 1436 1116 tempus
1447 1034 1594 1119 rejicere.

417 1144 487 1210 Ubi
520 1143 677 1210 Hollandi
708 1145 802 1227 plura
833 1164 980 1227 promere
1000 1144 1084 1229 jussi
1108 1146 1368 1227 cunctabantur,
1391 1160 1532 1211 vocatos
1555 1146 1597 1211 ad

418 1275 453 1321 se
476 1256 571 1321 navis
591 1253 776 1338 praefectos
800 1255 1073 1337 Houtmannum,
1097 1255 1314 1323 Guilielmum
1346 1256 1596 1337 Ludovicium,

418 1367 598 1451 Aegidium
626 1365 865 1432 Vallencriunr
888 1367 1067 1450 decemque
1096 1368 1178 1433 alios
1207 1367 1318 1434 subito
1348 1367 1467 1433 vinciri
1487 1368 1594 1453 iubet.

419 1478 466 1542 Et
482 1497 524 1545 ne
543 1492 613 1544 tum
633 1476 765 1559 quidem
785 1476 1011 1544 dissimulabat
1030 1478 1265 1545 Lusitanorum
1285 1494 1400 1563 rogatu
1421 1480 1485 1544 ista
1504 1478 1595 1555 fieri,

418 1589 478 1671 qui
500 1604 643 1655 metuere
665 1608 700 1654 se
722 1587 911 1673 lingebant,
935 1608 975 1655 ne
991 1608 1107 1655 navem
1120 1609 1210 1655 suam
1223 1590 1257 1655 in
1269 1604 1369 1673 portu
1381 1606 1593 1672 quaerentem

307 1715 311 1723 ’
419 1700 542 1766 exitum
575 1699 689 1767 Batavi
721 1699 970 1783 interciperent:
1004 1701 1064 1765 hac
1096 1701 1203 1784 specie
1233 1700 1309 1768 illos
1345 1702 1438 1768 velut
1460 1702 1595 1769 obsides

418 1824 590 1878 oraverant
608 1809 756 1877 detineri.
780 1810 847 1877 Sed
870 1827 903 1877 et
925 1812 1008 1877 illud
1024 1811 1163 1895 captivis
1176 1812 1355 1893 innuebat,
1375 1813 1451 1879 dare
1461 1834 1594 1897 operam

418 1922 506 2005 apud
524 1942 558 1988 se
577 1922 774 2003 Lusitanos,
797 1937 835 1988 ut
853 1938 1019 1989 numerata
1038 1924 1184 1989 mercede
1204 1939 1319 2006 quater
1339 1923 1478 1989 millium
1500 1946 1596 1991 num-

418 2052 547 2099 morum
570 2032 751 2117 regalium,
775 2032 865 2116 ipsos
890 2034 1033 2100 insuam
1056 2034 1239 2117 acciperent
1259 2050 1472 2117 potestatem:
1497 2037 1596 2103 simul

419 2143 697 2211 atrocissimorum
729 2143 965 2228 suppliciorum
999 2160 1105 2212 metus
1136 2144 1285 2227 quotidie
1318 2146 1442 2212 miseris
1466 2146 1597 2231 injicie-

418 2257 525 2322 batur.
549 2254 676 2321 Eodem
696 2271 841 2340 tempore
861 2256 1000 2337 accidit,
1020 2272 1058 2322 ut
1074 2256 1191 2341 Javani
1201 2257 1435 2323 Lusitanorum
1448 2257 1596 2341 impulsu

418 2367 556 2449 scaphas
576 2368 774 2451 cymbasque
797 2367 994 2433 Batavorum
1017 2383 1189 2450 provectas
1210 2368 1342 2453 longius
1367 2386 1595 2453 oppugnatum

417 2479 586 2545 venirent:
619 2497 703 2560 quos
736 2498 810 2544 cum
832 2477 962 2544 fortiter
983 2479 1030 2544 illi
1055 2479 1274 2562 repulissent,
1298 2478 1482 2563 praefectus
1511 2482 1596 2547 Ban-

419 2592 571 2657 tamensis
599 2590 688 2657 facto
720 2590 926 2670 admonitus,
958 2608 1026 2655 non
1047 2610 1117 2655 esse
1139 2592 1405 2657 contemnendam
1429 2592 1593 2676 ejusmodi

418 2702 588 2768 hominum
621 2702 822 2782 bonitatem,
855 2700 1047 2767 concordiae
1081 2702 1222 2767 rationes
1255 2701 1349 2769 iniit:
1384 2705 1482 2788 cujus
1516 2724 1595 2770 con·

419 2813 560 2880 ditiones
585 2812 645 2879 etsi
667 2811 858 2897 periniquae
882 2827 992 2894 erant,
1017 2827 1050 2877 et
1070 2812 1185 2878 redimi
1209 2831 1266 2878 eos
1285 2814 1446 2899 jubebant
1461 2814 1595 2881 duobus

418 2925 565 2991 millibus
596 2924 774 3009 regalium,
806 2923 864 3006 qui
889 2942 930 2987 ne
952 2924 1089 2989 obtentu
1122 2923 1255 3005 quidem
1288 2923 1373 3009 juris
1404 2925 1474 2990 ullo
1507 2926 1593 3009 capti

419 3052 529 3117 erant,
552 3051 659 3101 tamen
689 3035 907 3118 accipiuntur.
953 3034 1017 3100 Sed
1040 3054 1109 3116 quo
1131 3053 1182 3099 res
1206 3035 1345 3101 Batavae
1367 3037 1441 3101 loco
1466 3036 1595 3103 meliori

419 3166 489 3213 esse
520 3160 716 3229 coeperant,
750 3148 812 3211 hoc
844 3146 947 3231 magis
980 3144 1131 3212 lusitani
1162 3146 1302 3229 pretium
1323 3145 1596 3229 proditionis-in-

417 3256 564 3323 tendere.
608 3255 712 3323 Venit
745 3258 831 3324 enim
867 3257 1015 3322 Malacca
1049 3259 1197 3342 legatus:
1238 3256 1266 3322 is
1298 3257 1383 3323 dona
1416 3259 1522 3323 multa
1556 3260 1595 3324 ad

418 3365 615 3451 praefectum
639 3382 672 3433 et
694 3388 845 3453 proceres
876 3367 1002 3450 adfert,
1037 3382 1137 3449 atque
1162 3367 1246 3435 inter
1277 3382 1403 3434 caetera
1434 3370 1594 3455 regalium

418 3498 475 3543 sex
508 3478 629 3559 millia,
664 3478 786 3572 quibus
818 3478 1059 3545 Hollandorum
1093 3499 1204 3547 necem
1240 3494 1448 3547 mercaretur.
1496 3480 1596 3548 Versi

418 3588 527 3657 statim
551 3588 673 3671 animi,
708 3608 865 3673 suspensa
889 3590 1105 3674 permutatio:
1139 3591 1233 3657 etiam
1258 3589 1451 3657 Sinensibus
1474 3611 1597 3657 merta-

416 3700 563 3780 toribus,
587 3701 645 3784 qui
669 3701 815 3768 bantami
837 3716 1034 3782 versantur,
1054 3701 1263 3768 interdictum
1273 3720 1314 3766 ne
1325 3702 1408 3784 qnid
1419 3700 1597 3769 Hollandis

417 3812 610 3879 venderent.
656 3813 702 3878 Et
733 3814 812 3879 haec
843 3832 909 3877 non
942 3813 1042 3878 dubia
1074 3828 1165 3878 erant
1197 3812 1386 3879 inimicitiae
1416 3812 1533 3896 signa,
1567 3828 1598 3879 et

418 3924 515 3989 simul
539 3925 579 3989 ab
602 3924 734 4007 hospite
766 3924 972 3989 bantamensi
1003 3939 1100 4006 atque
1130 3923 1202 3991 aliis
1225 3922 1337 3989 amieis
1359 3922 1599 3991 nuntiabantur

417 4035 551 4100 vendita
573 4034 742 4101 Lusitanis
766 4035 887 4101 ducum
911 4034 1056 4101 omnium
1078 4034 1196 4118 capita.
1242 4036 1353 4123 Quare
1373 4034 1508 4102 navium
1531 4035 1598 4119 pri·

417 4163 524 4210 mores
557 4148 745 4228 postulante
777 4145 941 4228 praefecto
972 4146 1201 4227 Bantamensi,
1237 4160 1274 4211 ut
1306 4146 1347 4211 ad
1378 4166 1413 4213 se
1444 4147 1599 4214 venirent

417 4258 510 4321 velut
529 4276 635 4322 coram
655 4258 742 4341 leges
760 4257 963 4323 commerciis
984 4256 1168 4340 accepturi,
1191 4276 1399 4339 nequaquam
1421 4274 1597 4326 venerunt.

419 4366 507 4432 Hinc
536 4383 607 4433 orta
636 4367 839 4434 dissensione
870 4368 954 4434 inter
986 4368 1165 4436 Lusitanos
1186 4384 1219 4434 et
1241 4368 1496 4452 Bantamenses,
1521 4390 1595 4437 eum

416 4478 566 4546 Lusitani
590 4480 634 4545 ob
656 4500 785 4548 causam
809 4480 882 4547 data
906 4500 1001 4548 causa
1021 4498 1088 4546 non
1110 4494 1221 4547 secuta
1241 4497 1470 4565 reposcerent,
1505 4482 1597 4548 alteri
