<?xml version="1.0" encoding="UTF-8"?>
<!DOCTYPE html PUBLIC "-//W3C//DTD XHTML 1.0 Transitional//EN"
    "http://www.w3.org/TR/xhtml1/DTD/xhtml1-transitional.dtd">
<html xmlns="http://www.w3.org/1999/xhtml" xml:lang="en" lang="en">
 <head>
  <title>
</title>
<meta http-equiv="Content-Type" content="text/html;charset=utf-8" />
  <meta name='ocr-system' content='tesseract 3.04.00' />
  <meta name='ocr-capabilities' content='ocr_page ocr_carea ocr_par ocr_line ocrx_word'/>
</head>
<body>
  <div class='ocr_page' id='page_1' title='image "./ledroitdeprised02hamagoog_0267.png"; bbox 0 0 3450 5434; ppageno 0'>
   <div class='ocr_carea' id='block_1_1' title="bbox 506 658 1373 731">
    <p class='ocr_par' dir='ltr' id='par_1_1' title="bbox 506 658 1373 731">
     <span class='ocr_line' id='line_1_1' title="bbox 506 658 1373 731; baseline 0.012 -27"><span class='ocrx_word' id='word_1_1' title='bbox 506 658 553 704; x_wconf 81' lang='lat' dir='ltr'><strong>DE</strong></span> <span class='ocrx_word' id='word_1_2' title='bbox 576 658 670 724; x_wconf 83' lang='lat' dir='ltr'>JURE</span> <span class='ocrx_word' id='word_1_3' title='bbox 696 660 881 708; x_wconf 68' lang='lat' dir='ltr'><strong>Pannona.</strong></span> <span class='ocrx_word' id='word_1_4' title='bbox 905 662 986 709; x_wconf 81' lang='grc' dir='ltr'><strong>ΟΑΡ.</strong></span> <span class='ocrx_word' id='word_1_5' title='bbox 1012 664 1076 711; x_wconf 84' lang='grc' dir='ltr'><strong>ΧΠ.</strong></span> <span class='ocrx_word' id='word_1_6' title='bbox 1309 666 1373 731; x_wconf 80' lang='lat'><strong>245</strong></span> 
     </span>
    </p>
   </div>
   <div class='ocr_carea' id='block_1_2' title="bbox 196 813 1378 4599">
    <p class='ocr_par' dir='ltr' id='par_1_2' title="bbox 196 813 1378 4599">
     <span class='ocr_line' id='line_1_2' title="bbox 201 813 1372 900; baseline 0.011 -25"><span class='ocrx_word' id='word_1_7' title='bbox 201 813 273 877; x_wconf 93' lang='lat' dir='ltr'><strong>tolli</strong></span> <span class='ocrx_word' id='word_1_8' title='bbox 295 831 363 879; x_wconf 93' lang='lat' dir='ltr'><strong>non</strong></span> <span class='ocrx_word' id='word_1_9' title='bbox 383 828 516 896; x_wconf 90' lang='lat' dir='ltr'><strong>potest,</strong></span> <span class='ocrx_word' id='word_1_10' title='bbox 535 828 568 880; x_wconf 92' lang='lat' dir='ltr'><strong>et</strong></span> <span class='ocrx_word' id='word_1_11' title='bbox 585 814 612 879; x_wconf 93' lang='lat' dir='ltr'><strong>si</strong></span> <span class='ocrx_word' id='word_1_12' title='bbox 633 831 763 898; x_wconf 92' lang='lat' dir='ltr'><strong>posset,</strong></span> <span class='ocrx_word' id='word_1_13' title='bbox 788 836 854 881; x_wconf 90' lang='lat' dir='ltr'><strong>non</strong></span> <span class='ocrx_word' id='word_1_14' title='bbox 879 831 985 883; x_wconf 89' lang='lat' dir='ltr'><strong>tamen</strong></span> <span class='ocrx_word' id='word_1_15' title='bbox 1008 834 1121 900; x_wconf 91' lang='lat' dir='ltr'><strong>posset</strong></span> <span class='ocrx_word' id='word_1_16' title='bbox 1142 818 1206 886; x_wconf 94' lang='lat' dir='ltr'><strong>nisi</strong></span> <span class='ocrx_word' id='word_1_17' title='bbox 1227 820 1372 887; x_wconf 93' lang='lat' dir='ltr'><strong>omnium</strong></span> 
     </span>
     <span class='ocr_line' id='line_1_3' title="bbox 199 926 1373 1016; baseline 0.009 -27"><span class='ocrx_word' id='word_1_18' title='bbox 199 926 348 1010; x_wconf 82' lang='lat' dir='ltr'><strong>gentium</strong></span> <span class='ocrx_word' id='word_1_19' title='bbox 380 944 562 993; x_wconf 89' lang='lat' dir='ltr'><strong>consensu:</strong></span> <span class='ocrx_word' id='word_1_20' title='bbox 594 941 718 993; x_wconf 90' lang='lat' dir='ltr'><strong>tantum</strong></span> <span class='ocrx_word' id='word_1_21' title='bbox 751 929 843 994; x_wconf 91' lang='lat' dir='ltr'><strong>abest</strong></span> <span class='ocrx_word' id='word_1_22' title='bbox 872 944 910 994; x_wconf 90' lang='lat' dir='ltr'><strong>ut</strong></span> <span class='ocrx_word' id='word_1_23' title='bbox 940 932 1009 996; x_wconf 93' lang='lat' dir='ltr'><strong>ullo</strong></span> <span class='ocrx_word' id='word_1_24' title='bbox 1033 931 1131 997; x_wconf 91' lang='lat' dir='ltr'><strong>modo</strong></span> <span class='ocrx_word' id='word_1_25' title='bbox 1155 952 1235 1016; x_wconf 88' lang='lat' dir='ltr'><strong>gens</strong></span> <span class='ocrx_word' id='word_1_26' title='bbox 1262 934 1373 1016; x_wconf 92' lang='lat' dir='ltr'><strong>aliqua</strong></span> 
     </span>
     <span class='ocr_line' id='line_1_4' title="bbox 200 1036 1374 1127; baseline 0.008 -26"><span class='ocrx_word' id='word_1_27' title='bbox 200 1052 314 1120; x_wconf 87' lang='lat' dir='ltr'>gentes</span> <span class='ocrx_word' id='word_1_28' title='bbox 343 1038 424 1103; x_wconf 90' lang='lat' dir='ltr'><strong>duas</strong></span> <span class='ocrx_word' id='word_1_29' title='bbox 447 1036 531 1104; x_wconf 90' lang='lat' dir='ltr'><strong>inter</strong></span> <span class='ocrx_word' id='word_1_30' title='bbox 553 1058 588 1104; x_wconf 91' lang='lat' dir='ltr'><strong>se</strong></span> <span class='ocrx_word' id='word_1_31' title='bbox 618 1041 807 1105; x_wconf 84' lang='lat' dir='ltr'>contrahere</span> <span class='ocrx_word' id='word_1_32' title='bbox 830 1042 980 1106; x_wconf 88' lang='lat' dir='ltr'><strong>volentes</strong></span> <span class='ocrx_word' id='word_1_33' title='bbox 1001 1042 1089 1126; x_wconf 90' lang='lat' dir='ltr'><strong>juste</strong></span> <span class='ocrx_word' id='word_1_34' title='bbox 1120 1043 1284 1127; x_wconf 90' lang='lat' dir='ltr'><strong>impediat.</strong></span> <span class='ocrx_word' id='word_1_35' title='bbox 1330 1046 1374 1111; x_wconf 91' lang='lat' dir='ltr'><strong>Et</strong></span> 
     </span>
     <span class='ocr_line' id='line_1_5' title="bbox 199 1140 1374 1239; baseline 0.008 -26"><span class='ocrx_word' id='word_1_36' title='bbox 199 1148 342 1231; x_wconf 91' lang='lat' dir='ltr'><strong>primum</strong></span> <span class='ocrx_word' id='word_1_37' title='bbox 372 1150 522 1215; x_wconf 89' lang='lat' dir='ltr'><strong>inventio</strong></span> <span class='ocrx_word' id='word_1_38' title='bbox 551 1166 608 1215; x_wconf 90' lang='lat' dir='ltr'><strong>aut</strong></span> <span class='ocrx_word' id='word_1_39' title='bbox 637 1140 811 1233; x_wconf 79' lang='lat' dir='ltr'><strong>occdpatio</strong></span> <span class='ocrx_word' id='word_1_40' title='bbox 835 1151 890 1217; x_wconf 92' lang='lat' dir='ltr'><strong>hic</strong></span> <span class='ocrx_word' id='word_1_41' title='bbox 921 1155 1031 1219; x_wconf 90' lang='lat' dir='ltr'><strong>locum</strong></span> <span class='ocrx_word' id='word_1_42' title='bbox 1061 1175 1126 1221; x_wconf 94' lang='lat' dir='ltr'><strong>non</strong></span> <span class='ocrx_word' id='word_1_43' title='bbox 1152 1156 1270 1237; x_wconf 91' lang='lat' dir='ltr'><strong>habet,</strong></span> <span class='ocrx_word' id='word_1_44' title='bbox 1295 1156 1374 1239; x_wconf 88' lang='lat' dir='ltr'><strong>quia</strong></span> 
     </span>
     <span class='ocr_line' id='line_1_6' title="bbox 196 1261 1374 1351; baseline 0.006 -25"><span class='ocrx_word' id='word_1_45' title='bbox 196 1262 252 1345; x_wconf 89' lang='lat' dir='ltr'><strong>jus</strong></span> <span class='ocrx_word' id='word_1_46' title='bbox 282 1261 445 1327; x_wconf 87' lang='lat' dir='ltr'><strong>mercandi</strong></span> <span class='ocrx_word' id='word_1_47' title='bbox 475 1281 542 1327; x_wconf 92' lang='lat' dir='ltr'><strong>non</strong></span> <span class='ocrx_word' id='word_1_48' title='bbox 570 1277 620 1327; x_wconf 93' lang='lat' dir='ltr'><strong>est</strong></span> <span class='ocrx_word' id='word_1_49' title='bbox 642 1262 768 1345; x_wconf 91' lang='lat' dir='ltr'><strong>aliquid</strong></span> <span class='ocrx_word' id='word_1_50' title='bbox 791 1266 983 1347; x_wconf 88' lang='lat' dir='ltr'><strong>corporale,</strong></span> <span class='ocrx_word' id='word_1_51' title='bbox 1007 1268 1100 1347; x_wconf 92' lang='lat' dir='ltr'><strong>quod</strong></span> <span class='ocrx_word' id='word_1_52' title='bbox 1126 1268 1232 1350; x_wconf 88' lang='lat' dir='ltr'>possit</span> <span class='ocrx_word' id='word_1_53' title='bbox 1260 1289 1374 1351; x_wconf 89' lang='lat' dir='ltr'><strong>appre-</strong></span> 
     </span>
     <span class='ocr_line' id='line_1_7' title="bbox 198 1372 1373 1461; baseline 0.007 -24"><span class='ocrx_word' id='word_1_54' title='bbox 198 1372 321 1438; x_wconf 73' lang='lat' dir='ltr'><strong>hendit</strong></span> <span class='ocrx_word' id='word_1_55' title='bbox 345 1393 453 1455; x_wconf 92' lang='lat' dir='ltr'><strong>neque</strong></span> <span class='ocrx_word' id='word_1_56' title='bbox 474 1374 645 1456; x_wconf 88' lang='lat' dir='ltr'><strong>prodesset</strong></span> <span class='ocrx_word' id='word_1_57' title='bbox 663 1374 833 1441; x_wconf 89' lang='lat' dir='ltr'><strong>Lusitanis</strong></span> <span class='ocrx_word' id='word_1_58' title='bbox 851 1375 977 1442; x_wconf 88' lang='lat' dir='ltr'><strong>etiarnsi</strong></span> <span class='ocrx_word' id='word_1_59' title='bbox 994 1377 1090 1461; x_wconf 91' lang='lat' dir='ltr'><strong>primi</strong></span> <span class='ocrx_word' id='word_1_60' title='bbox 1112 1380 1282 1446; x_wconf 92' lang='lat' dir='ltr'><strong>hominum</strong></span> <span class='ocrx_word' id='word_1_61' title='bbox 1299 1401 1373 1445; x_wconf 94' lang='lat' dir='ltr'><strong>cum</strong></span> 
     </span>
     <span class='ocr_line' id='line_1_8' title="bbox 199 1483 1374 1574; baseline 0.007 -25"><span class='ocrx_word' id='word_1_62' title='bbox 199 1483 289 1550; x_wconf 93' lang='lat' dir='ltr'><strong>Indis</strong></span> <span class='ocrx_word' id='word_1_63' title='bbox 312 1484 503 1551; x_wconf 80' lang='lat' dir='ltr'>habuissent</span> <span class='ocrx_word' id='word_1_64' title='bbox 524 1487 736 1566; x_wconf 90' lang='lat' dir='ltr'><strong>commercia,</strong></span> <span class='ocrx_word' id='word_1_65' title='bbox 761 1488 853 1569; x_wconf 95' lang='lat' dir='ltr'><strong>quod</strong></span> <span class='ocrx_word' id='word_1_66' title='bbox 874 1504 979 1554; x_wconf 90' lang='lat' dir='ltr'><strong>tamen</strong></span> <span class='ocrx_word' id='word_1_67' title='bbox 1002 1510 1067 1555; x_wconf 95' lang='lat' dir='ltr'><strong>non</strong></span> <span class='ocrx_word' id='word_1_68' title='bbox 1087 1507 1197 1574; x_wconf 91' lang='lat' dir='ltr'><strong>potest</strong></span> <span class='ocrx_word' id='word_1_69' title='bbox 1214 1511 1281 1558; x_wconf 94' lang='lat' dir='ltr'><strong>non</strong></span> <span class='ocrx_word' id='word_1_70' title='bbox 1304 1511 1374 1559; x_wconf 89' lang='lat' dir='ltr'><strong>esse</strong></span> 
     </span>
     <span class='ocr_line' id='line_1_9' title="bbox 199 1596 1374 1684; baseline 0.006 -23"><span class='ocrx_word' id='word_1_71' title='bbox 199 1596 425 1664; x_wconf 85' lang='lat' dir='ltr'><strong>falsissimum.</strong></span> <span class='ocrx_word' id='word_1_72' title='bbox 471 1599 558 1664; x_wconf 91' lang='lat' dir='ltr'><strong>Nam</strong></span> <span class='ocrx_word' id='word_1_73' title='bbox 582 1614 707 1665; x_wconf 91' lang='lat' dir='ltr'><strong>etcum</strong></span> <span class='ocrx_word' id='word_1_74' title='bbox 731 1599 827 1665; x_wconf 91' lang='lat' dir='ltr'><strong>initio</strong></span> <span class='ocrx_word' id='word_1_75' title='bbox 857 1600 974 1684; x_wconf 92' lang='lat' dir='ltr'><strong>populi</strong></span> <span class='ocrx_word' id='word_1_76' title='bbox 997 1600 1030 1665; x_wconf 93' lang='lat' dir='ltr'><strong>in</strong></span> <span class='ocrx_word' id='word_1_77' title='bbox 1052 1602 1182 1669; x_wconf 91' lang='lat' dir='ltr'><strong>diversa</strong></span> <span class='ocrx_word' id='word_1_78' title='bbox 1204 1604 1291 1684; x_wconf 89' lang='lat' dir='ltr'><strong>iere,</strong></span> <span class='ocrx_word' id='word_1_79' title='bbox 1316 1603 1374 1670; x_wconf 88' lang='lat' dir='ltr'><strong>ali-</strong></span> 
     </span>
     <span class='ocr_line' id='line_1_10' title="bbox 200 1710 1374 1801; baseline 0.009 -28"><span class='ocrx_word' id='word_1_80' title='bbox 200 1729 285 1791; x_wconf 92' lang='lat' dir='ltr'><strong>quos</strong></span> <span class='ocrx_word' id='word_1_81' title='bbox 317 1728 451 1775; x_wconf 90' lang='lat' dir='ltr'><strong>necesse</strong></span> <span class='ocrx_word' id='word_1_82' title='bbox 484 1726 533 1777; x_wconf 92' lang='lat' dir='ltr'><strong>est</strong></span> <span class='ocrx_word' id='word_1_83' title='bbox 562 1710 686 1793; x_wconf 91' lang='lat' dir='ltr'><strong>primos</strong></span> <span class='ocrx_word' id='word_1_84' title='bbox 709 1710 811 1777; x_wconf 89' lang='lat' dir='ltr'><strong>fuisse</strong></span> <span class='ocrx_word' id='word_1_85' title='bbox 841 1726 1058 1792; x_wconf 90' lang='lat' dir='ltr'><strong>mercatores,</strong></span> <span class='ocrx_word' id='word_1_86' title='bbox 1082 1735 1167 1796; x_wconf 89' lang='lat' dir='ltr'><strong>quos</strong></span> <span class='ocrx_word' id='word_1_87' title='bbox 1191 1730 1298 1781; x_wconf 88' lang='lat' dir='ltr'><strong>tamen</strong></span> <span class='ocrx_word' id='word_1_88' title='bbox 1318 1718 1374 1801; x_wconf 86' lang='lat' dir='ltr'><strong>jus</strong></span> 
     </span>
     <span class='ocr_line' id='line_1_11' title="bbox 199 1821 1374 1914; baseline 0.007 -29"><span class='ocrx_word' id='word_1_89' title='bbox 199 1823 328 1886; x_wconf 90' lang='lat' dir='ltr'><strong>nullum</strong></span> <span class='ocrx_word' id='word_1_90' title='bbox 350 1821 569 1903; x_wconf 85' lang='lat' dir='ltr'><strong>acquisivisse</strong></span> <span class='ocrx_word' id='word_1_91' title='bbox 593 1838 683 1888; x_wconf 90' lang='lat' dir='ltr'><strong>certo</strong></span> <span class='ocrx_word' id='word_1_92' title='bbox 708 1837 758 1889; x_wconf 94' lang='lat' dir='ltr'><strong>est</strong></span> <span class='ocrx_word' id='word_1_93' title='bbox 779 1824 910 1890; x_wconf 89' lang='lat' dir='ltr'><strong>certius.</strong></span> <span class='ocrx_word' id='word_1_94' title='bbox 957 1826 1067 1914; x_wconf 86' lang='lat' dir='ltr'>Quare</span> <span class='ocrx_word' id='word_1_95' title='bbox 1088 1826 1116 1891; x_wconf 91' lang='lat' dir='ltr'><strong>si</strong></span> <span class='ocrx_word' id='word_1_96' title='bbox 1137 1825 1310 1894; x_wconf 88' lang='lat' dir='ltr'><strong>Lusitanis</strong></span> <span class='ocrx_word' id='word_1_97' title='bbox 1319 1828 1374 1911; x_wconf 88' lang='lat' dir='ltr'><strong>jus</strong></span> 
     </span>
     <span class='ocr_line' id='line_1_12' title="bbox 199 1932 1374 2022; baseline 0.007 -25"><span class='ocrx_word' id='word_1_98' title='bbox 199 1932 336 2014; x_wconf 83' lang='lat' dir='ltr'><strong>aliquod</strong></span> <span class='ocrx_word' id='word_1_99' title='bbox 356 1934 536 2017; x_wconf 90' lang='lat' dir='ltr'><strong>competit,</strong></span> <span class='ocrx_word' id='word_1_100' title='bbox 561 1949 599 1999; x_wconf 94' lang='lat' dir='ltr'><strong>ut</strong></span> <span class='ocrx_word' id='word_1_101' title='bbox 618 1934 681 2001; x_wconf 92' lang='lat' dir='ltr'><strong>soli</strong></span> <span class='ocrx_word' id='word_1_102' title='bbox 703 1954 780 2001; x_wconf 90' lang='lat' dir='ltr'><strong>cum</strong></span> <span class='ocrx_word' id='word_1_103' title='bbox 804 1935 894 2002; x_wconf 92' lang='lat' dir='ltr'><strong>Indis</strong></span> <span class='ocrx_word' id='word_1_104' title='bbox 917 1936 1143 2022; x_wconf 82' lang='lat' dir='ltr'><strong>negotientur,</strong></span> <span class='ocrx_word' id='word_1_105' title='bbox 1168 1938 1202 2003; x_wconf 92' lang='lat' dir='ltr'><strong>id</strong></span> <span class='ocrx_word' id='word_1_106' title='bbox 1225 1942 1374 2022; x_wconf 92' lang='lat' dir='ltr'><strong>exemplo</strong></span> 
     </span>
     <span class='ocr_line' id='line_1_13' title="bbox 199 2045 1374 2117; baseline 0.007 -8"><span class='ocrx_word' id='word_1_107' title='bbox 199 2059 400 2110; x_wconf 87' lang='lat' dir='ltr'><strong>caeterarum</strong></span> <span class='ocrx_word' id='word_1_108' title='bbox 432 2045 630 2112; x_wconf 91' lang='lat' dir='ltr'><strong>servitutum</strong></span> <span class='ocrx_word' id='word_1_109' title='bbox 664 2067 703 2113; x_wconf 93' lang='lat' dir='ltr'><strong>ex</strong></span> <span class='ocrx_word' id='word_1_110' title='bbox 733 2047 946 2113; x_wconf 85' lang='lat' dir='ltr'><strong>concessione</strong></span> <span class='ocrx_word' id='word_1_111' title='bbox 979 2048 1057 2114; x_wconf 91' lang='lat' dir='ltr'><strong>oriri</strong></span> <span class='ocrx_word' id='word_1_112' title='bbox 1088 2049 1203 2115; x_wconf 89' lang='lat' dir='ltr'><strong>debuit</strong></span> <span class='ocrx_word' id='word_1_113' title='bbox 1234 2067 1291 2116; x_wconf 90' lang='lat' dir='ltr'><strong>aut</strong></span> <span class='ocrx_word' id='word_1_114' title='bbox 1319 2072 1374 2117; x_wconf 90' lang='lat' dir='ltr'><strong>ex-</strong></span> 
     </span>
     <span class='ocr_line' id='line_1_14' title="bbox 201 2157 1373 2245; baseline 0.009 -25"><span class='ocrx_word' id='word_1_115' title='bbox 201 2175 311 2240; x_wconf 89' lang='lat' dir='ltr'><strong>pressa</strong></span> <span class='ocrx_word' id='word_1_116' title='bbox 335 2171 392 2222; x_wconf 90' lang='lat' dir='ltr'><strong>aut</strong></span> <span class='ocrx_word' id='word_1_117' title='bbox 412 2157 532 2239; x_wconf 92' lang='lat' dir='ltr'><strong>tacita,</strong></span> <span class='ocrx_word' id='word_1_118' title='bbox 546 2160 609 2224; x_wconf 90' lang='lat' dir='ltr'><strong>hoc</strong></span> <span class='ocrx_word' id='word_1_119' title='bbox 631 2174 701 2239; x_wconf 91' lang='lat' dir='ltr'><strong>est,</strong></span> <span class='ocrx_word' id='word_1_120' title='bbox 714 2160 995 2243; x_wconf 86' lang='lat' dir='ltr'><strong>praescriptione,</strong></span> <span class='ocrx_word' id='word_1_121' title='bbox 1012 2180 1120 2243; x_wconf 91' lang='lat' dir='ltr'><strong>neque</strong></span> <span class='ocrx_word' id='word_1_122' title='bbox 1140 2162 1233 2228; x_wconf 90' lang='lat' dir='ltr'><strong>aliter</strong></span> <span class='ocrx_word' id='word_1_123' title='bbox 1253 2177 1373 2245; x_wconf 90' lang='lat' dir='ltr'><strong>potest.</strong></span> 
     </span>
     <span class='ocr_line' id='line_1_15' title="bbox 202 2269 1373 2357; baseline 0.006 -23"><span class='ocrx_word' id='word_1_124' title='bbox 202 2269 378 2336; x_wconf 89' lang='lat' dir='ltr'><strong>Concessit</strong></span> <span class='ocrx_word' id='word_1_125' title='bbox 400 2290 520 2351; x_wconf 91' lang='lat' dir='ltr'><strong>nem0,</strong></span> <span class='ocrx_word' id='word_1_126' title='bbox 543 2270 607 2336; x_wconf 91' lang='lat' dir='ltr'><strong>nisi</strong></span> <span class='ocrx_word' id='word_1_127' title='bbox 630 2270 716 2336; x_wconf 84' lang='lat' dir='ltr'><strong>forte</strong></span> <span class='ocrx_word' id='word_1_128' title='bbox 739 2270 916 2353; x_wconf 89' lang='lat' dir='ltr'><strong>Pontifex,</strong></span> <span class='ocrx_word' id='word_1_129' title='bbox 942 2273 999 2354; x_wconf 94' lang='lat' dir='ltr'><strong>qui</strong></span> <span class='ocrx_word' id='word_1_130' title='bbox 1023 2291 1089 2338; x_wconf 93' lang='lat' dir='ltr'><strong>non</strong></span> <span class='ocrx_word' id='word_1_131' title='bbox 1112 2275 1232 2357; x_wconf 93' lang='lat' dir='ltr'><strong>potuit.</strong></span> <span class='ocrx_word' id='word_1_132' title='bbox 1265 2274 1373 2342; x_wconf 92' lang='lat' dir='ltr'><strong>Nemo</strong></span> 
     </span>
     <span class='ocr_line' id='line_1_16' title="bbox 200 2380 1373 2470; baseline 0.005 -25"><span class='ocrx_word' id='word_1_133' title='bbox 200 2380 311 2461; x_wconf 89' lang='lat' dir='ltr'><strong>enim,</strong></span> <span class='ocrx_word' id='word_1_134' title='bbox 336 2382 427 2463; x_wconf 90' lang='lat' dir='ltr'><strong>quod</strong></span> <span class='ocrx_word' id='word_1_135' title='bbox 455 2401 551 2448; x_wconf 92' lang='lat' dir='ltr'><strong>suum</strong></span> <span class='ocrx_word' id='word_1_136' title='bbox 582 2401 649 2447; x_wconf 90' lang='lat' dir='ltr'><strong>non</strong></span> <span class='ocrx_word' id='word_1_137' title='bbox 679 2398 728 2449; x_wconf 94' lang='lat' dir='ltr'><strong>est</strong></span> <span class='ocrx_word' id='word_1_138' title='bbox 758 2385 936 2450; x_wconf 89' lang='lat' dir='ltr'><strong>concedere</strong></span> <span class='ocrx_word' id='word_1_139' title='bbox 959 2400 1080 2467; x_wconf 90' lang='lat' dir='ltr'><strong>potest.</strong></span> <span class='ocrx_word' id='word_1_140' title='bbox 1127 2386 1175 2451; x_wconf 90' lang='lat' dir='ltr'><strong>At</strong></span> <span class='ocrx_word' id='word_1_141' title='bbox 1197 2385 1373 2470; x_wconf 83' lang='lat' dir='ltr'><strong>Pontifex,</strong></span> 
     </span>
     <span class='ocr_line' id='line_1_17' title="bbox 199 2492 1375 2582; baseline 0.005 -25"><span class='ocrx_word' id='word_1_142' title='bbox 199 2492 265 2558; x_wconf 91' lang='lat' dir='ltr'><strong>nisi</strong></span> <span class='ocrx_word' id='word_1_143' title='bbox 298 2494 402 2558; x_wconf 92' lang='lat' dir='ltr'><strong>totius</strong></span> <span class='ocrx_word' id='word_1_144' title='bbox 434 2494 547 2559; x_wconf 92' lang='lat' dir='ltr'><strong>mundi</strong></span> <span class='ocrx_word' id='word_1_145' title='bbox 581 2494 771 2578; x_wconf 90' lang='lat' dir='ltr'><strong>temporalis</strong></span> <span class='ocrx_word' id='word_1_146' title='bbox 803 2497 847 2562; x_wconf 90' lang='lat' dir='ltr'><strong>sit</strong></span> <span class='ocrx_word' id='word_1_147' title='bbox 870 2496 1043 2578; x_wconf 90' lang='lat' dir='ltr'><strong>dominus,</strong></span> <span class='ocrx_word' id='word_1_148' title='bbox 1069 2498 1161 2579; x_wconf 92' lang='lat' dir='ltr'><strong>quod</strong></span> <span class='ocrx_word' id='word_1_149' title='bbox 1184 2512 1304 2582; x_wconf 85' lang='lat' dir='ltr'><strong>negant</strong></span> <span class='ocrx_word' id='word_1_150' title='bbox 1325 2518 1375 2564; x_wconf 91' lang='lat' dir='ltr'><strong>sa·</strong></span> 
     </span>
     <span class='ocr_line' id='line_1_18' title="bbox 200 2604 1374 2693; baseline 0.005 -25"><span class='ocrx_word' id='word_1_151' title='bbox 200 2604 351 2687; x_wconf 87' lang='lat' dir='ltr'><strong>pientes,</strong></span> <span class='ocrx_word' id='word_1_152' title='bbox 373 2607 427 2690; x_wconf 89' lang='lat' dir='ltr'><strong>jus</strong></span> <span class='ocrx_word' id='word_1_153' title='bbox 457 2606 554 2671; x_wconf 87' lang='lat' dir='ltr'><strong>etiam</strong></span> <span class='ocrx_word' id='word_1_154' title='bbox 577 2607 846 2672; x_wconf 87' lang='lat' dir='ltr'><strong>commerciorum</strong></span> <span class='ocrx_word' id='word_1_155' title='bbox 872 2607 1055 2675; x_wconf 88' lang='lat' dir='ltr'><strong>universale</strong></span> <span class='ocrx_word' id='word_1_156' title='bbox 1077 2610 1129 2675; x_wconf 95' lang='lat' dir='ltr'><strong>sui</strong></span> <span class='ocrx_word' id='word_1_157' title='bbox 1150 2610 1234 2693; x_wconf 88' lang='lat' dir='ltr'><strong>juris</strong></span> <span class='ocrx_word' id='word_1_158' title='bbox 1267 2609 1374 2675; x_wconf 90' lang='lat' dir='ltr'><strong>dicere</strong></span> 
     </span>
     <span class='ocr_line' id='line_1_19' title="bbox 202 2718 1374 2803; baseline 0.005 -22"><span class='ocrx_word' id='word_1_159' title='bbox 202 2737 267 2784; x_wconf 93' lang='lat' dir='ltr'><strong>non</strong></span> <span class='ocrx_word' id='word_1_160' title='bbox 298 2732 417 2800; x_wconf 91' lang='lat' dir='ltr'><strong>potest.</strong></span> <span class='ocrx_word' id='word_1_161' title='bbox 464 2718 611 2784; x_wconf 86' lang='lat' dir='ltr'><strong>Maxime</strong></span> <span class='ocrx_word' id='word_1_162' title='bbox 634 2739 714 2784; x_wconf 87' lang='lat' dir='ltr'><strong>vero</strong></span> <span class='ocrx_word' id='word_1_163' title='bbox 736 2740 810 2785; x_wconf 91' lang='lat' dir='ltr'><strong>cum</strong></span> <span class='ocrx_word' id='word_1_164' title='bbox 835 2736 886 2784; x_wconf 91' lang='lat' dir='ltr'><strong>res</strong></span> <span class='ocrx_word' id='word_1_165' title='bbox 915 2720 959 2786; x_wconf 87' lang='lat' dir='ltr'><strong>sit</strong></span> <span class='ocrx_word' id='word_1_166' title='bbox 989 2720 1030 2784; x_wconf 90' lang='lat' dir='ltr'><strong>ad</strong></span> <span class='ocrx_word' id='word_1_167' title='bbox 1060 2722 1166 2785; x_wconf 91' lang='lat' dir='ltr'><strong>solum</strong></span> <span class='ocrx_word' id='word_1_168' title='bbox 1202 2736 1374 2803; x_wconf 92' lang='lat' dir='ltr'><strong>quaestum</strong></span> 
     </span>
     <span class='ocr_line' id='line_1_20' title="bbox 200 2830 1374 2916; baseline 0.004 -22"><span class='ocrx_word' id='word_1_169' title='bbox 200 2830 441 2894; x_wconf 91' lang='lat' dir='ltr'><strong>accommodata</strong></span> <span class='ocrx_word' id='word_1_170' title='bbox 458 2830 611 2913; x_wconf 89' lang='lat' dir='ltr'><strong>nihilque</strong></span> <span class='ocrx_word' id='word_1_171' title='bbox 627 2831 667 2895; x_wconf 89' lang='lat' dir='ltr'><strong>ad</strong></span> <span class='ocrx_word' id='word_1_172' title='bbox 689 2830 890 2914; x_wconf 90' lang='lat' dir='ltr'><strong>spiritualem</strong></span> <span class='ocrx_word' id='word_1_173' title='bbox 912 2832 1174 2914; x_wconf 88' lang='lat' dir='ltr'><strong>procurationem</strong></span> <span class='ocrx_word' id='word_1_174' title='bbox 1188 2833 1374 2916; x_wconf 89' lang='lat' dir='ltr'><strong>pertinens,</strong></span> 
     </span>
     <span class='ocr_line' id='line_1_21' title="bbox 199 2942 1374 3028; baseline 0.006 -23"><span class='ocrx_word' id='word_1_175' title='bbox 199 2956 289 3006; x_wconf 88' lang='lat' dir='ltr'><strong>extra</strong></span> <span class='ocrx_word' id='word_1_176' title='bbox 319 2962 416 3023; x_wconf 91' lang='lat' dir='ltr'><strong>quam</strong></span> <span class='ocrx_word' id='word_1_177' title='bbox 450 2957 577 3023; x_wconf 90' lang='lat' dir='ltr'><strong>cessat,</strong></span> <span class='ocrx_word' id='word_1_178' title='bbox 609 2959 648 3008; x_wconf 92' lang='lat' dir='ltr'><strong>ut</strong></span> <span class='ocrx_word' id='word_1_179' title='bbox 677 2942 820 3009; x_wconf 77' lang='lat' dir='ltr'><strong>fatentur</strong></span> <span class='ocrx_word' id='word_1_180' title='bbox 847 2963 981 3025; x_wconf 91' lang='lat' dir='ltr'><strong>omnes,</strong></span> <span class='ocrx_word' id='word_1_181' title='bbox 1018 2942 1193 3010; x_wconf 88' lang='lat' dir='ltr'><strong>Pontificia</strong></span> <span class='ocrx_word' id='word_1_182' title='bbox 1219 2961 1374 3028; x_wconf 90' lang='lat' dir='ltr'><strong>potestas.</strong></span> 
     </span>
     <span class='ocr_line' id='line_1_22' title="bbox 198 3053 1374 3140; baseline 0.006 -23"><span class='ocrx_word' id='word_1_183' title='bbox 198 3053 368 3119; x_wconf 88' lang='lat' dir='ltr'><strong>Praeterea</strong></span> <span class='ocrx_word' id='word_1_184' title='bbox 391 3054 419 3118; x_wconf 94' lang='lat' dir='ltr'><strong>si</strong></span> <span class='ocrx_word' id='word_1_185' title='bbox 440 3053 593 3119; x_wconf 83' lang='lat' dir='ltr'><strong>Pontifex</strong></span> <span class='ocrx_word' id='word_1_186' title='bbox 613 3055 693 3120; x_wconf 94' lang='lat' dir='ltr'><strong>solis</strong></span> <span class='ocrx_word' id='word_1_187' title='bbox 717 3055 799 3120; x_wconf 91' lang='lat' dir='ltr'><strong>illud</strong></span> <span class='ocrx_word' id='word_1_188' title='bbox 819 3055 989 3122; x_wconf 89' lang='lat' dir='ltr'><strong>Lusitanis</strong></span> <span class='ocrx_word' id='word_1_189' title='bbox 1008 3057 1062 3140; x_wconf 89' lang='lat' dir='ltr'><strong>jus</strong></span> <span class='ocrx_word' id='word_1_190' title='bbox 1087 3056 1230 3122; x_wconf 91' lang='lat' dir='ltr'><strong>tribuere</strong></span> <span class='ocrx_word' id='word_1_191' title='bbox 1253 3060 1374 3139; x_wconf 88' lang='lat' dir='ltr'><strong>vellet,</strong></span> 
     </span>
     <span class='ocr_line' id='line_1_23' title="bbox 200 3164 1373 3254; baseline 0.007 -25"><span class='ocrx_word' id='word_1_192' title='bbox 200 3164 353 3248; x_wconf 88' lang='lat' dir='ltr'><strong>idemque</strong></span> <span class='ocrx_word' id='word_1_193' title='bbox 367 3166 509 3231; x_wconf 89' lang='lat' dir='ltr'><strong>adimere</strong></span> <span class='ocrx_word' id='word_1_194' title='bbox 525 3167 716 3233; x_wconf 91' lang='lat' dir='ltr'><strong>hominibus</strong></span> <span class='ocrx_word' id='word_1_195' title='bbox 732 3168 882 3245; x_wconf 92' lang='lat' dir='ltr'><strong>caeteris,</strong></span> <span class='ocrx_word' id='word_1_196' title='bbox 896 3167 1058 3250; x_wconf 81' lang='lat' dir='ltr'><strong>duplicem</strong></span> <span class='ocrx_word' id='word_1_197' title='bbox 1072 3167 1194 3234; x_wconf 89' lang='lat' dir='ltr'><strong>faceret</strong></span> <span class='ocrx_word' id='word_1_198' title='bbox 1208 3170 1373 3254; x_wconf 89' lang='lat' dir='ltr'><strong>injuriam.</strong></span> 
     </span>
     <span class='ocr_line' id='line_1_24' title="bbox 200 3277 1376 3363; baseline 0.007 -22"><span class='ocrx_word' id='word_1_199' title='bbox 200 3278 345 3343; x_wconf 91' lang='lat' dir='ltr'><strong>Primum</strong></span> <span class='ocrx_word' id='word_1_200' title='bbox 366 3277 455 3344; x_wconf 93' lang='lat' dir='ltr'><strong>Indis</strong></span> <span class='ocrx_word' id='word_1_201' title='bbox 468 3325 480 3357; x_wconf 92' lang='lat'><strong>,</strong></span> <span class='ocrx_word' id='word_1_202' title='bbox 494 3297 580 3359; x_wconf 92' lang='lat' dir='ltr'><strong>quos</strong></span> <span class='ocrx_word' id='word_1_203' title='bbox 602 3293 639 3344; x_wconf 92' lang='lat' dir='ltr'><strong>ut</strong></span> <span class='ocrx_word' id='word_1_204' title='bbox 660 3295 753 3343; x_wconf 87' lang='lat' dir='ltr'><strong>extra</strong></span> <span class='ocrx_word' id='word_1_205' title='bbox 775 3280 945 3345; x_wconf 89' lang='lat' dir='ltr'><strong>ecclesiam</strong></span> <span class='ocrx_word' id='word_1_206' title='bbox 967 3280 1095 3363; x_wconf 90' lang='lat' dir='ltr'><strong>positos</strong></span> <span class='ocrx_word' id='word_1_207' title='bbox 1107 3281 1262 3347; x_wconf 89' lang='lat' dir='ltr'><strong>Pontifici</strong></span> <span class='ocrx_word' id='word_1_208' title='bbox 1285 3285 1376 3349; x_wconf 89' lang='lat' dir='ltr'><strong>nulla</strong></span> 
     </span>
     <span class='ocr_line' id='line_1_25' title="bbox 200 3390 1377 3478; baseline 0.008 -25"><span class='ocrx_word' id='word_1_209' title='bbox 200 3410 240 3454; x_wconf 92' lang='lat' dir='ltr'><strong>ex</strong></span> <span class='ocrx_word' id='word_1_210' title='bbox 272 3404 364 3471; x_wconf 88' lang='lat' dir='ltr'><strong>parte</strong></span> <span class='ocrx_word' id='word_1_211' title='bbox 385 3390 538 3457; x_wconf 93' lang='lat' dir='ltr'><strong>subditos</strong></span> <span class='ocrx_word' id='word_1_212' title='bbox 568 3410 639 3455; x_wconf 90' lang='lat' dir='ltr'><strong>esse</strong></span> <span class='ocrx_word' id='word_1_213' title='bbox 662 3390 815 3457; x_wconf 91' lang='lat' dir='ltr'><strong>diximus.</strong></span> <span class='ocrx_word' id='word_1_214' title='bbox 862 3392 927 3457; x_wconf 90' lang='lat' dir='ltr'><strong>His</strong></span> <span class='ocrx_word' id='word_1_215' title='bbox 957 3392 1059 3478; x_wconf 88' lang='lat' dir='ltr'><strong>igitur</strong></span> <span class='ocrx_word' id='word_1_216' title='bbox 1082 3414 1155 3459; x_wconf 93' lang='lat' dir='ltr'><strong>cum</strong></span> <span class='ocrx_word' id='word_1_217' title='bbox 1180 3394 1262 3458; x_wconf 89' lang='lat' dir='ltr'><strong>nihil</strong></span> <span class='ocrx_word' id='word_1_218' title='bbox 1285 3396 1377 3478; x_wconf 92' lang='lat' dir='ltr'><strong>quod</strong></span> 
     </span>
     <span class='ocr_line' id='line_1_26' title="bbox 200 3502 1376 3589; baseline 0.008 -24"><span class='ocrx_word' id='word_1_219' title='bbox 200 3502 346 3584; x_wconf 90' lang='lat' dir='ltr'><strong>ipsorum</strong></span> <span class='ocrx_word' id='word_1_220' title='bbox 377 3516 427 3566; x_wconf 91' lang='lat' dir='ltr'><strong>est</strong></span> <span class='ocrx_word' id='word_1_221' title='bbox 456 3502 596 3567; x_wconf 88' lang='lat' dir='ltr'><strong>adimere</strong></span> <span class='ocrx_word' id='word_1_222' title='bbox 619 3502 732 3586; x_wconf 88' lang='lat' dir='ltr'><strong>possit</strong></span> <span class='ocrx_word' id='word_1_223' title='bbox 763 3502 940 3584; x_wconf 88' lang='lat' dir='ltr'><strong>Pontifex,</strong></span> <span class='ocrx_word' id='word_1_224' title='bbox 966 3505 1061 3570; x_wconf 89' lang='lat' dir='ltr'><strong>etiam</strong></span> <span class='ocrx_word' id='word_1_225' title='bbox 1088 3506 1145 3589; x_wconf 84' lang='lat' dir='ltr'><strong>jus</strong></span> <span class='ocrx_word' id='word_1_226' title='bbox 1177 3506 1261 3571; x_wconf 92' lang='lat' dir='ltr'><strong>illud</strong></span> <span class='ocrx_word' id='word_1_227' title='bbox 1284 3508 1376 3589; x_wconf 90' lang='lat' dir='ltr'><strong>quod</strong></span> 
     </span>
     <span class='ocr_line' id='line_1_27' title="bbox 199 3613 1374 3701; baseline 0.006 -22"><span class='ocrx_word' id='word_1_228' title='bbox 199 3614 323 3679; x_wconf 89' lang='lat' dir='ltr'><strong>habent</strong></span> <span class='ocrx_word' id='word_1_229' title='bbox 369 3634 443 3679; x_wconf 89' lang='lat' dir='ltr'><strong>cum</strong></span> <span class='ocrx_word' id='word_1_230' title='bbox 491 3613 697 3696; x_wconf 90' lang='lat' dir='ltr'><strong>quibuslibet</strong></span> <span class='ocrx_word' id='word_1_231' title='bbox 739 3616 929 3700; x_wconf 84' lang='lat' dir='ltr'><strong>negotiandi</strong></span> <span class='ocrx_word' id='word_1_232' title='bbox 974 3618 1111 3682; x_wconf 92' lang='lat' dir='ltr'><strong>adimere</strong></span> <span class='ocrx_word' id='word_1_233' title='bbox 1146 3638 1211 3683; x_wconf 91' lang='lat' dir='ltr'><strong>non</strong></span> <span class='ocrx_word' id='word_1_234' title='bbox 1252 3620 1374 3701; x_wconf 89' lang='lat' dir='ltr'><strong>potuit.</strong></span> 
     </span>
     <span class='ocr_line' id='line_1_28' title="bbox 199 3725 1376 3797; baseline 0.005 -6"><span class='ocrx_word' id='word_1_235' title='bbox 199 3725 329 3791; x_wconf 88' lang='lat' dir='ltr'><strong>Deinde</strong></span> <span class='ocrx_word' id='word_1_236' title='bbox 359 3726 433 3792; x_wconf 92' lang='lat' dir='ltr'><strong>aliis</strong></span> <span class='ocrx_word' id='word_1_237' title='bbox 455 3726 646 3792; x_wconf 92' lang='lat' dir='ltr'><strong>hominibus</strong></span> <span class='ocrx_word' id='word_1_238' title='bbox 669 3728 823 3793; x_wconf 93' lang='lat' dir='ltr'><strong>omnibus</strong></span> <span class='ocrx_word' id='word_1_239' title='bbox 843 3728 1041 3793; x_wconf 89' lang='lat' dir='ltr'><strong>Christianis</strong></span> <span class='ocrx_word' id='word_1_240' title='bbox 1072 3743 1105 3793; x_wconf 93' lang='lat' dir='ltr'><strong>et</strong></span> <span class='ocrx_word' id='word_1_241' title='bbox 1131 3748 1197 3794; x_wconf 94' lang='lat' dir='ltr'><strong>non</strong></span> <span class='ocrx_word' id='word_1_242' title='bbox 1216 3728 1376 3797; x_wconf 89' lang='lat' dir='ltr'><strong>Christia-</strong></span> 
     </span>
     <span class='ocr_line' id='line_1_29' title="bbox 199 3837 1375 3925; baseline 0.006 -23"><span class='ocrx_word' id='word_1_243' title='bbox 199 3837 275 3918; x_wconf 88' lang='lat' dir='ltr'><strong>nis,</strong></span> <span class='ocrx_word' id='word_1_244' title='bbox 299 3838 420 3920; x_wconf 89' lang='lat' dir='ltr'><strong>quibus</strong></span> <span class='ocrx_word' id='word_1_245' title='bbox 443 3838 530 3904; x_wconf 92' lang='lat' dir='ltr'><strong>idem</strong></span> <span class='ocrx_word' id='word_1_246' title='bbox 552 3839 634 3904; x_wconf 93' lang='lat' dir='ltr'><strong>illud</strong></span> <span class='ocrx_word' id='word_1_247' title='bbox 656 3842 730 3924; x_wconf 87' lang='lat' dir='ltr'><strong>jus,</strong></span> <span class='ocrx_word' id='word_1_248' title='bbox 754 3840 895 3905; x_wconf 91' lang='lat' dir='ltr'><strong>adimere</strong></span> <span class='ocrx_word' id='word_1_249' title='bbox 924 3858 990 3905; x_wconf 91' lang='lat' dir='ltr'><strong>non</strong></span> <span class='ocrx_word' id='word_1_250' title='bbox 1021 3840 1132 3923; x_wconf 91' lang='lat' dir='ltr'><strong>potuit</strong></span> <span class='ocrx_word' id='word_1_251' title='bbox 1162 3841 1231 3906; x_wconf 90' lang='lat' dir='ltr'><strong>sine</strong></span> <span class='ocrx_word' id='word_1_252' title='bbox 1254 3863 1375 3925; x_wconf 90' lang='lat' dir='ltr'><strong>causa,</strong></span> 
     </span>
     <span class='ocr_line' id='line_1_30' title="bbox 200 3950 1375 4035; baseline 0.005 -20"><span class='ocrx_word' id='word_1_253' title='bbox 200 3964 256 4015; x_wconf 92' lang='lat' dir='ltr'><strong>aut</strong></span> <span class='ocrx_word' id='word_1_254' title='bbox 279 3970 376 4016; x_wconf 88' lang='lat' dir='ltr'><strong>causa</strong></span> <span class='ocrx_word' id='word_1_255' title='bbox 397 3950 532 4017; x_wconf 86' lang='lat' dir='ltr'><strong>indicta.</strong></span> <span class='ocrx_word' id='word_1_256' title='bbox 590 3952 680 4017; x_wconf 82' lang='lat' dir='ltr'><strong>Quid</strong></span> <span class='ocrx_word' id='word_1_257' title='bbox 705 3952 857 4035; x_wconf 90' lang='lat' dir='ltr'><strong>quodne</strong></span> <span class='ocrx_word' id='word_1_258' title='bbox 879 3953 1072 4035; x_wconf 90' lang='lat' dir='ltr'><strong>temporales</strong></span> <span class='ocrx_word' id='word_1_259' title='bbox 1095 3952 1227 4034; x_wconf 91' lang='lat' dir='ltr'><strong>quidem</strong></span> <span class='ocrx_word' id='word_1_260' title='bbox 1250 3955 1375 4021; x_wconf 91' lang='lat' dir='ltr'><strong>domini</strong></span> 
     </span>
     <span class='ocr_line' id='line_1_31' title="bbox 201 4060 1375 4148; baseline 0.005 -23"><span class='ocrx_word' id='word_1_261' title='bbox 201 4060 232 4125; x_wconf 92' lang='lat' dir='ltr'><strong>in</strong></span> <span class='ocrx_word' id='word_1_262' title='bbox 256 4061 325 4127; x_wconf 90' lang='lat' dir='ltr'><strong>suis</strong></span> <span class='ocrx_word' id='word_1_263' title='bbox 350 4060 493 4145; x_wconf 90' lang='lat' dir='ltr'><strong>imperiis</strong></span> <span class='ocrx_word' id='word_1_264' title='bbox 516 4064 691 4147; x_wconf 91' lang='lat' dir='ltr'><strong>prohibere</strong></span> <span class='ocrx_word' id='word_1_265' title='bbox 713 4079 854 4148; x_wconf 87' lang='lat' dir='ltr'><strong>possunt</strong></span> <span class='ocrx_word' id='word_1_266' title='bbox 876 4064 1145 4130; x_wconf 89' lang='lat' dir='ltr'><strong>commerciorum</strong></span> <span class='ocrx_word' id='word_1_267' title='bbox 1170 4063 1375 4148; x_wconf 87' lang='lat' dir='ltr'><strong>libertatem,</strong></span> 
     </span>
     <span class='ocr_line' id='line_1_32' title="bbox 201 4162 1378 4245; baseline 0.006 -7"><span class='ocrx_word' id='word_1_268' title='bbox 201 4172 251 4238; x_wconf 93' lang='lat' dir='ltr'><strong>uti</strong></span> <span class='ocrx_word' id='word_1_269' title='bbox 274 4162 460 4239; x_wconf 83' lang='lat' dir='ltr'><strong>rationibus</strong></span> <span class='ocrx_word' id='word_1_270' title='bbox 484 4189 517 4239; x_wconf 92' lang='lat' dir='ltr'><strong>et</strong></span> <span class='ocrx_word' id='word_1_271' title='bbox 536 4176 788 4243; x_wconf 90' lang='lat' dir='ltr'><strong>auctoritatibus</strong></span> <span class='ocrx_word' id='word_1_272' title='bbox 808 4191 888 4243; x_wconf 84' lang='lat' dir='ltr'><strong>ante.</strong></span> <span class='ocrx_word' id='word_1_273' title='bbox 898 4178 1157 4243; x_wconf 89' lang='lat' dir='ltr'><strong>demonstratum</strong></span> <span class='ocrx_word' id='word_1_274' title='bbox 1185 4178 1261 4243; x_wconf 78' lang='lat' dir='ltr'><strong>est‘l</strong></span> <span class='ocrx_word' id='word_1_275' title='bbox 1283 4178 1378 4245; x_wconf 89' lang='lat' dir='ltr'><strong>Sicut</strong></span> 
     </span>
     <span class='ocr_line' id='line_1_33' title="bbox 201 4286 1375 4376; baseline 0.005 -25"><span class='ocrx_word' id='word_1_276' title='bbox 201 4300 234 4351; x_wconf 91' lang='lat' dir='ltr'><strong>et</strong></span> <span class='ocrx_word' id='word_1_277' title='bbox 265 4286 348 4351; x_wconf 92' lang='lat' dir='ltr'><strong>illud</strong></span> <span class='ocrx_word' id='word_1_278' title='bbox 370 4286 595 4354; x_wconf 87' lang='lat' dir='ltr'><strong>confitendum</strong></span> <span class='ocrx_word' id='word_1_279' title='bbox 617 4303 688 4370; x_wconf 92' lang='lat' dir='ltr'><strong>est,</strong></span> <span class='ocrx_word' id='word_1_280' title='bbox 712 4304 824 4356; x_wconf 91' lang='lat' dir='ltr'><strong>contra</strong></span> <span class='ocrx_word' id='word_1_281' title='bbox 844 4291 899 4375; x_wconf 82' lang='lat' dir='ltr'><strong>J&#39;us</strong></span> <span class='ocrx_word' id='word_1_282' title='bbox 922 4304 1116 4373; x_wconf 90' lang='lat' dir='ltr'><strong>perpetuum</strong></span> <span class='ocrx_word' id='word_1_283' title='bbox 1140 4303 1274 4356; x_wconf 88' lang='lat' dir='ltr'><strong>naturae</strong></span> <span class='ocrx_word' id='word_1_284' title='bbox 1298 4310 1375 4376; x_wconf 87' lang='lat' dir='ltr'><strong>gen·</strong></span> 
     </span>
     <span class='ocr_line' id='line_1_34' title="bbox 200 4398 1376 4488; baseline 0.007 -25"><span class='ocrx_word' id='word_1_285' title='bbox 200 4398 371 4480; x_wconf 89' lang='lat' dir='ltr'><strong>tiumque,</strong></span> <span class='ocrx_word' id='word_1_286' title='bbox 396 4399 483 4465; x_wconf 93' lang='lat' dir='ltr'><strong>unde</strong></span> <span class='ocrx_word' id='word_1_287' title='bbox 513 4401 576 4466; x_wconf 87' lang='lat' dir='ltr'><strong>ista</strong></span> <span class='ocrx_word' id='word_1_288' title='bbox 606 4401 739 4469; x_wconf 89' lang='lat' dir='ltr'><strong>libertas</strong></span> <span class='ocrx_word' id='word_1_289' title='bbox 760 4403 917 4488; x_wconf 85' lang='lat' dir='ltr'><strong>originem</strong></span> <span class='ocrx_word' id='word_1_290' title='bbox 938 4402 1056 4469; x_wconf 90' lang='lat' dir='ltr'><strong>sumsit</strong></span> <span class='ocrx_word' id='word_1_291' title='bbox 1076 4401 1109 4467; x_wconf 90' lang='lat' dir='ltr'><strong>in</strong></span> <span class='ocrx_word' id='word_1_292' title='bbox 1132 4421 1228 4468; x_wconf 89' lang='lat' dir='ltr'><strong>omne</strong></span> <span class='ocrx_word' id='word_1_293' title='bbox 1248 4418 1376 4487; x_wconf 90' lang='lat' dir='ltr'><strong>tempus</strong></span> 
     </span>
     <span class='ocr_line' id='line_1_35' title="bbox 203 4511 1378 4599; baseline 0.005 -22"><span class='ocrx_word' id='word_1_294' title='bbox 203 4511 379 4594; x_wconf 88' lang='lat' dir='ltr'><strong>duratura,</strong></span> <span class='ocrx_word' id='word_1_295' title='bbox 402 4513 526 4579; x_wconf 88' lang='lat' dir='ltr'><strong>nullam</strong></span> <span class='ocrx_word' id='word_1_296' title='bbox 546 4514 656 4581; x_wconf 86' lang='lat' dir='ltr'><strong>valere</strong></span> <span class='ocrx_word' id='word_1_297' title='bbox 674 4514 846 4583; x_wconf 90' lang='lat' dir='ltr'><strong>Pontificis</strong></span> <span class='ocrx_word' id='word_1_298' title='bbox 867 4513 1103 4582; x_wconf 89' lang='lat' dir='ltr'><strong>auctoritatem.</strong></span> <span class='ocrx_word' id='word_1_299' title='bbox 1149 4513 1267 4581; x_wconf 90' lang='lat' dir='ltr'><strong>Restat</strong></span> <span class='ocrx_word' id='word_1_300' title='bbox 1286 4536 1378 4599; x_wconf 87' lang='lat' dir='ltr'><strong>prae·</strong></span> 
     </span>
    </p>
   </div>
   <div class='ocr_carea' id='block_1_3' title="bbox 0 0 1734 5434">
    <p class='ocr_par' dir='ltr' id='par_1_3' title="bbox 0 0 1734 5434">
     <span class='ocr_line' id='line_1_36' title="bbox 0 0 1734 5434; baseline 0 0"><span class='ocrx_word' id='word_1_301' title='bbox 0 0 1734 5434; x_wconf 95' lang='lat' dir='ltr'><strong> </strong></span> 
     </span>
    </p>
   </div>
  </div>
 </body>
</html>
