<?xml version="1.0" encoding="UTF-8"?>
<!DOCTYPE html PUBLIC "-//W3C//DTD XHTML 1.0 Transitional//EN"
    "http://www.w3.org/TR/xhtml1/DTD/xhtml1-transitional.dtd">
<html xmlns="http://www.w3.org/1999/xhtml" xml:lang="en" lang="en">
 <head>
  <title>
</title>
<meta http-equiv="Content-Type" content="text/html;charset=utf-8" />
  <meta name='ocr-system' content='tesseract 3.04.00' />
  <meta name='ocr-capabilities' content='ocr_page ocr_carea ocr_par ocr_line ocrx_word'/>
</head>
<body>
  <div class='ocr_page' id='page_1' title='image "./ledroitdeprised02hamagoog_0349.png"; bbox 0 0 3450 5434; ppageno 0'>
   <div class='ocr_carea' id='block_1_1' title="bbox 508 644 1380 714">
    <p class='ocr_par' dir='ltr' id='par_1_1' title="bbox 508 644 1380 714">
     <span class='ocr_line' id='line_1_1' title="bbox 508 644 1380 714; baseline -0.002 -20"><span class='ocrx_word' id='word_1_1' title='bbox 508 647 555 694; x_wconf 80' lang='lat' dir='ltr'><strong>uu</strong></span> <span class='ocrx_word' id='word_1_2' title='bbox 579 646 673 714; x_wconf 73' lang='lat' dir='ltr'><strong>June.</strong></span> <span class='ocrx_word' id='word_1_3' title='bbox 699 644 883 694; x_wconf 70' lang='lat' dir='ltr'><strong>nunaunt.</strong></span> <span class='ocrx_word' id='word_1_4' title='bbox 910 646 989 695; x_wconf 84' lang='lat' dir='ltr'><strong>cnr.</strong></span> <span class='ocrx_word' id='word_1_5' title='bbox 1014 648 1070 692; x_wconf 89' lang='lat' dir='ltr'><strong>xv.</strong></span> <span class='ocrx_word' id='word_1_6' title='bbox 1318 645 1380 708; x_wconf 80' lang='lat'><strong>327</strong></span> 
     </span>
    </p>
   </div>
   <div class='ocr_carea' id='block_1_2' title="bbox 209 800 1500 4571">
    <p class='ocr_par' dir='ltr' id='par_1_2' title="bbox 209 800 1500 4571">
     <span class='ocr_line' id='line_1_2' title="bbox 209 800 1382 886; baseline -0.006 -15"><span class='ocrx_word' id='word_1_7' title='bbox 209 820 316 871; x_wconf 90' lang='lat' dir='ltr'><strong>totum</strong></span> <span class='ocrx_word' id='word_1_8' title='bbox 344 804 428 870; x_wconf 88' lang='lat' dir='ltr'><strong>illud</strong></span> <span class='ocrx_word' id='word_1_9' title='bbox 456 801 597 886; x_wconf 92' lang='lat' dir='ltr'><strong>vectigal</strong></span> <span class='ocrx_word' id='word_1_10' title='bbox 626 800 775 867; x_wconf 88' lang='lat' dir='ltr'><strong>Indicum</strong></span> <span class='ocrx_word' id='word_1_11' title='bbox 803 801 936 884; x_wconf 86' lang='lat' dir='ltr'><strong>peribit.</strong></span> <span class='ocrx_word' id='word_1_12' title='bbox 984 803 1036 868; x_wconf 83' lang='lat' dir='ltr'><strong>Ex</strong></span> <span class='ocrx_word' id='word_1_13' title='bbox 1056 818 1199 884; x_wconf 90' lang='lat' dir='ltr'><strong>utroque</strong></span> <span class='ocrx_word' id='word_1_14' title='bbox 1234 821 1300 867; x_wconf 92' lang='lat' dir='ltr'><strong>non</strong></span> <span class='ocrx_word' id='word_1_15' title='bbox 1333 813 1382 866; x_wconf 89' lang='lat' dir='ltr'><strong>est</strong></span> 
     </span>
     <span class='ocr_line' id='line_1_3' title="bbox 210 913 1380 997; baseline -0.003 -15"><span class='ocrx_word' id='word_1_16' title='bbox 210 918 388 982; x_wconf 88' lang='lat' dir='ltr'><strong>obscurum</strong></span> <span class='ocrx_word' id='word_1_17' title='bbox 418 914 533 997; x_wconf 89' lang='lat' dir='ltr'><strong>quanti</strong></span> <span class='ocrx_word' id='word_1_18' title='bbox 563 913 693 980; x_wconf 87' lang='lat' dir='ltr'><strong>fructus</strong></span> <span class='ocrx_word' id='word_1_19' title='bbox 721 913 761 977; x_wconf 88' lang='lat' dir='ltr'><strong>ad</strong></span> <span class='ocrx_word' id='word_1_20' title='bbox 790 914 1023 995; x_wconf 87' lang='lat' dir='ltr'><strong>rempublicam</strong></span> <span class='ocrx_word' id='word_1_21' title='bbox 1053 914 1269 996; x_wconf 89' lang='lat' dir='ltr'><strong>perveniant,</strong></span> <span class='ocrx_word' id='word_1_22' title='bbox 1305 933 1380 979; x_wconf 87' lang='lat' dir='ltr'><strong>cum</strong></span> 
     </span>
     <span class='ocr_line' id='line_1_4' title="bbox 209 1024 1380 1111; baseline -0.004 -17"><span class='ocrx_word' id='word_1_23' title='bbox 209 1026 380 1111; x_wconf 85' lang='lat' dir='ltr'><strong>pecuniam</strong></span> <span class='ocrx_word' id='word_1_24' title='bbox 407 1045 544 1094; x_wconf 87' lang='lat' dir='ltr'><strong>nervum</strong></span> <span class='ocrx_word' id='word_1_25' title='bbox 574 1043 648 1092; x_wconf 90' lang='lat' dir='ltr'><strong>esse</strong></span> <span class='ocrx_word' id='word_1_26' title='bbox 678 1024 757 1089; x_wconf 90' lang='lat' dir='ltr'><strong>belli</strong></span> <span class='ocrx_word' id='word_1_27' title='bbox 785 1025 994 1091; x_wconf 90' lang='lat' dir='ltr'><strong>notissimum</strong></span> <span class='ocrx_word' id='word_1_28' title='bbox 1025 1026 1090 1106; x_wconf 89' lang='lat' dir='ltr'><strong>sit,</strong></span> <span class='ocrx_word' id='word_1_29' title='bbox 1124 1045 1219 1107; x_wconf 91' lang='lat' dir='ltr'><strong>quam</strong></span> <span class='ocrx_word' id='word_1_30' title='bbox 1249 1041 1288 1090; x_wconf 94' lang='lat' dir='ltr'><strong>ut</strong></span> <span class='ocrx_word' id='word_1_31' title='bbox 1317 1025 1380 1092; x_wconf 87' lang='lat' dir='ltr'>sibi</span> 
     </span>
     <span class='ocr_line' id='line_1_5' title="bbox 210 1134 1380 1221; baseline -0.004 -16"><span class='ocrx_word' id='word_1_32' title='bbox 210 1157 395 1221; x_wconf 87' lang='lat' dir='ltr'><strong>comparare</strong></span> <span class='ocrx_word' id='word_1_33' title='bbox 423 1135 599 1201; x_wconf 85' lang='lat' dir='ltr'><strong>maximum</strong></span> <span class='ocrx_word' id='word_1_34' title='bbox 627 1134 725 1200; x_wconf 88' lang='lat' dir='ltr'><strong>habet</strong></span> <span class='ocrx_word' id='word_1_35' title='bbox 754 1149 979 1218; x_wconf 85' lang='lat' dir='ltr'><strong>momentum,</strong></span> <span class='ocrx_word' id='word_1_36' title='bbox 1014 1136 1058 1202; x_wconf 89' lang='lat' dir='ltr'><strong>ita</strong></span> <span class='ocrx_word' id='word_1_37' title='bbox 1089 1135 1167 1202; x_wconf 94' lang='lat' dir='ltr'><strong>huic</strong></span> <span class='ocrx_word' id='word_1_38' title='bbox 1195 1134 1380 1219; x_wconf 86' lang='lat' dir='ltr'><strong>proximum</strong></span> 
     </span>
     <span class='ocr_line' id='line_1_6' title="bbox 211 1246 1381 1336; baseline -0.004 -20"><span class='ocrx_word' id='word_1_39' title='bbox 211 1267 261 1317; x_wconf 91' lang='lat' dir='ltr'><strong>est</strong></span> <span class='ocrx_word' id='word_1_40' title='bbox 278 1251 421 1316; x_wconf 81' lang='lat' dir='ltr'><strong>earrrdem</strong></span> <span class='ocrx_word' id='word_1_41' title='bbox 441 1249 530 1316; x_wconf 91' lang='lat' dir='ltr'><strong>hosti</strong></span> <span class='ocrx_word' id='word_1_42' title='bbox 543 1264 699 1316; x_wconf 88' lang='lat' dir='ltr'><strong>avertere.</strong></span> <span class='ocrx_word' id='word_1_43' title='bbox 723 1248 853 1336; x_wconf 90' lang='lat' dir='ltr'><strong>Quodsi</strong></span> <span class='ocrx_word' id='word_1_44' title='bbox 864 1248 1008 1314; x_wconf 90' lang='lat' dir='ltr'><strong>obtineri</strong></span> <span class='ocrx_word' id='word_1_45' title='bbox 1028 1261 1138 1330; x_wconf 90' lang='lat' dir='ltr'><strong>potest</strong></span> <span class='ocrx_word' id='word_1_46' title='bbox 1156 1261 1194 1313; x_wconf 94' lang='lat' dir='ltr'><strong>ut</strong></span> <span class='ocrx_word' id='word_1_47' title='bbox 1203 1246 1381 1328; x_wconf 86' lang='lat' dir='ltr'><strong>Philippo,</strong></span> 
     </span>
     <span class='ocr_line' id='line_1_7' title="bbox 210 1355 1381 1444; baseline -0.008 -15"><span class='ocrx_word' id='word_1_48' title='bbox 210 1363 297 1430; x_wconf 92' lang='lat' dir='ltr'><strong>sicut</strong></span> <span class='ocrx_word' id='word_1_49' title='bbox 326 1363 361 1428; x_wconf 91' lang='lat' dir='ltr'><strong>in</strong></span> <span class='ocrx_word' id='word_1_50' title='bbox 390 1361 574 1444; x_wconf 80' lang='lat' dir='ltr'>Europaeis</span> <span class='ocrx_word' id='word_1_51' title='bbox 602 1360 799 1443; x_wconf 89' lang='lat' dir='ltr'><strong>quibusdam</strong></span> <span class='ocrx_word' id='word_1_52' title='bbox 827 1358 1115 1444; x_wconf 87' lang='lat' dir='ltr'><strong>possessionibus,</strong></span> <span class='ocrx_word' id='word_1_53' title='bbox 1138 1357 1182 1424; x_wconf 91' lang='lat' dir='ltr'><strong>ita</strong></span> <span class='ocrx_word' id='word_1_54' title='bbox 1206 1357 1240 1422; x_wconf 93' lang='lat' dir='ltr'><strong>in</strong></span> <span class='ocrx_word' id='word_1_55' title='bbox 1260 1355 1381 1424; x_wconf 90' lang='lat' dir='ltr'><strong>Indicis</strong></span> 
     </span>
     <span class='ocr_line' id='line_1_8' title="bbox 212 1466 1382 1558; baseline -0.005 -18"><span class='ocrx_word' id='word_1_56' title='bbox 212 1489 393 1558; x_wconf 90' lang='lat' dir='ltr'><strong>proventus</strong></span> <span class='ocrx_word' id='word_1_57' title='bbox 418 1474 610 1555; x_wconf 85' lang='lat' dir='ltr'><strong>reditusque</strong></span> <span class='ocrx_word' id='word_1_58' title='bbox 637 1492 751 1539; x_wconf 86' lang='lat' dir='ltr'><strong>ornnes</strong></span> <span class='ocrx_word' id='word_1_59' title='bbox 779 1471 972 1554; x_wconf 84' lang='lat' dir='ltr'><strong>aequalibus</strong></span> <span class='ocrx_word' id='word_1_60' title='bbox 1000 1485 1176 1538; x_wconf 89' lang='lat' dir='ltr'><strong>onerentur</strong></span> <span class='ocrx_word' id='word_1_61' title='bbox 1203 1466 1382 1552; x_wconf 87' lang='lat' dir='ltr'><strong>impensis,</strong></span> 
     </span>
     <span class='ocr_line' id='line_1_9' title="bbox 213 1580 1384 1668; baseline -0.007 -16"><span class='ocrx_word' id='word_1_62' title='bbox 213 1607 273 1652; x_wconf 89' lang='lat' dir='ltr'><strong>nae</strong></span> <span class='ocrx_word' id='word_1_63' title='bbox 301 1586 386 1652; x_wconf 91' lang='lat' dir='ltr'><strong>illud</strong></span> <span class='ocrx_word' id='word_1_64' title='bbox 413 1583 564 1651; x_wconf 87' lang='lat' dir='ltr'><strong>futurum</strong></span> <span class='ocrx_word' id='word_1_65' title='bbox 585 1600 656 1668; x_wconf 90' lang='lat' dir='ltr'><strong>est,</strong></span> <span class='ocrx_word' id='word_1_66' title='bbox 681 1600 719 1649; x_wconf 93' lang='lat' dir='ltr'><strong>ut</strong></span> <span class='ocrx_word' id='word_1_67' title='bbox 738 1587 844 1649; x_wconf 90' lang='lat' dir='ltr'><strong>multo</strong></span> <span class='ocrx_word' id='word_1_68' title='bbox 869 1584 1005 1666; x_wconf 88' lang='lat' dir='ltr'><strong>posthac</strong></span> <span class='ocrx_word' id='word_1_69' title='bbox 1023 1581 1225 1648; x_wconf 89' lang='lat' dir='ltr'><strong>commodior</strong></span> <span class='ocrx_word' id='word_1_70' title='bbox 1244 1581 1287 1646; x_wconf 93' lang='lat' dir='ltr'><strong>sit</strong></span> <span class='ocrx_word' id='word_1_71' title='bbox 1306 1580 1384 1646; x_wconf 90' lang='lat' dir='ltr'><strong>belli</strong></span> 
     </span>
     <span class='ocr_line' id='line_1_10' title="bbox 212 1692 1385 1780; baseline -0.007 -16"><span class='ocrx_word' id='word_1_72' title='bbox 212 1697 462 1764; x_wconf 88' lang='lat' dir='ltr'><strong>administratio.</strong></span> <span class='ocrx_word' id='word_1_73' title='bbox 487 1697 607 1780; x_wconf 89' lang='lat' dir='ltr'><strong>Neque</strong></span> <span class='ocrx_word' id='word_1_74' title='bbox 618 1697 704 1763; x_wconf 88' lang='lat' dir='ltr'><strong>enim</strong></span> <span class='ocrx_word' id='word_1_75' title='bbox 716 1695 860 1762; x_wconf 90' lang='lat' dir='ltr'><strong>dubitari</strong></span> <span class='ocrx_word' id='word_1_76' title='bbox 873 1709 983 1779; x_wconf 90' lang='lat' dir='ltr'><strong>potest</strong></span> <span class='ocrx_word' id='word_1_77' title='bbox 992 1694 1048 1774; x_wconf 93' lang='lat' dir='ltr'><strong>id,</strong></span> <span class='ocrx_word' id='word_1_78' title='bbox 1060 1694 1152 1777; x_wconf 92' lang='lat' dir='ltr'><strong>quod</strong></span> <span class='ocrx_word' id='word_1_79' title='bbox 1170 1714 1212 1760; x_wconf 84' lang='lat' dir='ltr'><strong>ex</strong></span> <span class='ocrx_word' id='word_1_80' title='bbox 1224 1692 1385 1775; x_wconf 82' lang='lat' dir='ltr'><strong>Hispania</strong></span> 
     </span>
     <span class='ocr_line' id='line_1_11' title="bbox 213 1805 1384 1892; baseline -0.002 -20"><span class='ocrx_word' id='word_1_81' title='bbox 213 1828 272 1891; x_wconf 89' lang='lat' dir='ltr'><strong>per</strong></span> <span class='ocrx_word' id='word_1_82' title='bbox 300 1808 431 1875; x_wconf 85' lang='lat' dir='ltr'><strong>Italicas</strong></span> <span class='ocrx_word' id='word_1_83' title='bbox 456 1808 668 1892; x_wconf 74' lang='lat' dir='ltr'><strong>traiectiones</strong></span> <span class='ocrx_word' id='word_1_84' title='bbox 695 1807 947 1890; x_wconf 88' lang='lat' dir='ltr'><strong>suppeditatur,</strong></span> <span class='ocrx_word' id='word_1_85' title='bbox 977 1807 1188 1891; x_wconf 88' lang='lat' dir='ltr'><strong>praecipuum</strong></span> <span class='ocrx_word' id='word_1_86' title='bbox 1213 1823 1284 1872; x_wconf 89' lang='lat' dir='ltr'><strong>esse</strong></span> <span class='ocrx_word' id='word_1_87' title='bbox 1306 1805 1384 1871; x_wconf 85' lang='lat' dir='ltr'><strong>belli</strong></span> 
     </span>
     <span class='ocr_line' id='line_1_12' title="bbox 214 1916 1386 2006; baseline 0 -23"><span class='ocrx_word' id='word_1_88' title='bbox 214 1918 311 1985; x_wconf 91' lang='lat' dir='ltr'><strong>istius</strong></span> <span class='ocrx_word' id='word_1_89' title='bbox 333 1919 534 2006; x_wconf 83' lang='lat' dir='ltr'><strong>alimentum.</strong></span> <span class='ocrx_word' id='word_1_90' title='bbox 581 1920 668 1985; x_wconf 90' lang='lat' dir='ltr'><strong>Nam</strong></span> <span class='ocrx_word' id='word_1_91' title='bbox 690 1919 717 1984; x_wconf 95' lang='lat' dir='ltr'><strong>si</strong></span> <span class='ocrx_word' id='word_1_92' title='bbox 741 1939 816 1985; x_wconf 91' lang='lat' dir='ltr'><strong>cum</strong></span> <span class='ocrx_word' id='word_1_93' title='bbox 839 1919 920 1985; x_wconf 92' lang='lat' dir='ltr'><strong>solis</strong></span> <span class='ocrx_word' id='word_1_94' title='bbox 941 1918 1110 2002; x_wconf 86' lang='lat' dir='ltr'><strong>Belgarum</strong></span> <span class='ocrx_word' id='word_1_95' title='bbox 1131 1916 1265 1984; x_wconf 90' lang='lat' dir='ltr'><strong>alterius</strong></span> <span class='ocrx_word' id='word_1_96' title='bbox 1284 1916 1386 2000; x_wconf 91' lang='lat' dir='ltr'><strong>partis</strong></span> 
     </span>
     <span class='ocr_line' id='line_1_13' title="bbox 214 2027 1387 2115; baseline -0.003 -19"><span class='ocrx_word' id='word_1_97' title='bbox 214 2030 430 2115; x_wconf 88' lang='lat' dir='ltr'><strong>vectigalibus</strong></span> <span class='ocrx_word' id='word_1_98' title='bbox 459 2044 756 2113; x_wconf 85' lang='lat' dir='ltr'><strong>componerentur,</strong></span> <span class='ocrx_word' id='word_1_99' title='bbox 786 2030 978 2114; x_wconf 75' lang='lat' dir='ltr'><strong>iamdudum</strong></span> <span class='ocrx_word' id='word_1_100' title='bbox 1002 2049 1068 2094; x_wconf 89' lang='lat' dir='ltr'><strong>rem</strong></span> <span class='ocrx_word' id='word_1_101' title='bbox 1091 2027 1207 2095; x_wconf 75' lang='lat' dir='ltr'><strong>iactam</strong></span> <span class='ocrx_word' id='word_1_102' title='bbox 1229 2029 1387 2094; x_wconf 87' lang='lat' dir='ltr'><strong>haberent</strong></span> 
     </span>
     <span class='ocr_line' id='line_1_14' title="bbox 215 2138 1386 2226; baseline -0.003 -19"><span class='ocrx_word' id='word_1_103' title='bbox 215 2142 340 2208; x_wconf 89' lang='lat' dir='ltr'><strong>Batavi.</strong></span> <span class='ocrx_word' id='word_1_104' title='bbox 386 2142 421 2208; x_wconf 89' lang='lat' dir='ltr'><strong>Si</strong></span> <span class='ocrx_word' id='word_1_105' title='bbox 445 2141 545 2226; x_wconf 90' lang='lat' dir='ltr'><strong>igitur</strong></span> <span class='ocrx_word' id='word_1_106' title='bbox 569 2141 801 2223; x_wconf 87' lang='lat' dir='ltr'><strong>Hispaniarum</strong></span> <span class='ocrx_word' id='word_1_107' title='bbox 825 2141 950 2208; x_wconf 88' lang='lat' dir='ltr'><strong>reditus</strong></span> <span class='ocrx_word' id='word_1_108' title='bbox 973 2154 1006 2206; x_wconf 90' lang='lat' dir='ltr'><strong>et</strong></span> <span class='ocrx_word' id='word_1_109' title='bbox 1028 2159 1087 2225; x_wconf 91' lang='lat' dir='ltr'><strong>per</strong></span> <span class='ocrx_word' id='word_1_110' title='bbox 1110 2141 1170 2206; x_wconf 90' lang='lat' dir='ltr'><strong>hos</strong></span> <span class='ocrx_word' id='word_1_111' title='bbox 1194 2138 1386 2222; x_wconf 86' lang='lat' dir='ltr'><strong>expediendi</strong></span> 
     </span>
     <span class='ocr_line' id='line_1_15' title="bbox 215 2251 1386 2338; baseline -0.004 -18"><span class='ocrx_word' id='word_1_112' title='bbox 215 2252 340 2338; x_wconf 83' lang='lat' dir='ltr'><strong>argenti</strong></span> <span class='ocrx_word' id='word_1_113' title='bbox 369 2251 452 2320; x_wconf 86' lang='lat' dir='ltr'><strong>fides</strong></span> <span class='ocrx_word' id='word_1_114' title='bbox 481 2252 660 2334; x_wconf 89' lang='lat' dir='ltr'><strong>defecerit,</strong></span> <span class='ocrx_word' id='word_1_115' title='bbox 694 2254 776 2336; x_wconf 86' lang='lat' dir='ltr'><strong>quid</strong></span> <span class='ocrx_word' id='word_1_116' title='bbox 802 2253 894 2320; x_wconf 92' lang='lat' dir='ltr'><strong>aliud</strong></span> <span class='ocrx_word' id='word_1_117' title='bbox 913 2253 1168 2336; x_wconf 84' lang='lat' dir='ltr'><strong>exspectandum</strong></span> <span class='ocrx_word' id='word_1_118' title='bbox 1191 2265 1263 2332; x_wconf 90' lang='lat' dir='ltr'><strong>est,</strong></span> <span class='ocrx_word' id='word_1_119' title='bbox 1288 2271 1386 2332; x_wconf 92' lang='lat' dir='ltr'><strong>quam</strong></span> 
     </span>
     <span class='ocr_line' id='line_1_16' title="bbox 215 2361 1386 2448; baseline -0.004 -17"><span class='ocrx_word' id='word_1_120' title='bbox 215 2381 254 2431; x_wconf 91' lang='lat' dir='ltr'><strong>ut</strong></span> <span class='ocrx_word' id='word_1_121' title='bbox 284 2365 415 2430; x_wconf 91' lang='lat' dir='ltr'><strong>militari</strong></span> <span class='ocrx_word' id='word_1_122' title='bbox 446 2364 608 2432; x_wconf 89' lang='lat' dir='ltr'><strong>seditione</strong></span> <span class='ocrx_word' id='word_1_123' title='bbox 640 2384 753 2448; x_wconf 89' lang='lat' dir='ltr'><strong>magna</strong></span> <span class='ocrx_word' id='word_1_124' title='bbox 785 2365 896 2447; x_wconf 87' lang='lat' dir='ltr'><strong>aliqua</strong></span> <span class='ocrx_word' id='word_1_125' title='bbox 930 2383 1037 2430; x_wconf 91' lang='lat' dir='ltr'><strong>rerum</strong></span> <span class='ocrx_word' id='word_1_126' title='bbox 1066 2363 1206 2430; x_wconf 89' lang='lat' dir='ltr'><strong>mutatio</strong></span> <span class='ocrx_word' id='word_1_127' title='bbox 1230 2361 1386 2431; x_wconf 71' lang='lat' dir='ltr'><strong>eveniat?</strong></span> 
     </span>
     <span class='ocr_line' id='line_1_17' title="bbox 217 2471 1389 2559; baseline -0.003 -18"><span class='ocrx_word' id='word_1_128' title='bbox 217 2477 342 2559; x_wconf 91' lang='lat' dir='ltr'><strong>Liquet</strong></span> <span class='ocrx_word' id='word_1_129' title='bbox 382 2476 468 2542; x_wconf 89' lang='lat' dir='ltr'><strong>enim</strong></span> <span class='ocrx_word' id='word_1_130' title='bbox 508 2497 617 2542; x_wconf 89' lang='lat' dir='ltr'><strong>rerum</strong></span> <span class='ocrx_word' id='word_1_131' title='bbox 658 2476 793 2542; x_wconf 89' lang='lat' dir='ltr'><strong>istarum</strong></span> <span class='ocrx_word' id='word_1_132' title='bbox 832 2475 1001 2541; x_wconf 89' lang='lat' dir='ltr'><strong>historiam</strong></span> <span class='ocrx_word' id='word_1_133' title='bbox 1036 2473 1287 2555; x_wconf 89' lang='lat' dir='ltr'><strong>evolventibus,</strong></span> <span class='ocrx_word' id='word_1_134' title='bbox 1323 2471 1389 2538; x_wconf 87' lang='lat' dir='ltr'><strong>iere</strong></span> 
     </span>
     <span class='ocr_line' id='line_1_18' title="bbox 217 2583 1388 2672; baseline -0.003 -18"><span class='ocrx_word' id='word_1_135' title='bbox 217 2588 382 2672; x_wconf 92' lang='lat' dir='ltr'><strong>quidquid</strong></span> <span class='ocrx_word' id='word_1_136' title='bbox 403 2587 534 2654; x_wconf 89' lang='lat' dir='ltr'><strong>Batavis</strong></span> <span class='ocrx_word' id='word_1_137' title='bbox 556 2586 635 2653; x_wconf 83' lang='lat' dir='ltr'><strong>felix</strong></span> <span class='ocrx_word' id='word_1_138' title='bbox 653 2589 812 2653; x_wconf 87' lang='lat' dir='ltr'><strong>hactenus</strong></span> <span class='ocrx_word' id='word_1_139' title='bbox 831 2602 864 2653; x_wconf 92' lang='lat' dir='ltr'><strong>et</strong></span> <span class='ocrx_word' id='word_1_140' title='bbox 884 2605 1075 2668; x_wconf 88' lang='lat' dir='ltr'><strong>prosperum</strong></span> <span class='ocrx_word' id='word_1_141' title='bbox 1094 2583 1181 2664; x_wconf 87' lang='lat' dir='ltr'><strong>fuit,</strong></span> <span class='ocrx_word' id='word_1_142' title='bbox 1206 2584 1241 2649; x_wconf 91' lang='lat' dir='ltr'><strong>id</strong></span> <span class='ocrx_word' id='word_1_143' title='bbox 1259 2603 1388 2650; x_wconf 85' lang='lat' dir='ltr'><strong>causam</strong></span> 
     </span>
     <span class='ocr_line' id='line_1_19' title="bbox 218 2695 1391 2785; baseline -0.003 -19"><span class='ocrx_word' id='word_1_144' title='bbox 218 2714 250 2767; x_wconf 91' lang='lat' dir='ltr'><strong>et</strong></span> <span class='ocrx_word' id='word_1_145' title='bbox 272 2700 432 2785; x_wconf 85' lang='lat' dir='ltr'><strong>originem</strong></span> <span class='ocrx_word' id='word_1_146' title='bbox 462 2720 501 2764; x_wconf 87' lang='lat' dir='ltr'><strong>ex</strong></span> <span class='ocrx_word' id='word_1_147' title='bbox 532 2699 647 2765; x_wconf 90' lang='lat' dir='ltr'><strong>hostili</strong></span> <span class='ocrx_word' id='word_1_148' title='bbox 669 2698 780 2781; x_wconf 90' lang='lat' dir='ltr'><strong>inopia</strong></span> <span class='ocrx_word' id='word_1_149' title='bbox 802 2697 968 2764; x_wconf 89' lang='lat' dir='ltr'><strong>habuisse.</strong></span> <span class='ocrx_word' id='word_1_150' title='bbox 1017 2696 1084 2762; x_wconf 84' lang='lat' dir='ltr'><strong>Pax</strong></span> <span class='ocrx_word' id='word_1_151' title='bbox 1107 2695 1334 2762; x_wconf 89' lang='lat' dir='ltr'><strong>Gandavensis</strong></span> <span class='ocrx_word' id='word_1_152' title='bbox 1357 2711 1391 2762; x_wconf 88' lang='lat' dir='ltr'><strong>et</strong></span> 
     </span>
     <span class='ocr_line' id='line_1_20' title="bbox 219 2807 1390 2896; baseline -0.003 -20"><span class='ocrx_word' id='word_1_153' title='bbox 219 2813 274 2878; x_wconf 92' lang='lat' dir='ltr'><strong>illa</strong></span> <span class='ocrx_word' id='word_1_154' title='bbox 295 2812 399 2878; x_wconf 93' lang='lat' dir='ltr'><strong>totius</strong></span> <span class='ocrx_word' id='word_1_155' title='bbox 422 2810 489 2877; x_wconf 87' lang='lat' dir='ltr'><strong>fere</strong></span> <span class='ocrx_word' id='word_1_156' title='bbox 512 2810 617 2896; x_wconf 90' lang='lat' dir='ltr'><strong>Belgii</strong></span> <span class='ocrx_word' id='word_1_157' title='bbox 639 2809 795 2876; x_wconf 90' lang='lat' dir='ltr'><strong>adversus</strong></span> <span class='ocrx_word' id='word_1_158' title='bbox 819 2807 1035 2892; x_wconf 89' lang='lat' dir='ltr'><strong>Hispanicum</strong></span> <span class='ocrx_word' id='word_1_159' title='bbox 1058 2827 1177 2873; x_wconf 89' lang='lat' dir='ltr'><strong>nomen</strong></span> <span class='ocrx_word' id='word_1_160' title='bbox 1198 2807 1390 2891; x_wconf 88' lang='lat' dir='ltr'><strong>conjunctio</strong></span> 
     </span>
     <span class='ocr_line' id='line_1_21' title="bbox 218 2918 1389 3008; baseline -0.005 -19"><span class='ocrx_word' id='word_1_161' title='bbox 218 2945 270 2991; x_wconf 89' lang='lat' dir='ltr'><strong>res</strong></span> <span class='ocrx_word' id='word_1_162' title='bbox 291 2943 394 3008; x_wconf 89' lang='lat' dir='ltr'><strong>prope</strong></span> <span class='ocrx_word' id='word_1_163' title='bbox 416 2923 548 2990; x_wconf 90' lang='lat' dir='ltr'><strong>afflictas</strong></span> <span class='ocrx_word' id='word_1_164' title='bbox 569 2943 626 3005; x_wconf 87' lang='lat' dir='ltr'><strong>per</strong></span> <span class='ocrx_word' id='word_1_165' title='bbox 649 2921 796 2988; x_wconf 89' lang='lat' dir='ltr'><strong>hostium</strong></span> <span class='ocrx_word' id='word_1_166' title='bbox 819 2920 1014 2987; x_wconf 88' lang='lat' dir='ltr'><strong>seditionem</strong></span> <span class='ocrx_word' id='word_1_167' title='bbox 1046 2919 1139 3002; x_wconf 87' lang='lat' dir='ltr'><strong>(nata</strong></span> <span class='ocrx_word' id='word_1_168' title='bbox 1173 2933 1282 2984; x_wconf 90' lang='lat' dir='ltr'><strong>autem</strong></span> <span class='ocrx_word' id='word_1_169' title='bbox 1308 2918 1389 2984; x_wconf 87' lang='lat' dir='ltr'><strong>haec</strong></span> 
     </span>
     <span class='ocr_line' id='line_1_22' title="bbox 220 3030 1388 3117; baseline -0.003 -18"><span class='ocrx_word' id='word_1_170' title='bbox 220 3050 288 3101; x_wconf 91' lang='lat' dir='ltr'><strong>erat</strong></span> <span class='ocrx_word' id='word_1_171' title='bbox 309 3055 349 3100; x_wconf 84' lang='lat' dir='ltr'><strong>ex</strong></span> <span class='ocrx_word' id='word_1_172' title='bbox 371 3034 484 3100; x_wconf 90' lang='lat' dir='ltr'><strong>aerarii</strong></span> <span class='ocrx_word' id='word_1_173' title='bbox 507 3035 717 3117; x_wconf 88' lang='lat' dir='ltr'><strong>paupertate)</strong></span> <span class='ocrx_word' id='word_1_174' title='bbox 734 3033 769 3097; x_wconf 92' lang='lat' dir='ltr'><strong>in</strong></span> <span class='ocrx_word' id='word_1_175' title='bbox 792 3031 1043 3114; x_wconf 88' lang='lat' dir='ltr'><strong>pulcherrimam</strong></span> <span class='ocrx_word' id='word_1_176' title='bbox 1067 3030 1206 3114; x_wconf 89' lang='lat' dir='ltr'><strong>speciem</strong></span> <span class='ocrx_word' id='word_1_177' title='bbox 1230 3030 1388 3096; x_wconf 90' lang='lat' dir='ltr'><strong>restituit.</strong></span> 
     </span>
     <span class='ocr_line' id='line_1_23' title="bbox 221 3141 1392 3233; baseline -0.005 -21"><span class='ocrx_word' id='word_1_178' title='bbox 221 3146 322 3233; x_wconf 89' lang='lat' dir='ltr'><strong>Quod</strong></span> <span class='ocrx_word' id='word_1_179' title='bbox 350 3167 367 3212; x_wconf 94' lang='lat' dir='ltr'><strong>a</strong></span> <span class='ocrx_word' id='word_1_180' title='bbox 400 3145 566 3211; x_wconf 88' lang='lat' dir='ltr'><strong>Parmensi</strong></span> <span class='ocrx_word' id='word_1_181' title='bbox 597 3144 722 3210; x_wconf 88' lang='lat' dir='ltr'><strong>tamdiu</strong></span> <span class='ocrx_word' id='word_1_182' title='bbox 752 3143 836 3209; x_wconf 90' lang='lat' dir='ltr'><strong>victi</strong></span> <span class='ocrx_word' id='word_1_183' title='bbox 877 3143 1013 3209; x_wconf 91' lang='lat' dir='ltr'><strong>totidem</strong></span> <span class='ocrx_word' id='word_1_184' title='bbox 1048 3163 1105 3225; x_wconf 91' lang='lat' dir='ltr'><strong>per</strong></span> <span class='ocrx_word' id='word_1_185' title='bbox 1139 3161 1241 3208; x_wconf 91' lang='lat' dir='ltr'><strong>annos</strong></span> <span class='ocrx_word' id='word_1_186' title='bbox 1275 3141 1392 3224; x_wconf 90' lang='lat' dir='ltr'><strong>optimi</strong></span> 
     </span>
     <span class='ocr_line' id='line_1_24' title="bbox 221 3253 1394 3338; baseline -0.006 -14"><span class='ocrx_word' id='word_1_187' title='bbox 221 3257 316 3324; x_wconf 89' lang='lat' dir='ltr'><strong>ducis</strong></span> <span class='ocrx_word' id='word_1_188' title='bbox 346 3257 471 3322; x_wconf 92' lang='lat' dir='ltr'><strong>virtute</strong></span> <span class='ocrx_word' id='word_1_189' title='bbox 502 3258 621 3322; x_wconf 90' lang='lat' dir='ltr'><strong>iterum</strong></span> <span class='ocrx_word' id='word_1_190' title='bbox 653 3255 815 3335; x_wconf 91' lang='lat' dir='ltr'><strong>vincunt,</strong></span> <span class='ocrx_word' id='word_1_191' title='bbox 847 3254 933 3320; x_wconf 91' lang='lat' dir='ltr'><strong>unde</strong></span> <span class='ocrx_word' id='word_1_192' title='bbox 967 3269 1036 3335; x_wconf 90' lang='lat' dir='ltr'><strong>est,</strong></span> <span class='ocrx_word' id='word_1_193' title='bbox 1069 3253 1132 3320; x_wconf 91' lang='lat' dir='ltr'><strong>nisi</strong></span> <span class='ocrx_word' id='word_1_194' title='bbox 1162 3254 1255 3336; x_wconf 90' lang='lat' dir='ltr'><strong>quod</strong></span> <span class='ocrx_word' id='word_1_195' title='bbox 1277 3253 1394 3338; x_wconf 91' lang='lat' dir='ltr'><strong>ingens</strong></span> 
     </span>
     <span class='ocr_line' id='line_1_25' title="bbox 221 3365 1394 3452; baseline -0.003 -19"><span class='ocrx_word' id='word_1_196' title='bbox 221 3370 254 3434; x_wconf 95' lang='lat' dir='ltr'><strong>in</strong></span> <span class='ocrx_word' id='word_1_197' title='bbox 276 3367 473 3434; x_wconf 90' lang='lat' dir='ltr'><strong>Britanniam</strong></span> <span class='ocrx_word' id='word_1_198' title='bbox 493 3367 606 3435; x_wconf 87' lang='lat' dir='ltr'><strong>classis</strong></span> <span class='ocrx_word' id='word_1_199' title='bbox 625 3381 657 3433; x_wconf 92' lang='lat' dir='ltr'><strong>et</strong></span> <span class='ocrx_word' id='word_1_200' title='bbox 676 3367 860 3452; x_wconf 88' lang='lat' dir='ltr'><strong>gravissimi</strong></span> <span class='ocrx_word' id='word_1_201' title='bbox 880 3384 1011 3432; x_wconf 90' lang='lat' dir='ltr'><strong>sumtus</strong></span> <span class='ocrx_word' id='word_1_202' title='bbox 1032 3366 1064 3432; x_wconf 93' lang='lat' dir='ltr'><strong>in</strong></span> <span class='ocrx_word' id='word_1_203' title='bbox 1083 3367 1206 3431; x_wconf 89' lang='lat' dir='ltr'><strong>bellum</strong></span> <span class='ocrx_word' id='word_1_204' title='bbox 1227 3365 1394 3432; x_wconf 90' lang='lat' dir='ltr'><strong>Gallicum</strong></span> 
     </span>
     <span class='ocr_line' id='line_1_26' title="bbox 222 3477 1393 3562; baseline -0.003 -17"><span class='ocrx_word' id='word_1_205' title='bbox 222 3480 268 3545; x_wconf 86' lang='lat' dir='ltr'><strong>ita</strong></span> <span class='ocrx_word' id='word_1_206' title='bbox 287 3499 366 3562; x_wconf 92' lang='lat' dir='ltr'><strong>opes</strong></span> <span class='ocrx_word' id='word_1_207' title='bbox 386 3479 524 3546; x_wconf 88' lang='lat' dir='ltr'><strong>hostiles</strong></span> <span class='ocrx_word' id='word_1_208' title='bbox 544 3494 800 3562; x_wconf 88' lang='lat' dir='ltr'><strong>oppresserunt,</strong></span> <span class='ocrx_word' id='word_1_209' title='bbox 824 3493 863 3544; x_wconf 94' lang='lat' dir='ltr'><strong>ut</strong></span> <span class='ocrx_word' id='word_1_210' title='bbox 882 3478 1019 3544; x_wconf 87' lang='lat' dir='ltr'><strong>recreati</strong></span> <span class='ocrx_word' id='word_1_211' title='bbox 1040 3477 1177 3544; x_wconf 87' lang='lat' dir='ltr'><strong>vixdum</strong></span> <span class='ocrx_word' id='word_1_212' title='bbox 1196 3477 1393 3560; x_wconf 75' lang='lat' dir='ltr'><strong>potuerint?</strong></span> 
     </span>
     <span class='ocr_line' id='line_1_27' title="bbox 224 3589 1396 3657; baseline -0.001 -1"><span class='ocrx_word' id='word_1_213' title='bbox 224 3590 313 3656; x_wconf 91' lang='lat' dir='ltr'><strong>Hinc</strong></span> <span class='ocrx_word' id='word_1_214' title='bbox 336 3591 377 3655; x_wconf 87' lang='lat' dir='ltr'><strong>ad</strong></span> <span class='ocrx_word' id='word_1_215' title='bbox 400 3589 482 3655; x_wconf 89' lang='lat' dir='ltr'><strong>fines</strong></span> <span class='ocrx_word' id='word_1_216' title='bbox 505 3589 654 3656; x_wconf 91' lang='lat' dir='ltr'><strong>Gallicos</strong></span> <span class='ocrx_word' id='word_1_217' title='bbox 675 3590 774 3656; x_wconf 90' lang='lat' dir='ltr'><strong>toties</strong></span> <span class='ocrx_word' id='word_1_218' title='bbox 794 3591 1030 3656; x_wconf 90' lang='lat' dir='ltr'><strong>tumultuatum</strong></span> <span class='ocrx_word' id='word_1_219' title='bbox 1052 3605 1085 3654; x_wconf 91' lang='lat' dir='ltr'><strong>et</strong></span> <span class='ocrx_word' id='word_1_220' title='bbox 1104 3590 1259 3657; x_wconf 87' lang='lat' dir='ltr'><strong>Italorum</strong></span> <span class='ocrx_word' id='word_1_221' title='bbox 1282 3589 1396 3656; x_wconf 88' lang='lat' dir='ltr'><strong>Sithe-</strong></span> 
     </span>
     <span class='ocr_line' id='line_1_28' title="bbox 223 3689 1397 3784; baseline -0.001 -16"><span class='ocrx_word' id='word_1_222' title='bbox 223 3703 330 3768; x_wconf 86' lang='lat' dir='ltr'><strong>miana</strong></span> <span class='ocrx_word' id='word_1_223' title='bbox 360 3701 479 3768; x_wconf 90' lang='lat' dir='ltr'><strong>seditio</strong></span> <span class='ocrx_word' id='word_1_224' title='bbox 508 3702 665 3784; x_wconf 88' lang='lat' dir='ltr'><strong>versique</strong></span> <span class='ocrx_word' id='word_1_225' title='bbox 695 3689 818 3768; x_wconf 74' lang='lat' dir='ltr'><strong>hostes&#39;</strong></span> <span class='ocrx_word' id='word_1_226' title='bbox 831 3700 864 3765; x_wconf 91' lang='lat' dir='ltr'><strong>in</strong></span> <span class='ocrx_word' id='word_1_227' title='bbox 888 3715 1020 3766; x_wconf 89' lang='lat' dir='ltr'><strong>mutuas</strong></span> <span class='ocrx_word' id='word_1_228' title='bbox 1042 3700 1172 3767; x_wconf 88' lang='lat' dir='ltr'><strong>caedes:</strong></span> <span class='ocrx_word' id='word_1_229' title='bbox 1195 3701 1273 3766; x_wconf 93' lang='lat' dir='ltr'><strong>hinc</strong></span> <span class='ocrx_word' id='word_1_230' title='bbox 1297 3702 1397 3767; x_wconf 86' lang='lat' dir='ltr'><strong>Sanc-</strong></span> 
     </span>
     <span class='ocr_line' id='line_1_29' title="bbox 225 3810 1396 3896; baseline -0.001 -17"><span class='ocrx_word' id='word_1_231' title='bbox 225 3815 399 3879; x_wconf 87' lang='lat' dir='ltr'><strong>tandreana</strong></span> <span class='ocrx_word' id='word_1_232' title='bbox 421 3811 563 3880; x_wconf 89' lang='lat' dir='ltr'><strong>defectio</strong></span> <span class='ocrx_word' id='word_1_233' title='bbox 583 3828 616 3879; x_wconf 91' lang='lat' dir='ltr'><strong>et</strong></span> <span class='ocrx_word' id='word_1_234' title='bbox 631 3833 689 3896; x_wconf 85' lang='lat' dir='ltr'><strong>per</strong></span> <span class='ocrx_word' id='word_1_235' title='bbox 705 3812 785 3878; x_wconf 88' lang='lat' dir='ltr'><strong>alias</strong></span> <span class='ocrx_word' id='word_1_236' title='bbox 796 3812 915 3878; x_wconf 89' lang='lat' dir='ltr'><strong>iterum</strong></span> <span class='ocrx_word' id='word_1_237' title='bbox 928 3813 1039 3878; x_wconf 90' lang='lat' dir='ltr'><strong>turbas</strong></span> <span class='ocrx_word' id='word_1_238' title='bbox 1051 3810 1211 3894; x_wconf 86' lang='lat' dir='ltr'><strong>patefacta</strong></span> <span class='ocrx_word' id='word_1_239' title='bbox 1223 3813 1396 3895; x_wconf 89' lang='lat' dir='ltr'><strong>Flandria‚</strong></span> 
     </span>
     <span class='ocr_line' id='line_1_30' title="bbox 226 3923 1397 4009; baseline -0.001 -18"><span class='ocrx_word' id='word_1_240' title='bbox 226 3941 258 3991; x_wconf 88' lang='lat' dir='ltr'><strong>et</strong></span> <span class='ocrx_word' id='word_1_241' title='bbox 280 3926 376 3990; x_wconf 90' lang='lat' dir='ltr'><strong>datus</strong></span> <span class='ocrx_word' id='word_1_242' title='bbox 407 3925 527 3992; x_wconf 91' lang='lat' dir='ltr'><strong>illustri</strong></span> <span class='ocrx_word' id='word_1_243' title='bbox 558 3925 681 4009; x_wconf 90' lang='lat' dir='ltr'><strong>praelio</strong></span> <span class='ocrx_word' id='word_1_244' title='bbox 713 3928 824 3991; x_wconf 90' lang='lat' dir='ltr'><strong>locus:</strong></span> <span class='ocrx_word' id='word_1_245' title='bbox 849 3924 926 3990; x_wconf 92' lang='lat' dir='ltr'><strong>hinc</strong></span> <span class='ocrx_word' id='word_1_246' title='bbox 951 3923 1213 3990; x_wconf 86' lang='lat' dir='ltr'><strong>Hoochstratana</strong></span> <span class='ocrx_word' id='word_1_247' title='bbox 1236 3925 1397 4005; x_wconf 86' lang='lat' dir='ltr'><strong>rebellio,</strong></span> 
     </span>
     <span class='ocr_line' id='line_1_31' title="bbox 226 4036 1500 4132; baseline -0.002 -28"><span class='ocrx_word' id='word_1_248' title='bbox 226 4057 310 4119; x_wconf 88' lang='lat' dir='ltr'><strong>quae</strong></span> <span class='ocrx_word' id='word_1_249' title='bbox 341 4037 539 4104; x_wconf 87' lang='lat' dir='ltr'><strong>Batavorum</strong></span> <span class='ocrx_word' id='word_1_250' title='bbox 563 4039 625 4104; x_wconf 92' lang='lat' dir='ltr'><strong>sub</strong></span> <span class='ocrx_word' id='word_1_251' title='bbox 649 4036 793 4121; x_wconf 90' lang='lat' dir='ltr'><strong>imperiis</strong></span> <span class='ocrx_word' id='word_1_252' title='bbox 823 4055 902 4102; x_wconf 89' lang='lat' dir='ltr'><strong>suos</strong></span> <span class='ocrx_word' id='word_1_253' title='bbox 934 4054 1030 4122; x_wconf 89' lang='lat' dir='ltr'><strong>agros</strong></span> <span class='ocrx_word' id='word_1_254' title='bbox 1058 4049 1209 4102; x_wconf 88' lang='lat' dir='ltr'><strong>vastaret.</strong></span> <span class='ocrx_word' id='word_1_255' title='bbox 1255 4037 1398 4119; x_wconf 85' lang='lat' dir='ltr'><strong>Aequo</strong></span> <span class='ocrx_word' id='word_1_256' title='bbox 1494 4119 1500 4132; x_wconf 26' lang='grc' dir='ltr'>ι</span> 
     </span>
     <span class='ocr_line' id='line_1_32' title="bbox 227 4131 1493 4234; baseline -0.001 -19"><span class='ocrx_word' id='word_1_257' title='bbox 227 4169 315 4216; x_wconf 90' lang='lat' dir='ltr'><strong>nunc</strong></span> <span class='ocrx_word' id='word_1_258' title='bbox 344 4168 419 4233; x_wconf 90' lang='lat' dir='ltr'><strong>spes</strong></span> <span class='ocrx_word' id='word_1_259' title='bbox 451 4150 507 4215; x_wconf 92' lang='lat' dir='ltr'><strong>ille</strong></span> <span class='ocrx_word' id='word_1_260' title='bbox 536 4150 675 4234; x_wconf 75' lang='lat' dir='ltr'><strong>maiores</strong></span> <span class='ocrx_word' id='word_1_261' title='bbox 706 4149 893 4234; x_wconf 88' lang='lat' dir='ltr'><strong>aggreditur</strong></span> <span class='ocrx_word' id='word_1_262' title='bbox 915 4162 1013 4231; x_wconf 89' lang='lat' dir='ltr'><strong>atque</strong></span> <span class='ocrx_word' id='word_1_263' title='bbox 1035 4148 1130 4213; x_wconf 90' lang='lat' dir='ltr'><strong>etiam</strong></span> <span class='ocrx_word' id='word_1_264' title='bbox 1155 4148 1251 4214; x_wconf 88' lang='lat' dir='ltr'><strong>maris</strong></span> <span class='ocrx_word' id='word_1_265' title='bbox 1270 4167 1399 4231; x_wconf 88' lang='lat' dir='ltr'><strong>posses·</strong></span> <span class='ocrx_word' id='word_1_266' title='bbox 1491 4131 1493 4136; x_wconf 52' lang='grc'>’</span> 
     </span>
     <span class='ocr_line' id='line_1_33' title="bbox 227 4259 1401 4346; baseline 0 -19"><span class='ocrx_word' id='word_1_267' title='bbox 227 4262 376 4342; x_wconf 89' lang='lat' dir='ltr'><strong>sionem,</strong></span> <span class='ocrx_word' id='word_1_268' title='bbox 399 4283 484 4345; x_wconf 92' lang='lat' dir='ltr'><strong>quae</strong></span> <span class='ocrx_word' id='word_1_269' title='bbox 505 4262 637 4346; x_wconf 90' lang='lat' dir='ltr'><strong>propria</strong></span> <span class='ocrx_word' id='word_1_270' title='bbox 656 4276 705 4329; x_wconf 90' lang='lat' dir='ltr'><strong>est</strong></span> <span class='ocrx_word' id='word_1_271' title='bbox 715 4261 870 4343; x_wconf 90' lang='lat' dir='ltr'><strong>Batavis,</strong></span> <span class='ocrx_word' id='word_1_272' title='bbox 896 4276 999 4327; x_wconf 87' lang='lat' dir='ltr'><strong>tentat</strong></span> <span class='ocrx_word' id='word_1_273' title='bbox 1016 4259 1191 4342; x_wconf 87' lang='lat' dir='ltr'><strong>invadere,</strong></span> <span class='ocrx_word' id='word_1_274' title='bbox 1216 4261 1279 4328; x_wconf 91' lang='lat' dir='ltr'><strong>hoc</strong></span> <span class='ocrx_word' id='word_1_275' title='bbox 1298 4261 1401 4346; x_wconf 86' lang='lat' dir='ltr'><strong>magis</strong></span> 
     </span>
     <span class='ocr_line' id='line_1_34' title="bbox 227 4372 1401 4457; baseline -0.001 -17"><span class='ocrx_word' id='word_1_276' title='bbox 227 4374 440 4440; x_wconf 88' lang='lat' dir='ltr'><strong>annitendum</strong></span> <span class='ocrx_word' id='word_1_277' title='bbox 469 4388 520 4440; x_wconf 91' lang='lat' dir='ltr'><strong>est</strong></span> <span class='ocrx_word' id='word_1_278' title='bbox 548 4388 585 4440; x_wconf 95' lang='lat' dir='ltr'><strong>ut</strong></span> <span class='ocrx_word' id='word_1_279' title='bbox 606 4373 760 4457; x_wconf 88' lang='lat' dir='ltr'><strong>impensis</strong></span> <span class='ocrx_word' id='word_1_280' title='bbox 780 4373 852 4439; x_wconf 86' lang='lat' dir='ltr'><strong>aliis</strong></span> <span class='ocrx_word' id='word_1_281' title='bbox 871 4393 968 4456; x_wconf 91' lang='lat' dir='ltr'><strong>super</strong></span> <span class='ocrx_word' id='word_1_282' title='bbox 987 4372 1059 4438; x_wconf 91' lang='lat' dir='ltr'><strong>illas</strong></span> <span class='ocrx_word' id='word_1_283' title='bbox 1079 4373 1239 4456; x_wconf 90' lang='lat' dir='ltr'><strong>impensas</strong></span> <span class='ocrx_word' id='word_1_284' title='bbox 1258 4373 1401 4452; x_wconf 87' lang='lat' dir='ltr'><strong>additis,</strong></span> 
     </span>
     <span class='ocr_line' id='line_1_35' title="bbox 229 4484 1402 4571; baseline -0.001 -20"><span class='ocrx_word' id='word_1_285' title='bbox 229 4486 338 4551; x_wconf 89' lang='lat' dir='ltr'><strong>medio</strong></span> <span class='ocrx_word' id='word_1_286' title='bbox 365 4486 398 4553; x_wconf 94' lang='lat' dir='ltr'><strong>in</strong></span> <span class='ocrx_word' id='word_1_287' title='bbox 429 4501 550 4552; x_wconf 89' lang='lat' dir='ltr'><strong>conatu</strong></span> <span class='ocrx_word' id='word_1_288' title='bbox 579 4485 720 4551; x_wconf 88' lang='lat' dir='ltr'><strong>deficiat.</strong></span> <span class='ocrx_word' id='word_1_289' title='bbox 765 4484 844 4571; x_wconf 88' lang='lat' dir='ltr'><strong>Quo</strong></span> <span class='ocrx_word' id='word_1_290' title='bbox 874 4505 1078 4567; x_wconf 90' lang='lat' dir='ltr'><strong>summopere</strong></span> <span class='ocrx_word' id='word_1_291' title='bbox 1110 4485 1287 4568; x_wconf 86' lang='lat' dir='ltr'><strong>pertinebit</strong></span> <span class='ocrx_word' id='word_1_292' title='bbox 1307 4505 1402 4568; x_wconf 82' lang='lat' dir='ltr'><strong>quant</strong></span> 
     </span>
    </p>
   </div>
   <div class='ocr_carea' id='block_1_3' title="bbox 0 0 1759 5434">
    <p class='ocr_par' dir='ltr' id='par_1_3' title="bbox 0 0 1759 5434">
     <span class='ocr_line' id='line_1_36' title="bbox 0 0 1759 5434; baseline 0 0"><span class='ocrx_word' id='word_1_293' title='bbox 0 0 1759 5434; x_wconf 95' lang='lat' dir='ltr'><strong> </strong></span> 
     </span>
    </p>
   </div>
  </div>
 </body>
</html>
