3450 5434
363 617 425 680 160
671 632 718 679 ns
741 633 834 697 Juar.
860 633 1044 681 1111111111.
1070 634 1152 681 car.
1177 634 1213 682 x.

363 801 453 868 erat,
485 801 523 853 ut
550 805 649 870 supra
678 787 857 873 attigimus.
903 786 996 853 Haec
1019 802 1128 853 autem
1150 786 1258 853 omnia
1278 789 1387 853 locum
1410 788 1535 853 habent

362 896 457 963 etiarn
488 902 590 979 tunc,
621 918 695 963 cum
723 912 812 963 certa
833 898 956 964 laboris
976 917 1097 964 merces
1118 898 1217 963 militi
1237 898 1324 963 dicta
1347 912 1414 963 est:
1436 898 1533 980 quasi

359 1008 478 1091 praeda
509 1008 664 1091 stipendii
696 1008 877 1074 auctarium
907 1009 974 1091 sit,
998 1024 1056 1074 aut
1077 1009 1149 1093 ejus
1173 1009 1383 1076 emolumenti
1406 1008 1534 1074 ratione

360 1119 469 1185 minus
491 1118 589 1184 militi
610 1119 643 1183 in
665 1137 736 1185 aere
755 1120 914 1186 solvatur.
940 1120 1026 1185 Sunt
1042 1119 1127 1185 enim
1147 1119 1272 1202 ubique
1296 1118 1364 1186 fere
1384 1119 1532 1204 gentium

360 1232 475 1297 salaria
506 1230 587 1296 adeo
608 1229 749 1313 exigua,
770 1245 808 1295 ut
830 1228 894 1294 nisi
915 1229 1084 1312 proposita
1104 1230 1164 1295 hac
1184 1248 1242 1313 spe
1262 1229 1394 1296 difficile
1415 1231 1460 1297 sit
1481 1250 1534 1297 re·

359 1342 489 1425 perire,
518 1340 642 1424 quibus
663 1342 790 1423 placeat
806 1340 895 1406 vitae
917 1358 1021 1423 genus
1044 1340 1195 1406 militare.
1238 1340 1340 1407 Nunc
1363 1360 1428 1407 una
1450 1342 1531 1407 haec

360 1451 480 1519 fiducia
504 1453 632 1518 labores
654 1450 820 1532 sustinet,
846 1449 938 1532 quod

1232 1562 1335 1626 horae

318 1755 320 1759 ,
502 1673 671 1738 Memento
696 1676 769 1736 cita
789 1690 876 1735 mors
896 1674 987 1737 uenit
1014 1682 1075 1735 aut
1097 1674 1244 1738 uictoria
1265 1671 1358 1737 lacta
1376 1678 1399 1739 ¹.

362 1790 365 1797 '
401 1784 579 1865 Nusquam
602 1796 710 1849 autem
733 1801 801 1848 non
824 1780 924 1847 hodie
941 1799 1016 1864 pars
1036 1781 1173 1863 praedae
1194 1781 1291 1847 militi
1313 1784 1455 1866 capienti
1478 1806 1533 1853 ce·

359 1878 431 1977 dit,
454 1914 529 1978 pars
558 1894 599 1959 ad
627 1892 862 1976 rempublicam
892 1891 1067 1957 revertitur
1099 1907 1156 1957 aut
1176 1892 1247 1978 ejus
1267 1895 1479 1961 concessione
1490 1897 1533 1961 ad

359 2006 460 2071 duces
489 2004 567 2071 belli
597 2005 827 2088 cujuscunque
859 2000 978 2087 gradus
1014 2000 1047 2067 in
1081 2001 1259 2084 praemium
1283 2024 1401 2087 operae
1423 2004 1532 2072 defer·

359 2132 431 2181 tur:
462 2116 554 2198 quod
584 2115 730 2182 omnium
765 2115 965 2197 populorum
997 2114 1086 2196 leges
1117 2128 1182 2179 tam
1214 2133 1314 2196 super
1340 2116 1531 2198 maritimo,

360 2246 458 2308 quam
481 2226 625 2292 terrestri
647 2226 736 2290 bello
759 2224 926 2291 declarant
945 2220 971 2288 ².
1017 2222 1303 2309 Quemadmodum
1329 2224 1533 2293 Constituti-

358 2337 479 2404 onibus
502 2335 693 2421 Hispanicis
715 2342 727 2377 ⁸
750 2334 887 2417 praedae
910 2334 1002 2417 ejus,
1027 2352 1111 2415 quae
1135 2333 1177 2398 ad
1198 2334 1334 2401 militem
1358 2338 1531 2420 pervenit,

359 2447 523 2515 interdum
547 2466 622 2530 pars
645 2446 785 2529 quinta,
808 2463 1055 2526 nonnumquam
1076 2443 1189 2524 tertia,
1212 2444 1291 2511 alias
1302 2465 1381 2512 vero
1393 2446 1532 2514 dimidia

359 2558 428 2645 regi
451 2559 608 2625 debetur:
633 2572 666 2623 et
688 2555 851 2640 septima,
875 2554 1038 2619 interdum
1061 2553 1210 2635 decima,
1229 2555 1306 2621 duci
1330 2558 1528 2625 excercitus.

358 2669 525 2736 Interdum
547 2687 615 2735 non
636 2687 711 2750 pars
731 2669 824 2749 sola,
848 2664 908 2731 sed
930 2680 1037 2731 totum
1054 2684 1157 2749 genus
1180 2666 1318 2749 praedae
1341 2666 1529 2751 excipitur,

358 2796 397 2847 ut
417 2800 521 2847 naves
552 2780 686 2846 bellicae
717 2777 839 2844 eisdem
870 2776 1094 2859 Hispanorum
1126 2775 1254 2860 legibus
1273 2772 1286 2809 ⁴
1305 2776 1452 2869 Principi
1476 2797 1531 2844 ac-

358 2892 546 2974 quiruntur.
577 2890 673 2977 Quae
695 2910 774 2956 vero
797 2908 914 2972 operae
937 2902 971 2953 et
992 2888 1131 2971 periculi
1155 2887 1196 2952 ad
1218 2888 1393 2971 praedam,
1418 2890 1530 2955 eadem

357 3016 415 3068 aut
444 3003 541 3068 etiarn
570 3000 693 3084 justior
722 3014 892 3065 sumtuum
924 2998 1007 3063 ratio
1040 3012 1110 3079 est,
1140 2996 1169 3062 si
1203 3018 1288 3079 quos
1322 2998 1471 3081 privatus
1493 3000 1530 3065 in

357 3113 480 3178 bellum
511 3110 679 3194 pubiicum
711 3108 803 3175 fecit.
849 3108 953 3196 Quod
983 3107 1068 3174 enim
1092 3127 1152 3191 pro
1174 3107 1229 3174 his
1253 3107 1409 3192 impensis
1431 3111 1532 3178 debet

357 3221 563 3305 respublica,
586 3220 789 3286 commodius
811 3239 910 3302 quam
934 3238 974 3284 ex
997 3218 1112 3302 praeda
1136 3218 1275 3286 dissolvi
1298 3220 1426 3302 nequit.
1449 3220 1531 3289 Mo-

356 3334 449 3399 ribus
470 3330 592 3397 Italicis
611 3337 623 3369 ⁸
642 3344 739 3412 capta
768 3329 915 3397 hostium
946 3328 1023 3395 navi
1046 3329 1148 3397 triens
1171 3348 1258 3395 unus
1280 3329 1323 3397 ad
1344 3331 1438 3397 navis
1457 3330 1532 3399 vic-

357 3444 448 3510 tricis
470 3441 662 3522 dominum,
686 3441 767 3505 alter
786 3440 828 3506 ad
847 3460 905 3507 eos
928 3460 1070 3522 quorum
1093 3460 1217 3506 merces
1238 3439 1272 3506 in
1291 3440 1368 3506 navi
1391 3440 1531 3507 victrice

356 3554 510 3633 fuerunt,
534 3551 650 3618 tertius
670 3550 711 3617 ad
734 3571 790 3617 eos
813 3550 871 3633 qui
894 3564 1083 3635 pugnarunt
1100 3551 1260 3634 pertinet:
1283 3550 1318 3617 in
1339 3551 1446 3634 primo
1466 3552 1530 3617 irn-

356 3682 495 3749 pensae,
520 3661 553 3727 in
572 3662 718 3729 secundo
737 3662 898 3745 periculi,
922 3659 956 3725 in
978 3658 1074 3725 tertio
1094 3679 1211 3743 operae
1232 3659 1271 3726 fit
1289 3662 1527 3745 compensatio.

356 3770 567 3843 Alibi'illud
587 3788 753 3857 receptum
777 3786 888 3839 estut
910 3770 969 3854 qui
991 3768 1088 3835 militi
1111 3789 1231 3852 equum
1244 3771 1286 3836 ad
1297 3771 1526 3839 excursionem

355 3884 577 3952 commodavit
609 3883 759 3967 praedam
792 3902 867 3949 cum
901 3882 959 3948 illo
994 3878 1130 3947 dividat.
1184 3879 1290 3963 Apud
1320 3880 1528 3965 Hispanos¹

356 3996 464 4064 navali
487 3997 573 4061 bello
606 3992 773 4076 quidquid
793 3992 975 4075 acquiritur
993 3990 1079 4075 regis
1100 3989 1156 4071 fit,
1180 3990 1329 4057 simodo
1351 3991 1405 4058 ille
1427 4010 1532 4060 naves

355 4124 430 4171 cum
459 4102 663 4169 armamentis
691 4099 898 4184 suppeditet,
922 4120 1149 4185 annonamque
1174 4101 1337 4170 militibus
1365 4118 1399 4168 et
1418 4102 1530 4169 nautis

356 4263 549 4281 *ο--Ω-

387 4335 397 4371 ¹
415 4336 479 4384 lior.
495 4338 545 4383 Sat.
562 4336 580 4382 1.
599 4347 621 4383 1.
641 4332 679 4397 [1.
696 4345 734 4381 vr.
752 4345 777 4390 7.
794 4334 845 4395 aq]
881 4331 892 4367 ¹
910 4336 941 4382 V.
959 4335 1035 4384 lnrtr.
1055 4334 1137 4384 marit.
1155 4337 1233 4385 Foed.
1251 4336 1332 4396 uergit
1342 4336 1419 4385 Prov.
1430 4348 1477 4385 art.
1488 4350 1531 4387 aa.

353 4426 400 4475 ¹1.
424 4438 449 4487 4.
472 4426 512 4473 tit.
537 4424 578 4473 26.
601 4438 628 4485 p.
653 4437 676 4472 a.
708 4421 721 4453 ⁴
744 4425 762 4470 t
790 4435 829 4485 19.
845 4423 886 4472 tit.
905 4425 946 4473 26.
962 4439 989 4486 p.
1010 4438 1048 4473 ra.
1066 4428 1083 4473 l.
1102 4439 1142 4475 ao.
1177 4424 1311 4483 [consul.
1329 4426 1413 4476 maria.
1430 4440 1455 4476 e.
1473 4430 1531 4484 aas.

353 4516 446 4565 ‘bell
463 4529 489 4575 p.
507 4527 532 4562 a.
550 4513 591 4561 tit.
609 4526 633 4569 s.
665 4510 712 4560 ⁷1.
732 4512 887 4575 ronam.
906 4528 931 4574 p.
950 4518 1008 4563 al.
1030 4528 1068 4577 14.
