3450 5434
552 627 600 673 nn
623 627 717 692 June
742 626 926 673 rasenna-
949 628 1030 675 cnr.
1054 628 1104 673 xr.
1365 614 1424 689 187

253 753 450 848 Lusitanos:
482 782 751 847 commerciorum
784 796 879 863 pacta
913 781 1118 848 sanciuntur.
1161 780 1261 865 Jusso
1294 800 1426 847 exscen-

253 893 328 958 dere
358 892 518 959 Cordesio
537 913 611 958 cum
630 892 860 975 promtissimis
878 907 1073 973 nautarum,
1105 908 1141 957 ut
1164 893 1321 958 bubalum
1344 892 1426 975 ipsis

253 1004 360 1071 victui
389 1005 584 1070 attributum
613 1006 788 1086 tollerent,
819 1003 874 1070 alii
905 1003 1034 1069 interim
1058 1003 1123 1067 cibi
1152 1024 1170 1067 a
1193 1003 1363 1068 Lusitanis
1386 1005 1426 1068 ad

256 1134 369 1181 navem
391 1115 486 1197 quasi
506 1115 594 1183 douo
615 1114 790 1199 feruntur,
813 1115 872 1183 sed
892 1113 1105 1199 rapidissimis
1125 1113 1260 1180 venenis
1281 1113 1426 1195 illibuti,

254 1226 389 1310 proviso
413 1226 540 1292 scilicet
559 1226 708 1292 subsidio
729 1227 758 1291 si
781 1223 869 1291 forte
889 1224 1081 1306 fefellisset,
1105 1224 1164 1307 qui
1175 1224 1274 1290 simul
1287 1225 1427 1291 instrue-

255 1339 350 1405 batur
377 1353 516 1404 conatus
547 1336 715 1404 audacior.
761 1336 861 1403 Petiti
890 1336 1018 1403 duabus
1042 1336 1204 1402 mortibus
1226 1336 1259 1401 in
1284 1336 1425 1420 pejorem

254 1449 462 1529 inciderunt,
495 1449 558 1514 hoc
579 1464 651 1529 est,
682 1448 716 1513 in
736 1467 852 1515 manus
872 1447 1118 1515 Lusitanorum.
1163 1447 1316 1529 Namque
1335 1447 1370 1512 hi
1392 1448 1426 1512 in

253 1580 369 1626 navem
390 1559 522 1625 admissi
538 1558 707 1626 foederum
728 1558 871 1639 fiducia,
895 1579 969 1625 curn
991 1574 1077 1625 tecta
1096 1560 1158 1625 sub
1170 1560 1319 1625 vestibus
1331 1559 1428 1625 tulis·

253 1686 329 1737 sent
349 1690 458 1751 arma,
482 1669 623 1754 digressi
648 1671 792 1737 diversas
814 1670 847 1735 in
869 1685 1003 1753 partes,
1027 1685 1064 1736 ut
1084 1690 1248 1753 quemque
1268 1669 1428 1736 confabu-

254 1785 373 1849 lantem
396 1782 698 1864 apprehenderant,
722 1780 932 1865 transfigunt.
980 1781 1102 1847 Orbam
1123 1779 1352 1848 defensoribus
1372 1801 1427 1846 na-

255 1914 354 1974 vem,
379 1909 448 1959 tum
470 1892 634 1977 quidquid
654 1894 776 1971 inerat,
805 1909 971 1976 occupant
994 1892 1088 1975 quasi
1112 1892 1265 1959 victores.
1312 1894 1427 1974 Atque

256 2005 386 2071 interim
417 2005 599 2072 Cordesius
622 2004 656 2071 in
684 2005 823 2089 cymba,
847 2023 913 2086 qua
935 2003 1019 2070 forte
1042 2004 1227 2084 remeabat,
1252 2003 1427 2071 confossus

254 2116 421 2199 primum,
446 2116 565 2182 deinde
585 2117 788 2181 decollatur:
808 2130 946 2181 truncus
969 2116 1002 2180 in
1027 2136 1112 2182 mare
1134 2116 1297 2201 dejicitur.
1321 2115 1428 2181 Idem·

256 2249 322 2311 que
354 2228 492 2293 aliorum
527 2226 632 2293 fatum
666 2226 759 2308 fuit,
792 2245 878 2309 quos
910 2246 927 2291 e
956 2226 1033 2293 navi
1057 2227 1212 2293 velutad
1239 2227 1426 2309 capiendam

255 2339 439 2404 merendam
468 2338 623 2403 Lusitani
649 2338 856 2405 exciverunt:
880 2336 943 2405 nisi
965 2338 1056 2419 quod
1079 2338 1181 2403 saturi
1203 2337 1350 2404 caedium
1372 2336 1428 2403 uni

257 2466 290 2516 et
310 2450 403 2517 alteri
426 2464 643 2533 pepercerunt
665 2464 816 2533 respectu
840 2432 956 2515 aetatis
977 2449 1172 2529 tenerioris,
1197 2465 1254 2515 aut
1277 2449 1355 2531 quia
1378 2449 1427 2514 di-

256 2562 352 2628 vinae
391 2560 618 2645 providentiae
651 2560 698 2626 ita
728 2560 860 2642 visum,
895 2579 935 2627 ne
970 2575 1103 2626 tantum·
1127 2560 1252 2626 facinus
1287 2559 1428 2627 testibus

256 2672 482 2738 fraudaretur:
507 2692 706 2754 quamquam
730 2691 790 2737 nee
819 2671 909 2754 ipsos
930 2671 1050 2754 jactare
1077 2672 1210 2754 puduit.
1257 2670 1333 2737 Scio
1359 2686 1428 2737 stu·

255 2784 367 2866 puisse
398 2785 573 2849 lectorem:
604 2783 674 2847 scio
704 2782 763 2849 vix
794 2782 884 2848 credi
915 2801 1024 2848 ausam
1056 2783 1135 2847 haec
1160 2800 1230 2847 esse
1263 2783 1427 2847 nationeur

254 2896 394 2977 primum
415 2894 655 2976 Christianam,
675 2894 793 2960 deinde
812 2913 939 2958 morum
961 2891 1056 2958 etiam
1078 2893 1233 2974 vitaeque
1253 2896 1347 2959 cultu
1362 2912 1428 2959 uon

256 3026 369 3090 parum
399 3006 666 3089 superbientem,
697 3020 730 3072 et
765 3024 876 3071 ausam
916 3019 1028 3071 contra
1056 3004 1162 3069 datam
1194 3019 1429 3087 acceptamque

257 3117 365 3183 fidem.
410 3117 504 3204 Quid
526 3117 655 3202 igitur?
681 3117 820 3183 Caetera
842 3116 965 3200 quibus
986 3115 1096 3182 verbis
1120 3116 1304 3197 exsequar?
1330 3116 1428 3183 Unde

255 3228 336 3295 mibi
355 3248 476 3310 voces,
495 3250 580 3311 quae
602 3248 668 3295 non
690 3244 747 3294 aut
767 3229 866 3312 longe
887 3242 962 3310 post
982 3225 1060 3293 facti
1084 3226 1310 3311 indignitatem
1329 3228 1428 3295 relin-

257 3356 424 3421 quantur,
457 3356 515 3406 aut
543 3360 610 3407 non
643 3359 738 3405 omne
763 3339 854 3422 quod
876 3338 965 3404 credi
989 3338 1118 3422 possit,
1145 3340 1273 3405 tametsi
1297 3340 1429 3408 verissi-

256 3472 350 3532 mae,
372 3451 594 3534 exsuperent?
620 3452 737 3517 Restat
756 3450 863 3530 enim,
888 3465 989 3517 restat
1007 3450 1150 3516 atrocius
1167 3450 1258 3517 aliud
1275 3466 1308 3517 et
1326 3452 1430 3538 magis

257 3563 485 3646 Hispanicum.
530 3565 626 3650 Quae
656 3563 754 3628 modo
787 3562 931 3628 diximus
963 3562 1019 3627 illa
1050 3560 1208 3645 fuerunt,
1241 3561 1273 3629 in
1307 3564 1431 3645 quibus

255 3675 494 3741 Lusitanorum
528 3674 575 3740 ira
603 3674 757 3756 prolusit.
801 3673 866 3739 Sex
889 3673 1062 3753 homines,
1097 3689 1270 3757 conspecta
1293 3694 1428 3741 suorum

256 3786 347 3851 clade
366 3799 398 3849 et
419 3786 577 3869 sanguine
599 3799 683 3851 terra
703 3784 875 3867 marique,
894 3784 927 3849 in
948 3783 1097 3869 cymbam
1119 3783 1348 3869 profugerant:
1362 3804 1428 3851 non

255 3912 342 3963 certa
362 3898 428 3962 ulla
447 3916 504 3979 spe
527 3897 694 3981 (undique
716 3896 801 3964 enim
818 3894 916 3961 remis
928 3894 1140 3961 imminebant
1151 3896 1346 3981 Lusitani),
1369 3898 1428 3963 sed

254 4008 378 4075 fluctus
407 4008 520 4091 potius
542 4023 574 4073 et
597 4010 753 4090 scopulos
776 4022 810 4073 et
830 4007 967 4091 quidvis
991 4005 1181 4089 experturi,
1205 4026 1301 4089 quam
1326 4008 1428 4074 Iberi·

255 4139 326 4184 cam
354 4119 596 4185 crudelitatem.
642 4121 690 4185 At
712 4120 760 4185 illi
784 4121 924 4184 clamant
954 4132 993 4183 ut
1014 4118 1171 4183 dederent
1203 4137 1293 4183 sese:
1319 4121 1428 4202 exple·

254 4245 320 4295 tam
349 4232 413 4314 jam
444 4230 624 4296 ultionem:
648 4231 729 4313 ipsis
751 4232 852 4297 vitam
875 4251 910 4297 ac
934 4250 1054 4313 corpus
1077 4231 1204 4297 salvum
1228 4228 1306 4295 fore.
1331 4232 1428 4297 Prae-

255 4356 359 4407 statur
384 4342 639 4427 jusjurandum,
669 4342 762 4424 quod
793 4358 830 4409 ut
849 4341 921 4409 aliis
940 4340 1131 4409 hominibus
1149 4342 1332 4407 securitatis
1355 4342 1427 4410 vin·

254 4455 390 4538 culum,
414 4454 459 4521 ita
481 4453 547 4520 illis
570 4452 704 4521 fallendi
734 4453 988 4521 instrumentum
1020 4468 1079 4520 est.
1125 4453 1363 4538 Transgressos
1393 4456 1426 4522 in
