3450 5434
378 635 418 714 38
682 649 728 695 ua
752 646 845 717 Junu
871 645 1057 694 pannosa.
1082 645 1165 692 cnr.
1191 643 1249 694 111.

378 803 505 870 delictis
531 803 601 869 suis
627 804 691 868 hoc
718 801 853 886 insuper
879 801 1089 886 adjungunt,
1119 799 1211 883 quod
1227 798 1261 867 in
1282 814 1468 871 contactum
1492 800 1554 866 cri·

377 915 473 981 minis
499 916 609 998 plures
638 915 772 981 trahunt
804 928 980 998 apertaque
1007 912 1041 978 vi
1070 913 1242 979 adversum
1271 914 1361 996 leges
1390 927 1424 978 et
1442 931 1553 995 pacem

376 1026 539 1111 publicam
561 1026 757 1112 insurgunt,
781 1025 904 1108 quibus
915 1043 981 1091 non
991 1025 1065 1091 ideo
1075 1026 1150 1108 plus
1166 1023 1251 1108 juris
1271 1039 1339 1105 est,
1359 1023 1416 1089 sed
1426 1022 1555 1089 timoris

378 1154 410 1205 et
427 1137 640 1204 verecundiae
660 1137 780 1204 minus.
815 1136 974 1220 Sequitur
993 1137 1071 1203 hinc
1091 1137 1212 1202 bellum
1232 1134 1367 1218 aliquod
1383 1133 1552 1219 publicum

375 1252 500 1335 justum
530 1269 609 1315 esse.
656 1249 761 1332 quue
787 1248 894 1332 ipsum
922 1248 1015 1314 aliter
1040 1247 1133 1315 etiam
1153 1248 1331 1332 probatur,
1356 1245 1435 1329 quia
1456 1265 1553 1312 nemo

218 1347 364 1448 ᾖῗξζῖἳζ
379 1376 428 1428 est
449 1361 506 1445 qui
526 1362 642 1445 probet
661 1360 811 1427 instituta
821 1361 863 1426 ob
877 1360 992 1442 linem,
1012 1359 1065 1426 cui
1082 1357 1158 1426 finis
1171 1357 1241 1443 ipse
1257 1377 1324 1425 non
1336 1360 1442 1424 multo
1456 1357 1552 1423 etiarn

378 1473 481 1559 magis
499 1475 626 1557 placere
645 1472 768 1538 debeat.
805 1471 947 1537 Tributa
964 1490 1061 1538 nemo
1080 1469 1184 1536 nescit
1203 1470 1362 1536 bellorum
1379 1469 1553 1554 praecipue

378 1605 475 1652 causa
495 1584 633 1652 institui.
678 1585 802 1652 Verum
824 1584 909 1650 enim
929 1598 977 1649 est
998 1581 1108 1648 Taciti
1129 1593 1138 1628 ¹
1157 1581 1254 1647 illud:
1283 1602 1386 1667 neque
1401 1585 1552 1669 gentium

379 1702 518 1784 quietem
548 1701 617 1762 sine
649 1701 772 1778 armis,
806 1716 908 1781 noque
936 1716 1036 1760 arma
1065 1698 1135 1759 sine
1155 1692 1347 1781 stipendiis,
1371 1713 1473 1778 neque
1492 1696 1553 1758 sti·

374 1807 500 1896 pendia
523 1812 592 1874 sine
614 1808 754 1874 tributis
776 1808 895 1872 haberi
911 1821 1013 1892 posse.
1056 1803 1198 1871 Tributa
1220 1820 1328 1870 autem
1351 1803 1437 1872 solvi
1459 1804 1553 1870 Deus

380 1935 412 1986 et
429 1940 486 2004 per
514 1918 682 1985 Christum
703 1934 735 1984 et
753 1938 811 2002 per
829 1918 1029 2002 Apostolum
1050 1917 1185 2000 imperat
1202 1917 1225 1983 ².
1270 1917 1382 2004 Quare
1403 1914 1554 1998 sequitur

219 2031 475 2129 120m„3„,„,etiam
498 2031 583 2097 bella
608 2030 718 2114 aliqua
745 2045 781 2095 ut
804 2031 893 2114 justa
920 2031 994 2096 Deo
1011 2027 1154 2112 probari.
1200 2028 1299 2093 Addo
1319 2027 1413 2093 etiam
1438 2027 1553 2093 Chris-

220 2116 366 2164 ΗΜ
378 2142 551 2209 tianorum.
587 2141 682 2208 Licet
703 2140 787 2208 enirn
809 2141 1008 2207 Christianis
1029 2138 1194 2222 quidquid
1210 2155 1283 2206 ante
1304 2138 1431 2206 Christi
1449 2140 1552 2224 legem

379 2253 492 2336 licuit,
524 2273 584 2320 nec
614 2253 767 2320 Christus
796 2252 967 2337 prohibuit
985 2254 1009 2319 ³.
1055 2251 1145 2316 Bella
1172 2265 1245 2316 ante
1275 2250 1444 2317 Christum
1465 2250 1554 2334 justa

300 2365 305 2374 '
380 2364 484 2431 fuisse
513 2364 724 2449 probavimus
755 2379 786 2430 et
813 2364 959 2431 fatentur
988 2381 1112 2430 omnes.
1158 2361 1313 2428 Christus
1341 2376 1448 2427 autem
1470 2360 1553 2427 nihil

380 2476 550 2560 prohibuit
578 2497 708 2560 eorum,
742 2497 825 2560 quae
852 2479 941 2562 justa
969 2489 1059 2541 erant
1082 2475 1155 2558 jure
1177 2487 1329 2554 naturae,
1353 2472 1463 2555 qualia
1483 2491 1554 2539 esse

220 2606 367 2707 piisima&
380 2589 466 2654 bella
489 2587 640 2654 diximus.
686 2588 755 2654 Imo
774 2587 857 2654 nihil
878 2586 1033 2654 Christus
1054 2584 1180 2669 antiqui
1198 2583 1343 2651 foederis
1359 2583 1500 2650 mutavit
1517 2589 1552 2664 ⁴,

381 2700 472 2782 quod
490 2698 621 2782 quidem
640 2700 680 2766 ad
701 2699 787 2766 vitae
808 2700 969 2765 humanae
986 2698 1147 2783 J'ustitiam
1165 2715 1338 2779 moresque
1360 2695 1552 2779 pertineret:

381 2811 442 2877 sub
475 2832 542 2893 quo
575 2826 607 2876 et
649 2831 714 2876 rem
749 2810 897 2877 bellicam
929 2809 1258 2895 comprehendimus,
1291 2828 1389 2891 quam
1420 2806 1554 2891 insuper

221 2906 367 3008 fifflfffj
381 2923 499 2988 diserte
520 2924 687 3006 probatam
707 2939 740 2990 et
753 2921 916 3005 Baptistae
936 2937 968 2988 et
986 2921 1079 2987 Pauli
1097 2920 1276 2988 sententiae
1296 2940 1391 3003 supra
1408 2923 1421 2960 ¹
1439 2918 1553 2984 citatae

381 3034 459 3100 satis
490 3035 703 3101 convincunt.
747 3034 879 3119 Justum
906 3033 1007 3119 igitur
1036 3033 1157 3099 bellum
1187 3030 1322 3114 aliquod
1341 3029 1551 3097 Christianis.

221 3160 367 3207 nautum.
380 3145 426 3211 Et
454 3145 585 3226 quidem
608 3145 641 3210 in
665 3145 893 3225 Christianos,
921 3145 985 3210 hoc
1003 3159 1067 3226 est,
1087 3143 1146 3226 qui
1168 3142 1294 3209 Christi
1315 3161 1433 3208 nomen
1454 3140 1553 3224 profi·

222 3215 243 3259 I'
256 3224 304 3261 Μ’
317 3214 367 3262 ffl'
380 3271 500 3321 tentur.
546 3256 633 3321 Nam
661 3277 700 3321 ex
725 3255 916 3322 definitione
944 3271 975 3320 et
1002 3256 1127 3323 ratione
1151 3254 1377 3339 oppositorum
1398 3249 1553 3337 'iustum

381 3381 429 3433 est
450 3367 572 3434 bellum
596 3367 628 3434 in
651 3387 726 3448 ene,
745 3367 803 3450 qui
824 3366 951 3433 faciunt
971 3367 1131 3452 injuriam.
1168 3364 1347 3431 Christiani
1360 3379 1466 3430 autem
1479 3363 1554 3445 qui·

381 3478 453 3544 darn
486 3494 563 3544 sunt
590 3478 728 3545 malefici
761 3494 793 3544 et
815 3477 965 3563 injuriosi
976 3498 998 3562 ‚·
1014 3478 1151 3545 Christo
1173 3491 1256 3543 teste
1279 3474 1310 3542 ⁷:
1335 3494 1421 3559 quos
1439 3487 1553 3540 conse-

221 3607 367 3707 parata.
381 3605 518 3673 quenter
538 3589 634 3656 annis
656 3590 809 3674 persequi
829 3591 885 3674 jus
907 3605 965 3656 est.
1009 3590 1118 3657 Etiam
1138 3588 1319 3655 Christiani
1341 3585 1456 3671 poenis
1476 3587 1555 3651 sub-

224 3662 353 3762 rii.⁰'''⁶'
378 3703 504 3786 J'acent:
529 3701 590 3766 hos
611 3701 694 3766 enirn
715 3701 836 3768 Paulus
855 3705 867 3740 ⁸
886 3701 1067 3784 alloquitur
1093 3700 1164 3781 his,
1188 3699 1392 3784 quae'modo
1417 3695 1553 3762 adduxi·

380 3831 453 3878 mus
476 3812 602 3879 verbis:
635 3827 667 3878 et
689 3811 772 3878 forte
793 3812 955 3896 supplicia
973 3813 1062 3879 haud
1080 3811 1203 3879 leviora
1225 3831 1323 3894 quam
1346 3809 1464 3875 caeteri
1487 3828 1554 3874 me·

380 3938 511 4008 rentur,
545 3943 629 4006 quos
658 3923 851 3989 sanctissimi
883 3923 1024 3991 nominis
1044 3922 1226 3990 reverentia
1248 3925 1289 3989 ab
1312 3921 1440 4006 injuriis
1463 3939 1554 3986 coer·

381 4055 452 4101 cere
483 4054 550 4101 non
580 4034 698 4118 potuit.
746 4034 874 4101 Poenae
907 4049 1013 4101 autern
1045 4036 1203 4118 quaedam
1235 4033 1305 4099 sine
1334 4034 1422 4099 bello
1445 4030 1553 4114 expeti

383 4203 567 4214 *-

415 4282 507 4332 ¹Hlst.
533 4285 550 4331 l.
574 4296 599 4344 4.
619 4281 654 4344 [c.
678 4281 731 4343 μ]
766 4278 893 4330 ’Mattla
918 4294 957 4330 aa„
983 4295 1023 4330 ar.
1047 4282 1123 4330 Rom.
1150 4293 1189 4339 rs.
1212 4293 1236 4338 7.
1270 4276 1350 4342 ⁸Jac.
1371 4292 1392 4327 1.
1411 4291 1451 4327 ar.
1469 4289 1495 4326 et
1513 4289 1553 4336 25·

381 4391 406 4424 v.
424 4375 515 4423 Thorn.
541 4387 563 4422 1.
587 4387 609 4422 a.
634 4386 659 4433 q.
687 4384 742 4430 107·
764 4383 820 4436 art„
833 4374 879 4420 ult.
920 4369 1039 4421 ⁴Matth.
1064 4384 1102 4430 17.
1127 4373 1157 4419 V.
1176 4370 1234 4420 dist.
1252 4370 1276 4418 6.
1294 4383 1317 4419 c.
1334 4371 1380 4418 ult.
1413 4367 1469 4416 ‘ln
1487 4369 1553 4418 dem.

380 4467 454 4515 inart.
481 4478 502 4512 1.
518 4477 543 4512 et
561 4477 584 4512 a.
600 4475 646 4511 art.
666 4476 686 4511 ι.
728 4460 739 4494 ⁰
765 4460 980 4524 truncetur.
1017 4459 1175 4521 ⁷Mattlr.7.
1191 4475 1231 4511 aa.
1252 4474 1290 4524 19.
1332 4460 1436 4509 thom.
1467 4471 1553 4520 1³04·

380 4556 412 4605 V.
428 4556 518 4605 Thom.
533 4568 556 4604 a.
571 4568 595 4604 a.
611 4568 635 4615 q.
653 4567 708 4617 104.
721 4565 767 4602 art.
780 4554 805 4602 6.
