3450 5434
498 634 546 681 DE
570 636 662 701 June
689 636 875 685 entonam,
901 635 983 685 CAR.
1007 632 1087 681 vill.
1338 632 1381 697 99

380 786 504 855 Vicina
527 788 665 855 Theseus
689 794 749 876 qui
770 804 859 856 tenet
883 792 980 876 regni
1003 789 1073 855 sola

380 900 534 965 Humare
549 905 658 985 poscit
680 916 850 967 mortuos:
873 900 962 986 quod
981 905 1010 965 si
1032 900 1161 983 datur,

380 1010 435 1075 Sit
457 1015 568 1076 antica
583 1010 695 1095 faciet
714 1034 795 1101 gens
819 1010 1064 1080 Erechthidum
1088 1012 1162 1078 tibi.

383 1118 477 1205 Quae
499 1126 530 1187 st'
546 1123 765 1209 probantur,
787 1137 860 1189 tum
883 1123 976 1207 roser
998 1135 1091 1187 retro
1107 1122 1235 1209 pedem.

379 1234 442 1299 Sin
463 1254 553 1298 nemo
570 1247 695 1318 paret,
717 1234 827 1303 verbo·
843 1238 912 1299 sint
935 1234 1016 1299 haec
1039 1234 1176 1299 altera:

374 1343 458 1430 Jotn
481 1362 557 1407 mox
580 1355 619 1406 ut
642 1362 742 1408 arma
761 1344 861 1428 pubt's
885 1355 1072 1429 exspectent
1094 1366 1194 1411 meae.

247 1452 295 1519 Et
313 1452 431 1518 similia
453 1473 472 1518 a
493 1452 638 1519 Creonte
660 1452 794 1521 Theseo
816 1454 1033 1537 nuntiantur,
1057 1470 1096 1521 ut
1117 1454 1286 1521 videamus
1309 1475 1378 1521 mo·

203 1584 271 1630 rem
293 1564 452 1631 Graeciae
477 1564 510 1629 in
529 1564 696 1647 tragoedia
718 1583 925 1648 expressum:
950 1564 1008 1647 qui
1037 1579 1071 1631 et
1099 1565 1132 1631 in
1152 1565 1289 1633 historia
1307 1567 1378 1633 Ro-

204 1688 298 1742 mana
320 1676 439 1759 passim
463 1675 617 1742 occurrit
661 1675 756 1762 Quae
775 1690 884 1741 autem
904 1676 971 1743 duo
994 1676 1057 1743 ista
1079 1676 1126 1743 sic
1148 1676 1378 1761 complectitur
1390 1685 1525 1786 3:¹22*ss

203 1801 342 1852 vocatur
374 1785 580 1851 denuntiatio
609 1786 680 1853 sive
712 1785 863 1853 indictio.
911 1787 944 1853 Is
974 1806 1053 1853 vero
1084 1787 1142 1871 qui
1176 1788 1267 1872 prius
1288 1788 1378 1855 misit
1389 1792 1468 1841 arceo.

203 1916 256 1964 res
277 1897 474 1981 repetitum,
499 1916 566 1963 non
588 1912 719 1963 tenetur
741 1898 858 1963 iterum
881 1897 1091 1967 denuntiare:
1116 1900 1174 1967 sed
1196 1899 1281 1967 sicut
1293 1920 1377 1982 quae

202 2024 280 2092 post
307 2009 500 2077 sententiam
533 2023 735 2092 usurpantur
763 2009 891 2092 edicta,
927 2028 992 2077 nou
1017 2030 1034 2077 a
1057 2010 1203 2095 gentium
1224 2013 1297 2097 jure
1320 2013 1379 2079 sed

202 2121 243 2185 ab
266 2120 420 2187 instituto
443 2133 521 2187 sunt
543 2122 708 2205 cujusque
729 2119 896 2203 civitatis,
919 2138 986 2189 non
1019 2122 1112 2189 aliter
1142 2136 1174 2187 et
1202 2121 1279 2189 belli
1305 2142 1376 2189 sus·

201 2230 345 2315 cipiendi
367 2231 547 2312 solemnia,
571 2230 599 2297 si
622 2250 688 2313 qua
706 2246 785 2298 sunt
801 2246 929 2315 praeter
956 2248 1097 2315 eaquae
1119 2233 1261 2301 diximus
1281 2234 1316 2314 ¹,
1339 2249 1377 2300 ut

202 2343 243 2409 de
262 2342 416 2408 iterandis
442 2340 770 2424 denuntiationibus,
803 2361 871 2409 non
892 2343 1023 2411 aliunde
1047 2364 1144 2427 quam
1167 2364 1207 2410 ex
1227 2344 1376 2411 moribus

199 2453 365 2538 cujusque
382 2452 497 2536 populi
518 2452 742 2533 descendunt,
766 2454 858 2535 quod
879 2468 911 2519 et
932 2454 1106 2521 Maecenas
1125 2456 1215 2538 apud
1233 2454 1374 2523 Dionem

200 2565 286 2630 velle
321 2563 466 2630 videtur.
522 2564 635 2629 Multa
667 2566 738 2649 ejus
768 2564 896 2649 generis
927 2564 1070 2633 Romani
1100 2582 1301 2649 usurparunt
1334 2568 1374 2633 ab

202 2675 398 2758 Aequicolis
423 2690 579 2758 accepta,
610 2691 648 2741 ut
681 2674 721 2741 de
742 2676 834 2741 hasta
853 2676 1034 2759 sanguinea
1056 2691 1089 2743 et
1108 2676 1170 2742 alia
1191 2678 1374 2762 ejusmodi,

186 2787 285 2851 sicut
303 2801 337 2852 et
355 2786 489 2872 triginta
514 2785 597 2871 justi
625 2786 696 2853 dies
722 2800 799 2870 post
833 2787 1024 2853 sententiam
1045 2787 1137 2853 utin
1160 2785 1254 2871 foro,
1275 2788 1319 2854 ita
1342 2789 1375 2855 in

196 2898 285 2963 bello
316 2897 385 2981 pari
408 2898 534 2964 ratione
556 2898 707 2964 damnato
727 2897 975 2965 tribuebantur:
998 2917 1106 2981 neque
1135 2897 1276 2980 mirum,
1299 2920 1374 2967 cum

198 3009 279 3075 aliae
297 3024 412 3094 gentes
432 3008 533 3074 mam
550 3010 660 3075 locum
680 3023 713 3075 et
731 3022 861 3093 tempus
880 3008 993 3093 praelii
1014 3028 1109 3093 saepe
1129 3009 1380 3101 denuntiarint,

198 3138 284 3202 quae
311 3134 350 3185 ut
381 3119 544 3186 interdum
576 3120 747 3205 magnifica
775 3134 875 3201 sunt,
905 3120 951 3187 lta
972 3138 1156 3203 numquam
1179 3121 1371 3191 necessaria.

197 3230 297 3297 Unde
317 3245 351 3297 et
366 3230 536 3297 Romanos
555 3230 704 3298 videmus
721 3232 936 3299 sanctissimis
954 3232 1158 3316 temporibus
1177 3252 1227 3309 res
1240 3232 1374 3315 quidem

197 3361 376 3424 numquam
399 3341 463 3408 nisi
485 3342 525 3407 ab
555 3341 656 3425 ipsis,
687 3342 745 3425 qui
765 3343 917 3428 injuriam
940 3342 1104 3427 fecerant,
1129 3360 1187 3411 aut
1206 3344 1373 3430 magistra·

196 3452 286 3519 tibus
315 3452 492 3536 repetisse,
523 3453 648 3519 bellum
668 3468 775 3521 autem
796 3471 972 3537 postquam
996 3456 1164 3523 decretum
1186 3471 1276 3540 erat,
1305 3475 1373 3525 non

195 3562 239 3628 ad
267 3563 398 3629 eosdem
429 3562 569 3646 utique,
602 3565 741 3631 sedvel
772 3566 814 3632 ad
843 3566 1013 3649 proximos
1044 3567 1127 3635 fines
1161 3569 1255 3650 quasi
1289 3568 1373 3636 dicis

194 3692 293 3738 eausa
310 3672 487 3753 indixisse,
509 3678 564 3741 vel
583 3676 646 3741 hoc
666 3675 762 3742 etiam
781 3676 954 3757 omisisse,
976 3698 1051 3745 cum
1064 3698 1115 3746 res
1124 3678 1269 3763 legitime
1281 3700 1372 3763 repe·

194 3784 273 3850 titae
295 3804 356 3849 nec
373 3784 439 3878 juri
459 3785 600 3869 paritum
620 3800 715 3854 esset.
736 3786 844 3854 Varro
863 3788 959 3853 etiam
979 3802 1012 3855 et
1029 3789 1200 3857 Arnobius
1219 3792 1230 3829 ²
1249 3810 1372 3857 morem

193 3894 289 3961 illum
318 3896 509 3963 solemniter
537 3899 658 3965 bellum
693 3898 930 3981 denuntiandi,
966 3899 1054 3968 sicut
1084 3900 1146 3967 alia
1177 3920 1261 3983 quae
1295 3916 1373 3968 sunt

190 4006 276 4093 juris
310 4006 440 4090 civilis,
475 4009 564 4092 apud
595 4010 764 4079 Romanos
798 4010 956 4078 abolitum
991 4025 1164 4078 testantur.
1211 4012 1371 4077 Videmus

191 4255 392 4272 m

227 4434 237 4469 ¹
254 4436 318 4487 nou
331 4439 365 4488 de
379 4452 434 4500 rep.
449 4442 467 4488 1.
487 4453 509 4489 ι.
521 4454 545 4489 e.
554 4452 580 4499 7.
594 4453 620 4490 et
637 4440 710 4491 Febr.
725 4454 788 4491 aem.
804 4444 822 4491 l.
837 4456 862 4495 a.
878 4456 900 4493 o.
916 4456 938 4491 a.
958 4442 1003 4491 sub
1020 4440 1064 4493 fin.
1098 4438 1156 4491 'de
1171 4438 1231 4503 lint.
1248 4440 1301 4491 Lat.
1319 4442 1337 4490 1.
1347 4454 1370 4499 s.

194 4524 229 4590 ss·
246 4526 299 4593 dd]
318 4529 415 4581 Arnob.
432 4543 455 4580 c.
472 4542 539 4591 gent.
552 4533 569 4580 l.
587 4546 609 4580 a.
1155 4597 1194 4678 7*
