3450 5434
352 663 393 708 ee
664 661 711 709 oss
736 661 829 728 June
857 661 1040 711 runcone,
1064 662 1144 710 css.
1169 660 1209 710 ιι.

351 818 438 900 apud
460 815 692 902 Thucydidem
717 817 727 858 ¹
750 817 910 885 concione
933 814 1071 902 intelligi
1095 831 1213 900 potest.
1238 817 1324 884 Sunt
1347 819 1431 884 enins
1444 821 1523 885 haee

350 929 468 995 verba:
488 934 545 1010 ε’γίο
566 933 625 1013 γοδρ
645 935 773 1012 ιίγοῦροαι
789 931 872 998 πόλιν
882 934 973 999 πλείω
983 933 1145 1012 ξύμπασαν
1155 933 1315 1014 ίρίουμίννν
1326 936 1450 1019 ὠφελεῖν
1460 935 1525 1006 τοὺς

350 1047 477 1118 ἰδιώταις,
500 1044 517 1120 si
540 1045 603 1109 καθ’
624 1041 744 1111 ἕκαστον
765 1051 821 1111 τῶν
840 1051 963 1111 πολιτῶν
982 1046 1203 1125 εὐπραγοῦσαν,
1226 1044 1328 1125 οίίρίαν
1348 1046 1524 1129 δὲσφαλλο-

349 1156 444 1236 almo.
474 1162 571 1228 καλῶς
602 1156 655 1235 μὲν
685 1157 744 1236 γίιρ
762 1157 918 1240 &plamae
939 1157 1009 1236 οίνίρρ
1034 1158 1067 1222 τὸ
1089 1156 1154 1220 καθ’
1174 1156 1275 1222 ἑαυτὸν
1298 1157 1524 1239 διαφθειρομένης

349 1274 402 1341 τῆς
433 1268 566 1348 πατρίδος
597 1266 673 1331 οὐδὲν
706 1263 788 1342 ἧσσον
809 1266 1046 1346 ξυναπόλλυται,
1069 1270 1238 1347 κακοτυχῶν
1259 1267 1289 1331 δὲ
1310 1266 1340 1331 ἕν
1361 1267 1523 1348 εὐτυχούσῃ

350 1379 448 1459 πολλῷ
480 1381 596 1456 μᾶλλον
628 1379 807 1462 διασώζεται.
841 1375 929 1446 babse
951 1373 996 1443 abu
1018 1376 1101 1449 πόλις
1123 1378 1177 1456 μὲν
1197 1379 1253 1449 τοὶς
1277 1378 1351 1449 itta
1371 1378 1523 1460 ξυμφορὰς

349 1483 394 1554 sia
412 1512 446 1553 τε
464 1490 574 1571 Φέρειν,
597 1486 637 1562 είς
659 1491 688 1555 δὲ
707 1486 827 1562 ἕκαστος
849 1490 906 1561 τὰς
928 1489 1034 1563 ἐκείνης
1049 1488 1203 1560 οίδιίνατος,
1226 1491 1328 1561 absol
1338 1487 1523 1570 χρίιποίντνα

349 1598 466 1677 balteis
488 1602 564 1682 ebrii
587 1599 637 1665 καί
659 1601 701 1679 μὴ
723 1594 738 1666 b
760 1604 808 1666 νῦν
831 1601 913 1679 ὑμεῖς
935 1601 1042 1680 δροῖτε,
1065 1606 1131 1671 ταῖς
1153 1595 1301 1664 κατόίκον
1311 1601 1522 1680 κακοπραγίαις

349 1711 582 1792 ἐκπεπληγμένοι
614 1716 664 1777 τοῦ
696 1717 783 1778 κοινοῦ
815 1717 868 1784 τῆς
901 1710 1039 1790 σωτηρίας
1072 1709 1204 1793 apicem.
1250 1706 1276 1771 I.
1308 1725 1334 1770 e.
1359 1707 1416 1770 Ita
1436 1709 1521 1772 emim

350 1819 519 1900 existimo,
548 1823 650 1885 etiam
671 1818 812 1907 siugulis
834 1818 1018 1882 bominibus
1035 1817 1114 1904 plus
1137 1838 1207 1881 eam
1225 1816 1379 1904 prodesse
1401 1821 1523 1886 cirita·

350 1941 432 2010 tem,
457 1949 541 2014 quae
559 1943 631 1996 tota
652 1944 739 1996 recte
761 1951 793 1995 se
814 1929 955 2010 babeat,
979 1931 1129 2014 quamsi
1150 1949 1218 2014 qua
1233 1931 1384 2016 priuatis
1398 1929 1522 2015 floreat

350 2039 574 2122 utilitatibus,
606 2047 679 2130 ipsa
714 2055 824 2108 autem
856 2046 1038 2110 universim
1069 2041 1207 2107 laboret.
1254 2038 1321 2124 Qui
1351 2042 1436 2105 caim
1466 2039 1523 2106 do·

351 2157 501 2218 masticat
515 2153 679 2238 sortaaas
700 2155 777 2219 bene
796 2154 975 2220 collocatas
996 2156 1113 2236 babet,
1131 2157 1255 2240 patria
1277 2166 1387 2218 tamea
1408 2173 1522 2221 crersa

345 2278 465 2351 pereat
480 2278 511 2330 et
534 2269 601 2351 ipse
625 2287 747 2332 necessa
767 2279 837 2332 cst:
861 2280 980 2331 contra
1001 2286 1079 2334 uero
1102 2269 1203 2331 etiam
1226 2268 1255 2330 si
1275 2267 1349 2350 quis
1371 2268 1408 2328 im
1423 2264 1522 2329 beata

350 2375 522 2462 republica
546 2391 672 2463 parum
694 2376 786 2462 felix
818 2391 881 2456 cst,
915 2378 1018 2443 multo
1050 2391 1161 2443 tamea
1174 2376 1320 2461 facilius
1338 2391 1403 2462 per
1425 2375 1521 2441 illam

349 2487 521 2552 incolumis
555 2502 724 2556 seruatur.
770 2486 886 2573 Quare
918 2511 991 2554 cum
1014 2491 1135 2558 ciuitas
1159 2487 1289 2573 quidem
1313 2487 1521 2574 singulorum

344 2601 449 2686 possit
481 2603 669 2665 sustentare
699 2600 930 2684 calamitates,
974 2600 1100 2688 singuli
1134 2613 1245 2665 autem
1272 2599 1426 2685 publicas
1458 2620 1521 2664 noa

349 2712 446 2792 item,
482 2709 566 2797 qaid
597 2725 644 2776 est
676 2733 740 2777 car
773 2734 836 2778 noa
867 2716 1036 2781 uniuersos
1068 2715 1132 2798 ipsi
1163 2710 1332 2776 consulere
1353 2714 1522 2798 ipsamque

349 2827 440 2888 tueri
474 2836 644 2909 oporteat,
677 2845 734 2889 acc
766 2823 805 2890 id
813 2823 949 2916 facere,
981 2823 1070 2909 quod
1088 2844 1143 2891 uos
1156 2824 1301 2909 facitis,
1322 2821 1400 2888 dum
1424 2825 1522 2908 quasi

349 2937 490 2998 attoniti
501 2935 648 3020 jactura
669 2939 721 3000 rei
744 2934 939 3019 familiaris
961 2933 1101 2999 salutem
1118 2933 1265 3021 proditis
1289 2934 1520 3020 reipublicae?

348 3045 467 3112 Livius
490 3043 502 3079 ¹
525 3047 668 3112 breviter
696 3045 741 3111 ita
770 3046 943 3129 concepit:
967 3045 1168 3134 Respublica
1199 3045 1373 3112 incolumis
1396 3058 1427 3110 et
1444 3049 1521 3132 pri-

348 3171 446 3226 uatas
467 3177 519 3222 ret
533 3158 644 3242 facilc
659 3159 771 3227 saluas
786 3170 967 3245 praestat:
983 3157 1122 3245 publica
1137 3156 1306 3244 prodendo
1323 3171 1521 3242 tuaaequa·

347 3289 447 3354 quam
488 3289 606 3336 serres.
662 3269 748 3335 Cum
778 3284 885 3335 autem
917 3271 1071 3336 voluntas
1098 3268 1177 3334 boni
1208 3286 1358 3334 mensura
1387 3268 1449 3349 sit,
1483 3283 1521 3333 ut

346 3378 507 3460 diximus,
542 3381 691 3464 sequitur
724 3381 950 3448 universorum
981 3383 1183 3447 voluntatens
1214 3382 1321 3446 valere
1359 3380 1450 3461 quod
1480 3380 1521 3445 ad

347 3493 469 3558 bonum
500 3511 671 3558 commune
699 3491 854 3576 pertinet,
888 3506 986 3575 atque
1014 3491 1109 3557 etiarn
1131 3490 1164 3556 in
1186 3492 1274 3556 bono
1297 3492 1519 3575 singulorum,

347 3618 508 3687 quatenus
537 3604 578 3669 ad
608 3605 728 3670 bonum
753 3623 925 3670 commune
947 3603 1127 3670 ordinatur.
1171 3603 1258 3669 Nam
1281 3603 1314 3669 in
1338 3604 1401 3669 hoc
1424 3603 1518 3669 etiam

347 3715 467 3800 singuli
492 3731 725 3783 consenserunt
746 3731 859 3799 estque
882 3715 966 3782 illud
978 3716 1062 3782 inter
1073 3730 1198 3781 caetere
1210 3715 1328 3781 liberae
1339 3715 1520 3780 voluntatis

347 3847 484 3913 munus,
516 3848 612 3913 posse
641 3848 732 3895 suam
763 3830 964 3895 voluntatem
998 3829 1030 3894 in
1059 3827 1192 3894 alterius
1213 3829 1414 3893 voluntatens
1442 3845 1519 3892 con-

187 3967 237 4013 aas
278 3981 313 4012 a.
350 3937 429 4005 ferre
448 3937 469 4006 ⁸.
495 3939 658 4007 Voluntas
673 3939 900 4006 universorum
919 3941 959 4006 ad
981 3940 1151 4007 universos
1172 3939 1294 4005 directa
1313 3939 1368 4004 lec
1385 3939 1518 4016 dicitur;

185 4018 239 4082 Μ’
263 4031 318 4068 '⁶⁰'
348 4073 469 4135 quaca
492 4052 566 4117 Deo
587 4050 751 4134 procedit,
776 4051 990 4136 undecimae
1010 4055 1059 4122 καί
1081 4057 1161 4135 δῶρον
1181 4056 1255 4126 θεοῦ,
1288 4055 1458 4118 intentam
1479 4072 1519 4115 ac

348 4184 465 4229 munus
487 4163 555 4227 Dei
577 4163 606 4241 ⁴,
634 4176 863 4246 nuncupatur:
897 4163 1059 4229 communi
1083 4161 1289 4229 mortalitatis
1316 4161 1418 4229 totius
1440 4182 1519 4228 con-

381 4481 536 4544 ¹[Thucyd.
553 4483 570 4529 l.
587 4493 609 4530 ο.
628 4493 651 4529 c.
668 4479 722 4541 oo]
757 4475 841 4530 ’Liu
859 4481 876 4528 l.
894 4478 935 4528 co.
954 4479 991 4542 [c.
1010 4479 1062 4541 sm]
1097 4476 1143 4528 ¹1.
1160 4479 1221 4528 item
1236 4492 1333 4529 eorum.
1348 4483 1361 4539 5
1378 4493 1400 4528 ι.
1414 4479 1519 4542 ffiquoe

347 4573 397 4626 cui·
411 4573 482 4626 univ.
496 4583 564 4622 nom.
582 4571 626 4634 [D.
644 4581 667 4628 3.
680 4584 706 4634 4.
719 4571 757 4636 ⁶.]
776 4571 867 4620 'l'hont-
879 4584 899 4620 ι.
908 4585 931 4621 ν.
940 4584 966 4631 q.
975 4583 1016 4635 95.
1025 4581 1070 4620 est.
1083 4585 1104 4621 1.
1136 4569 1149 4603 ⁴
1165 4569 1373 4632 l.a.ll'.delegib.
1391 4571 1435 4634 [D.
1448 4585 1469 4622 ι.
1480 4572 1516 4634 n]
