3450 5434
371 620 413 687 80
670 626 718 682 ua
741 630 834 702 June
859 624 1046 683 nunaunt.
1071 628 1154 681 cna.
1179 628 1247 682 vu.

369 788 472 879 Quod
501 802 609 857 autem
639 786 674 857 in
708 786 850 857 subditis
884 787 948 857 sub
979 783 1147 872 republica
1169 800 1228 857 aut
1248 782 1440 873 magistratu
1465 804 1544 861 con·

368 900 517 984 stitutis,
540 897 626 968 idem
648 896 683 967 in
701 896 779 967 filiis
796 914 829 967 et
852 897 955 968 servis
977 897 1126 981 obtinet,
1150 896 1209 981 qui
1228 896 1263 966 im
1280 898 1381 967 sacris
1399 901 1543 983 paternis

370 1029 428 1081 aut
449 1009 613 1080 dominica
640 1026 721 1080 sunt
747 1020 918 1095 potestate.
964 1008 1052 1077 Cum
1085 1024 1194 1081 auteur
1225 1009 1383 1081 rationem
1406 1030 1474 1081 uun
1492 1030 1542 1081 re·

368 1138 567 1212 pugnantem
591 1118 811 1206 requirimus,
849 1118 1029 1205 probabilis
1056 1118 1197 1207 intelligi
1224 1120 1322 1189 debet
1350 1128 1374 1188 ¹.
1420 1118 1542 1209 Neque

368 1236 454 1304 enim
481 1253 587 1303 crassa
612 1227 797 1320 ignorantia
822 1232 906 1317 juris
939 1244 1020 1316 puta
1039 1226 1196 1299 naturalis
1214 1246 1271 1301 aut
1290 1230 1368 1301 facti
1388 1232 1540 1315 inscitia,

368 1348 460 1432 quod
490 1343 612 1430 aliquis
637 1344 720 1413 scire
745 1344 942 1425 tenebatur,
962 1363 981 1410 a
999 1356 1137 1429 peccato
1158 1356 1301 1415 excusat.
1345 1344 1431 1413 Sunt
1454 1342 1540 1415 euim

368 1458 545 1544 quaedam,
569 1474 653 1541 quae
667 1454 739 1524 sine
754 1456 853 1540 eulpa
871 1471 938 1523 non
956 1453 1166 1524 nesciuntur:
1191 1474 1228 1525 ea
1244 1454 1313 1540 ipsa
1323 1468 1431 1523 autem
1443 1458 1541 1541 culpa

366 1590 441 1637 cum
467 1566 710 1657 jurisconsultis
734 1582 806 1635 tum
834 1564 1042 1650 philosophis
1064 1564 1076 1601 ¹
1095 1582 1234 1649 poenam
1254 1564 1369 1639 mereri
1390 1568 1540 1637 traditur.

365 1679 598 1749 Demonstrata
616 1675 984 1746 estreritassenteutire
1003 1675 1095 1761 ejus.
1115 1696 1199 1760 quae
1217 1677 1259 1747 ad
1267 1679 1446 1749 multorum
1460 1696 1539 1749 con·

366 1791 517 1861 scientias
547 1788 720 1875 placandas
746 1806 814 1857 non
842 1809 958 1873 parum
985 1787 1137 1873 pertinet.
1182 1790 1264 1861 Eam
1294 1786 1539 1876 Augusunus·

366 1904 418 1972 his
445 1903 558 1971 verbis
586 1901 755 1985 concepitr
787 1901 883 1989 Ergo
901 1900 959 1969 uir
969 1901 1086 1987 justos
1107 1902 1137 1969 ri
1147 1898 1244 1987 forta
1262 1898 1320 1972 sub
1340 1906 1538 1989 regratiari

365 2015 527 2102 sacrilego
554 2013 698 2094 militet,
730 2027 819 2079 recto
841 2025 951 2100 potest
979 2012 1041 2079 illo
1060 2012 1200 2099 jubente
1230 2012 1380 2085 bellare:
1409 2014 1440 2082 εἰ
1467 2018 1538 2084 νίισ

359 2130 456 2214 pacis
479 2121 626 2192 ordinem
645 2141 804 2206 seruans,
827 2120 918 2209 quod
931 2122 997 2190 sibi
1006 2124 1151 2210 jubetur
1170 2122 1226 2197 ud
1245 2145 1309 2191 non
1330 2144 1396 2193 asse
1416 2138 1537 2195 contra

364 2234 432 2303 Dea·
453 2248 668 2324 praeceptum
693 2248 822 2302 cerrum
852 2246 922 2317 err,
953 2234 1009 2305 uel
1026 2248 1143 2305 utrum
1163 2236 1208 2304 sil
1230 2248 1358 2305 certum
1382 2258 1446 2305 non
1465 2248 1535 2307 ast:

363 2348 417 2414 ira
446 2360 485 2413 ur
505 2345 658 2433 fortasse
677 2365 771 2412 reum
789 2346 908 2430 saciat
931 2363 1039 2434 ragam
1061 2348 1227 2434 iniquitas
1248 2346 1460 2434 imperandi,
1483 2348 1537 2417 ἰπ-

364 2472 527 2525 nocentem
552 2471 665 2525 autom
695 2456 832 2524 militam
865 2454 1016 2526 ostendat
1043 2454 1123 2527 ordo
1152 2455 1328 2533 seniendi.
1371 2459 1447 2531 Nus
1472 2462 1536 2531 hoc

202 2572 336 2675 frum
362 2568 480 2636 modo:
504 2568 655 2637 Subdiris
672 2568 712 2636 id
726 2568 847 2636 bellum
857 2567 990 2655 justam
1001 2566 1101 2639 habat
1121 2588 1274 2651 causam,
1294 2568 1384 2659 quod
1388 2573 1535 2659 jubetur

333 2663 339 2676 ’
361 2684 592 2768 arepertum,
614 2680 693 2747 duro
717 2683 808 2748 ratio
823 2676 1306 2768 probabilissubdirorumnon
1329 2696 1489 2773 repugnet
1507 2690 1532 2753 ⁴.

361 2790 486 2863 Eadem
514 2812 595 2859 vero
623 2812 724 2877 opera
749 2794 858 2861 soluta
880 2807 930 2861 est
952 2790 1103 2876 quaestio
1124 2794 1244 2876 altera,
1268 2794 1400 2877 quinam
1419 2814 1438 2865 a
1455 2794 1534 2869 sub-

359 2903 438 2972 ditis
463 2902 551 2989 juste
581 2906 669 2972 bello
700 2919 863 2989 petantur.
910 2904 1033 2972 Hostes
1056 2904 1281 2975 Romanorum
1302 2904 1336 2975 in
1357 2904 1431 2991 jure
1452 2906 1534 2979 ‘dl-

357 3032 492 3093 cuutur,
524 3016 647 3100 quibus
668 3017 813 3100 populus
833 3015 1003 3083 Romanus
1020 3015 1144 3085 bellum
1165 3014 1321 3087 decrevit
1343 3016 1534 3102 Erebique

358 3126 484 3197 subditi
513 3126 601 3212 juste
627 3126 661 3193 ln
692 3126 768 3193 illos
793 3126 916 3193 bellum
940 3142 1079 3212 gerunt,
1101 3125 1135 3197 in
1157 3143 1243 3211 quos
1261 3125 1329 3215 geri
1347 3130 1534 3214 respublica

359 3237 609 3325 magistratusve
634 3235 795 3322 praecipit
825 3257 900 3305 cum
921 3234 1032 3305 eadem
1071 3256 1155 3322 quac
1186 3240 1286 3311 modu
1314 3240 1462 3326 eupasia
1484 3256 1534 3315 est

358 3347 551 3434 exceptione
573 3349 601 3415 ‘.
646 3347 715 3415 Sed
740 3346 795 3416 hic
825 3344 917 3435 gravi
944 3349 1137 3438 quaestione
1166 3349 1383 3435 implicamur.
1427 3350 1532 3437 snpra

358 3460 442 3529 enim
465 3459 606 3527 diximus
625 3457 659 3525 ln
678 3459 767 3527 bello
782 3480 890 3544 perse
907 3458 1032 3546 iniusto
1050 3460 1201 3531 subditos
1223 3460 1406 3535 nescientes
1422 3478 1531 3533 tamen

357 3568 509 3658 injuriam
539 3570 642 3638 facere
678 3586 712 3639 et
738 3570 788 3639 sic
814 3586 900 3638 recte
932 3570 1018 3643 bello
1047 3570 1127 3657 peti.
1172 3570 1239 3643 Hic
1261 3589 1369 3645 autem
1391 3574 1532 3646 dicimus

356 3682 489 3751 eosdem
518 3680 703 3751 nescientes
730 3679 820 3768 juste
852 3681 981 3766 iacere,
1015 3703 1091 3751 cum
1125 3685 1247 3755 bellum
1279 3702 1406 3773 guitur.
1458 3686 1530 3776 Qui

354 3808 466 3863 autem
494 3791 583 3881 juste
613 3794 713 3879 facit,
743 3792 817 3880 jure
849 3793 944 3862 etiam
976 3810 1009 3862 et
1027 3795 1083 3881 jus
1104 3793 1195 3865 facit.
1238 3794 1327 3865 Idem
1347 3814 1456 3869 aurem
1474 3801 1530 3885 jus

357 3924 429 3973 esse
451 3920 483 3972 et
505 3903 624 3991 injuria
639 3926 706 3975 non
723 3920 857 3990 potest,
880 3926 954 3974 curn
977 3903 1044 3973 sint
1065 3909 1145 3975 haec
1167 3908 1339 3977 contraria.
1387 3910 1454 3978 Sed
1471 3932 1530 3979 ve·

358 4085 537 4101 *—

389 4174 506 4227 ¹Tlom.
529 4188 552 4226 a
578 4188 602 4227 a.
622 4191 649 4238 q.
664 4178 706 4236 7⁶·
722 4189 769 4227 aro
788 4191 809 4227 r.
829 4188 852 4229 a.
870 4190 894 4237 a.
908 4192 934 4241 4.
967 4176 1075 4231 ’ariao
1091 4180 1122 4231 de
1139 4183 1252 4233 moaad
1266 4179 1369 4235 Nisum.
1385 4184 1404 4231 l.
1420 4194 1444 4231 a.
1461 4196 1485 4232 c.
1503 4194 1527 4243 7.

355 4265 415 4331 [per
424 4264 527 4330 totum]
537 4270 555 4317 l.
563 4280 612 4317 uec
620 4266 756 4329 ruploalf.
770 4270 803 4317 ele
817 4266 866 4325 iur.
884 4280 910 4319 et
927 4269 986 4319 laet.
1004 4270 1055 4331 lgm
1075 4267 1119 4335 [D.
1137 4283 1177 4320 aa.
1193 4270 1217 4320 ό.
1231 4270 1272 4336 d]
1306 4269 1358 4322 ὀ.
1374 4274 1458 4323 Fruar.
1472 4274 1526 4323 Ma·

351 4358 422 4408 nien.
438 4361 458 4407 l.
473 4369 514 4408 aa.
528 4368 604 4421 ou.
622 4356 751 4407 eiuratio
768 4371 790 4407 a.
808 4356 870 4419 quid
883 4361 1007 4421 culpatur.
1027 4358 1114 4424 [Dect.
1132 4362 1202 4411 Gmr.
1216 4376 1242 4424 p.
1259 4374 1282 4415 a.
1301 4374 1341 4423 ar.
1361 4376 1383 4413 r.
1400 4360 1437 4428 4.]
1458 4365 1526 4415 Coa·

354 4445 426 4498 verrit
450 4459 507 4497 eum
530 4448 585 4496 lura.
605 4447 632 4497 ln
654 4459 678 4498 a.
701 4446 775 4499 daut.
797 4450 830 4499 de
850 4448 995 4508 iuncinum.
1015 4463 1036 4501 r.
1054 4450 1359 4517 [numeraturum]
1393 4450 1485 4505 ⁴Silv.
1500 4454 1527 4504 in

355 4536 550 4600 murellum.
559 4541 643 4589 aooel.
653 4550 676 4596 s.
692 4538 732 4590 ⁸1.
741 4540 837 4592 boues.
846 4543 879 4591 de
888 4540 1006 4603 eapt.[l).
1015 4554 1056 4604 49.
1069 4541 1170 4605 1⁵·an
1188 4541 1318 4596 'adaniu
1330 4541 1435 4602 μυᾶν
1444 4546 1526 4596 oooel.
