3450 5434
344 602 405 665 186
663 618 710 665 oa
733 619 827 683 June
854 618 1038 705 annonas.
1063 619 1142 666 cau.
1168 620 1217 666 xr.

341 772 514 854 utriusque
535 771 665 839 illorum
689 772 766 839 cibo
787 771 998 840 miscuerunt.
1044 774 1197 861 Quorum
1225 774 1282 843 ubi
1301 774 1406 859 capita
1424 776 1516 843 intu-

340 903 503 964 mescere,
527 884 668 949 distendi
698 883 775 964 ilia,
806 885 917 951 adesse
941 886 1077 951 exitium
1102 887 1266 954 Sabander
1285 888 1514 955 Bantamensis

340 994 445 1075 vidit,
470 994 575 1077 lapide
593 995 671 1061 satis
690 1013 790 1076 noto,
807 996 861 1062 cui
882 996 1005 1062 herbar
1019 1017 1160 1079 nomen,
1183 999 1365 1083 periculum
1378 1019 1516 1083 praeve-

340 1106 412 1185 nit,
445 1121 536 1172 tanto
568 1105 634 1172 illis
661 1108 803 1172 sanctior
822 1107 881 1189 qui
912 1108 1175 1175 Christianorum
1198 1130 1233 1175 se
1256 1111 1420 1178 vocabulo
1446 1111 1516 1194 jnc-

339 1231 419 1281 tant.
445 1218 635 1283 Cornelium
656 1238 736 1283 vero
758 1219 1053 1300 Hemslrerckium‚
1078 1242 1174 1303 quem
1194 1222 1339 1307 magistri
1362 1222 1403 1288 ad
1421 1204 1516 1304 prae-

339 1327 465 1394 fectum
495 1329 588 1394 urbis
618 1331 858 1413 allegaverant,
883 1330 1035 1398 Lusitani
1057 1346 1146 1397 tanta
1174 1334 1298 1415 ubique
1329 1333 1377 1399 ira
1407 1333 1515 1398 rimati

340 1440 568 1523 persecutique
589 1455 691 1521 sunt,
714 1457 752 1507 ut
780 1441 814 1505 in
837 1440 973 1507 aedibus
996 1442 1170 1510 Lacmonis
1197 1441 1347 1511 Sinensis
1375 1446 1515 1528 supplex

341 1550 459 1617 abdere
480 1571 515 1615 se
536 1550 621 1616 inter
643 1571 757 1618 saccos
778 1572 882 1635 oryza
905 1551 1044 1620 refertos
1063 1568 1239 1638 cogeretur
1259 1569 1292 1620 et
1311 1554 1357 1620 ibi
1379 1576 1515 1638 quoque

341 1662 522 1744 inquisitus
544 1662 619 1742 vix,
640 1663 755 1729 habitu
775 1663 905 1730 Sinensi
918 1678 1047 1747 tectus,
1071 1680 1234 1748 praeterea
1246 1666 1464 1735 arundinibus
1475 1668 1516 1733 ab

183 1804 252 1849 Am
267 1809 327 1849 1⁶«.
341 1774 472 1857 hospite
491 1774 650 1856 piscatum
670 1774 845 1840 simulante
865 1790 984 1841 vectus
1005 1776 1153 1843 evaserit.
1199 1777 1254 1842 Sic
1279 1777 1376 1843 etiam
1399 1798 1475 1844 cum
1498 1799 1516 1843 e

342 1888 444 1952 classe
462 1885 583 1951 Neckii
605 1887 750 1953 secundo
774 1886 845 1969 ejus
868 1886 984 1953 itinere
1004 1907 1105 1954 naves
1128 1888 1230 1971 duae,
1250 1890 1291 1954 ab
1311 1888 1401 1955 Indis
1423 1890 1516 1955 rede·

342 2012 455 2075 untes,
476 1998 517 2062 ad
537 1998 675 2062 Sanctae
694 1997 838 2063 Helenae
848 1998 1017 2066 venissent
1032 1998 1195 2081 insulam,
1212 2020 1280 2082 quo
1291 2014 1361 2065 tum
1374 2015 1517 2082 quatuor

341 2127 442 2174 naves
462 2124 683 2175 convenerant
702 2108 960 2193 Lusitanorum,
988 2109 1102 2176 Batavi
1123 2125 1278 2193 aquatum
1300 2114 1388 2177 ultro
1407 2112 1516 2178 vocati

343 2219 523 2301 dispositos
554 2220 587 2284 in
619 2219 748 2285 insidiis
772 2220 975 2301 Lusitanos,
999 2237 1031 2287 et
1054 2224 1177 2289 multos
1197 2221 1276 2288 satis
1299 2237 1333 2287 et
1352 2236 1515 2303 armatos,

184 2367 254 2412 Am„
269 2373 331 2418 „010
343 2331 400 2412 qui
421 2330 590 2397 venientes
613 2330 739 2396 scilicet
759 2331 1013 2414 interciperent,
1037 2352 1245 2416 conspexere.
1280 2332 1381 2419 Quod
1406 2347 1514 2398 autem

194 2421 332 2536 ,lym
344 2441 567 2507 vehementius
594 2442 663 2508 odii
686 2460 719 2508 se
741 2462 807 2508 non
829 2442 988 2525 capientis
1012 2443 1194 2527 indicium,
1218 2465 1314 2528 quam
1345 2444 1438 2527 quod
1458 2445 1513 2509 ad-

342 2571 458 2618 versus
479 2572 597 2633 naves,
621 2554 661 2618 ab
684 2555 797 2627 eodem
808 2554 938 2620 Neckio
951 2556 985 2620 in
996 2555 1146 2621 Ambona
1157 2556 1264 2623 insula
1276 2556 1427 2636 relictas,
1448 2554 1516 2621 fac·

341 2663 471 2727 titatum
496 2664 571 2730 est‘?
596 2664 806 2731 Publicaraut
826 2666 912 2731 enim
935 2666 1086 2733 Lusitani
1097 2667 1256 2751 siugulis,
1280 2666 1339 2749 qui
1350 2665 1516 2750 privatum

341 2774 484 2857 aliquem
518 2791 649 2842 nautam
680 2776 946 2858 interfecissent,
979 2778 1159 2844 mercedem
1195 2780 1305 2845 decem
1333 2778 1515 2863 regalium,

343 2902 442 2968 atque
471 2887 516 2952 ita
549 2886 701 2969 deinceps
727 2907 787 2969 pro
819 2888 944 2953 ratione
975 2890 1102 2955 ordinis
1126 2905 1159 2955 et
1188 2890 1382 2975 dignitatis,
1406 2889 1453 2955 ita
1479 2905 1517 2956 ut

343 2999 401 3079 qui
432 2998 586 3082 praefecti
618 2999 796 3082 (Cornelio
824 2999 1062 3065 Hernskerckio
1092 3020 1210 3067 nomen
1236 3004 1321 3086 erat)
1345 3018 1445 3085 caput
1469 3016 1517 3068 at·

343 3110 495 3190 tulisset,
518 3110 606 3175 mille
636 3129 787 3175 nummos
809 3110 982 3209 acciperet.
1029 3112 1095 3177 Sed
1122 3132 1182 3179 nos
1205 3112 1424 3196 Hispanicum
1454 3114 1518 3180 sci·

343 3240 417 3287 mus
439 3221 545 3303 capita
576 3221 704 3287 licitari.
749 3223 907 3289 Nondum
936 3223 1014 3289 satis
1036 3239 1095 3289 est.
1139 3223 1228 3289 Audi
1250 3221 1373 3291 facturn
1394 3226 1518 3307 quovis

198 3352 268 3398 Anno
281 3352 330 3398 eoa.
343 3332 527 3398 Poenorum
554 3335 674 3399 scelere
704 3334 904 3401 sceleratius.
953 3334 982 3399 E
1007 3338 1133 3416 classe,
1161 3356 1256 3418 quarn
1286 3336 1420 3420 regebat
1442 3337 1517 3401 Ma·

342 3444 444 3528 hujus
464 3443 506 3508 ad
528 3444 780 3528 Megellanicum
811 3445 932 3512 missus
962 3443 1110 3527 fretum,
1143 3447 1236 3514 navis
1260 3468 1324 3513 una
1348 3447 1440 3513 Fidei
1459 3449 1517 3513 ha-

343 3555 441 3619 bebat
463 3574 604 3635 nornen,
628 3575 726 3636 quam
751 3556 924 3623 inventura
939 3576 1005 3624 non
1024 3574 1102 3623 erat.
1132 3559 1216 3623 Nam
1233 3579 1307 3625 cum
1325 3579 1365 3625 ex
1383 3558 1517 3626 australi

344 3686 465 3732 oceano
489 3668 558 3731 sola
581 3666 734 3731 Tidorinr
757 3668 843 3750 (una
864 3668 943 3733 haec
965 3668 1193 3735 Moluccarum
1213 3685 1262 3737 est
1282 3686 1314 3735 et
1341 3670 1424 3736 inter
1449 3671 1516 3736 Lu·

343 3779 522 3845 sitanorum
556 3777 721 3862 colonias)
744 3778 936 3861 adveniret,
969 3779 1122 3849 Lusitani
1144 3784 1334 3847 aecedentes
1357 3782 1516 3849 solemnia

345 3890 418 3955 illa:
444 3888 540 3955 Unde
566 3903 597 3953 ct
625 3911 689 3975 quo
716 3904 747 3955 ct
774 3891 870 3975 cujus
891 3896 942 3956 rei
959 3895 1110 3979 gratia?
1138 3891 1323 3977 Respondit
1350 3894 1516 3959 Balthasar

344 4000 547 4081 Cordesius,
571 4000 629 4083 qui
662 4016 764 4067 morte
796 4001 980 4107 Georgiani
1006 4004 1170 4070 Boeholtii
1201 4004 1297 4070 navis
1331 4005 1516 4070 centuriatu

344 4112 565 4198 irrogabatur,
590 4113 744 4177 attulisse
764 4134 909 4195 merces,
933 4136 1016 4200 quar
1039 4115 1121 4182 ualle
1144 4137 1175 4179 se
1192 4128 1419 4201 permutatas.
1465 4115 1515 4181 Illi

345 4244 459 4292 rursus
482 4244 548 4289 esse
566 4225 630 4288 sili
650 4226 868 4310 carpophylla
887 4240 939 4307 et,
970 4231 999 4291 si
1021 4232 1073 4291 ita
1096 4226 1295 4308 videretur,
1311 4226 1423 4309 facile
1443 4248 1517 4291 con-

345 4351 533 4404 uenturum.
554 4336 679 4420 Juvant
699 4336 748 4402 illi
769 4338 856 4403 ultro
880 4354 995 4403 nautas
1017 4339 1226 4418 laborantes,
1249 4352 1287 4402 ut
1315 4337 1409 4403 navis
1429 4357 1517 4403 orant

345 4448 481 4530 propius
511 4448 695 4514 accederet:
724 4447 878 4515 feruntur·
909 4450 1079 4515 assatavis
1103 4468 1238 4513 munera
1267 4448 1307 4513 ad
1335 4447 1518 4532 praefectos
