3450 5434
493 646 541 692 DE
565 648 657 713 JURE
684 649 868 694 PRAEDrlE.
893 649 973 695 CAP.
998 649 1062 695 xil.
1303 652 1364 697 221

192 800 309 886 populi
340 800 483 867 Romani
514 819 584 867 esse
605 802 724 868 Celsus
747 802 911 869 existimat
931 815 960 867 ¹:
985 804 1077 885 quod
1097 803 1125 868 si
1147 803 1192 869 ita
1211 818 1284 884 est,
1308 804 1367 868 nti-

193 916 282 981 nime
309 913 491 980 mirandum
514 926 566 979 est
585 914 734 979 cumdem
754 917 914 997 populum
936 914 1078 981 subditis
1096 915 1166 980 suis
1186 914 1368 997 occupandi
1443 929 1448 939 ·

191 1026 317 1092 littoris
344 1025 478 1091 modurn
507 1044 565 1107 per
591 1024 775 1108 Principem
799 1041 857 1090 aut
877 1040 1058 1107 praetorem
1080 1027 1229 1109 potuisse
1250 1046 1369 1092 conce-

192 1137 270 1202 dere
289 1137 312 1201 ².
357 1136 532 1202 Caeterum
553 1150 585 1201 et
607 1136 686 1201 haec
707 1137 882 1220 occupatio
905 1156 971 1203 non
990 1138 1100 1205 minus
1123 1157 1220 1219 quarn
1243 1137 1369 1220 privata

193 1248 239 1313 ita
262 1246 486 1331 restringenda
517 1261 588 1326 est,
612 1267 652 1313 ne
683 1248 822 1312 ulterius
842 1248 1050 1333 porrigatur,
1075 1268 1171 1329 quarn
1198 1263 1235 1313 ut
1257 1249 1368 1313 salvus

192 1360 237 1425 sit
257 1378 337 1424 usus
358 1358 442 1443 iuris
460 1358 620 1443 gentium.
650 1358 761 1425 Nemo
780 1359 882 1442 igitur
902 1374 1013 1442 potest
1032 1381 1050 1423 a
1069 1361 1195 1443 populo
1217 1360 1368 1428 Romano

194 1470 234 1536 ad
266 1470 362 1535 littus
391 1468 489 1534 maris
521 1469 674 1534 accedere
704 1471 873 1552 prohiberi
896 1476 927 1546 ⁸,
952 1485 983 1535 et
1008 1471 1089 1537 retia
1111 1471 1231 1537 siccare
1254 1486 1287 1536 et
1308 1470 1369 1535 alia

193 1580 323 1656 facere,
346 1600 431 1661 quae
461 1582 560 1645 sernel
584 1599 696 1646 onrnes
722 1581 870 1647 homines
901 1582 934 1646 in
964 1596 1157 1665 perpetuum
1187 1580 1249 1648 sibi
1274 1582 1368 1646 licere

194 1694 376 1758 voluerunt
394 1691 420 1756 ⁴.
464 1690 570 1756 Maris
593 1706 702 1757 autern
728 1707 843 1757 natura
866 1694 930 1757 hoc
951 1692 1061 1758 differt
1083 1713 1100 1757 a
1119 1692 1254 1775 littore,
1279 1692 1370 1774 quod

193 1822 302 1884 mare,
323 1802 387 1867 nisi
411 1802 529 1887 exigua
550 1802 603 1869 sui
626 1818 743 1886 parte,
762 1822 822 1869 nec
845 1802 1045 1871 inaedificari
1065 1802 1159 1869 facile
1172 1824 1232 1869 nec
1245 1802 1369 1870 includi

194 1926 322 1997 potest:
354 1928 387 1979 et
414 1928 453 1978 ut
481 1929 616 1997 posset,
639 1916 703 1980 hoc
727 1913 834 1996 ipsum
858 1929 966 1980 tamen
990 1915 1047 1982 vix
1070 1916 1275 1999 contingeret
1298 1915 1369 1979 siue

194 2044 276 2090 usus
307 2023 486 2107 promiscui
519 2024 765 2108 impedimento.
811 2025 847 2090 Si
881 2026 964 2107 quid
994 2041 1101 2093 tamen
1137 2026 1291 2111 exiguum
1326 2025 1370 2091 ita

193 2136 350 2219 occupari
383 2149 516 2218 potest,
553 2135 587 2200 id
621 2136 796 2219 occupanti
830 2138 1035 2204 conceditur.
1096 2139 1286 2223 Hypebole
1322 2152 1371 2201 est

195 2246 298 2331 igitur
320 2246 354 2311 ⁶:

460 2358 645 2425 Contracta
661 2363 766 2445 pisces
788 2380 937 2444 aequora
957 2366 1118 2426 sentiunt*

454 2472 568 2559 Jactis
591 2475 628 2535 in
648 2469 756 2535 altum
780 2470 928 2535 molibus.

238 2580 326 2646 Nam
346 2582 467 2647 Celsus
490 2583 624 2666 ‘jactas
650 2581 683 2646 in
707 2602 795 2647 mare
820 2582 902 2665 pilas
927 2583 999 2666 ejus
1022 2602 1091 2650 esse
1115 2582 1217 2664 dicit,
1243 2582 1300 2665 qui
1322 2585 1371 2667 je·

195 2691 299 2774 ecrit,
336 2692 392 2756 sed
424 2692 459 2758 id
487 2711 554 2758 non
586 2692 856 2773 concedendum,
889 2694 917 2758 si
950 2694 1091 2759 deterior
1112 2695 1210 2761 maris
1231 2712 1310 2761 usus
1332 2714 1370 2759 eo

194 2803 294 2868 modo
327 2801 461 2869 futurus
490 2804 543 2869 sit.
588 2804 633 2869 Et
661 2804 828 2887 Ulpianus
849 2805 861 2845 ⁷
881 2824 953 2869 eurn
986 2804 1044 2886 qul
1077 2806 1194 2870 molem
1220 2804 1253 2870 in
1284 2825 1371 2870 mare
1459 2893 1462 2898 Ι

193 2914 296 3000 jacit,
320 2916 366 2980 ita
397 2916 556 2981 tuendum
578 2903 684 2997 dicit,
712 2914 740 2981 si
759 2934 856 2981 nenro
879 2917 1032 2982 damnum
1053 2915 1185 2983 sentiat.
1232 2914 1319 2980 Narn
1343 2916 1370 2980 si

195 3026 249 3090 cui
281 3027 361 3092 haec
390 3046 441 3092 res
472 3024 623 3092 nocitura
652 3026 718 3109 sit,
753 3026 964 3093 interdictum
988 3027 1129 3109 utique,
1154 3027 1210 3091 Nc
1233 3027 1316 3112 quid
1335 3031 1371 3092 in

195 3136 264 3201 loco
279 3137 414 3223 publico
430 3136 520 3220 fiat,
545 3138 812 3220 competitururn.
857 3140 907 3205 Ut
930 3153 963 3204 et
985 3139 1100 3205 Labeo
1121 3142 1133 3178 ⁸
1154 3138 1181 3204 si
1206 3136 1287 3221 quid
1308 3140 1371 3204 tale

195 3246 230 3311 in
260 3246 340 3313 mari
373 3261 543 3328 struatur,
567 3248 787 3315 inderdictunr
811 3252 888 3315 vult
909 3265 1118 3334 competere,
1144 3250 1199 3315 Νι
1225 3249 1309 3335 quid
1335 3252 1372 3313 in

195 3362 309 3441 mari,
334 3380 398 3444 quo
426 3374 570 3445 portus,
594 3364 696 3425 statio
729 3365 836 3430 iterra
869 3366 1017 3448 nauigiis
1038 3361 1184 3428 deterius
1208 3364 1273 3440 sit,
1292 3359 1370 3444 fiat.

195 3470 291 3556 Quae
322 3484 430 3535 autem
450 3470 697 3555 navigationis,
722 3472 832 3537 eadem
854 3472 1000 3555 piscatus
1023 3473 1171 3538 habenda
1195 3486 1245 3538 est
1265 3470 1371 3552 rati0‚

195 3594 234 3647 ut
267 3580 449 3647 communis
481 3598 608 3648 maneat
641 3583 807 3648 omnibus.
862 3583 985 3666 Neque
1010 3599 1115 3650 tamen
1139 3583 1309 3667 peccabit,
1344 3583 1371 3649 si

197 3691 274 3773 quis
302 3691 336 3757 in
364 3692 462 3761 maris
483 3692 680 3760 diverticulo
702 3694 850 3777 piscandi
872 3696 981 3760 locum
1004 3693 1067 3760 sibi
1091 3694 1173 3778 palis
1197 3694 1373 3762 circumse-

231 3936 284 3986 ¹d.
302 3940 319 3985 l.
334 3937 422 3986 littora
438 3938 509 3987 ilinc
524 3938 586 3999 qnid
601 3938 628 3987 in
643 3942 692 3988 loe.
709 3939 781 4000 publ.
796 3940 840 4001 [D.
855 3952 897 4001 43.
911 3942 934 3987 8.
949 3940 984 4001 3.]
1003 3942 1106 3988 Doncll.
1124 3942 1140 3987 l.
1156 3954 1180 4002 4.
1198 3954 1221 3989 c.
1235 3955 1258 3989 a.
1274 3954 1298 3989 ct
1313 3954 1335 3989 c.
1349 3956 1373 4003 9.

195 4025 206 4059 ⁴·’
224 4030 248 4075 d.
262 4030 279 4075 l.
296 4030 420 4089 quamvls.
444 4030 470 4076 ff.
486 4031 517 4078 de
536 4044 592 4091 aeq.
614 4032 683 4078 dorn.
706 4030 750 4092 [D.
766 4044 807 4091 41.
824 4044 845 4078 r.
862 4029 914 4093 so]
935 4034 952 4079 l.
963 4044 986 4078 a.
1000 4030 1027 4078 in
1041 4045 1080 4091 pr.
1096 4042 1121 4079 et
1134 4034 1155 4090 ξ.
1171 4032 1271 4080 merito.
1285 4043 1309 4079 et
1320 4036 1341 4089 ξ.
1351 4032 1373 4080 sl

196 4118 254 4178 quis
267 4119 419 4180 al'rincipe.
432 4118 458 4167 ff.
473 4134 505 4167 ne
521 4121 584 4181 quid
598 4120 624 4168 iu
640 4123 700 4169 loco
714 4119 782 4181 publ.
800 4119 844 4184 [D.
860 4133 902 4182 43.
916 4124 938 4170 8.
958 4134 981 4169 a.
999 4124 1011 4180 5
1030 4136 1067 4170 ιο.
1083 4133 1108 4170 et
1123 4126 1144 4179 5.
1163 4121 1212 4183 ιό.]
1239 4120 1250 4154 ³
1268 4124 1285 4170 l.
1297 4136 1372 4170 nemo

196 4208 284 4269 igitur.
297 4208 323 4257 ff.
338 4211 370 4257 de
385 4224 436 4258 rer.
451 4210 505 4259 div.
518 4211 562 4272 [D.
578 4225 599 4259 ι.
613 4214 636 4259 8.
651 4210 688 4274 φ]
709 4212 720 4243 ⁴
738 4213 762 4260 d.
777 4214 794 4260 l.
808 4212 903 4260 littora.
919 4211 944 4260 ff.
957 4224 990 4261 ne
1003 4211 1065 4273 quid
1079 4212 1105 4259 in
1121 4215 1181 4260 loco
1197 4212 1266 4272 publ.
1292 4210 1302 4242 ⁵
1320 4212 1373 4261 llo·

196 4311 243 4347 rat.
262 4298 323 4362 [Od.
341 4302 358 4347 1.
379 4314 402 4358 3.
425 4314 499 4350 r.vt.
518 4314 557 4358 33.
570 4302 621 4365 sep]
656 4301 741 4351 ‘dl
760 4304 854 4352 littora.
888 4302 933 4351 71.
948 4302 1013 4351 nil.
1030 4316 1062 4351 nc
1080 4303 1141 4362 quid
1154 4303 1180 4350 in
1194 4305 1254 4351 loco
1269 4304 1339 4364 publ.
1352 4306 1374 4361 5.
1449 4322 1454 4331 ·

196 4391 328 4439 adversus.
347 4390 390 4455 [D.
407 4404 449 4452 43.
463 4394 486 4440 8.
505 4407 529 4440 a.
545 4395 567 4451 5.
580 4392 616 4454 8.]
653 4392 665 4425 ⁸
681 4396 698 4440 l.
718 4407 739 4441 1.
754 4397 776 4452 ξ.
791 4394 813 4443 sl
830 4394 856 4441 in
874 4406 949 4441 marc.
963 4392 988 4441 ff.
1003 4395 1034 4442 tle
1051 4389 1199 4441 fluminibus.
1219 4393 1263 4455 [D.
1275 4406 1317 4454 43.
1336 4408 1373 4441 ra.

199 4494 220 4528 1·
237 4483 259 4538 l·
279 4480 331 4542 17·l
