3450 5434
501 609 549 656 DE
571 609 665 674 JURE
690 607 873 654 PRAEDAE.
898 609 978 655 CAP.
1002 608 1081 654 x111.
1302 607 1366 673 295

192 789 211 833 a
229 783 321 851 parte
340 764 575 832 Lusitanorum
598 763 749 843 steterit,
773 762 858 828 bona
879 778 987 829 autem
1002 763 1084 830 fides
1097 764 1231 831 omnino
1243 786 1260 831 a
1273 780 1363 847 parte

193 879 413 959 Batavorum,
434 876 463 941 si
482 876 626 942 eamdem
651 894 753 958 ponas
776 874 810 938 in
825 875 1019 959 Lusitanis,
1033 896 1116 957 quae
1135 896 1186 942 res
1199 876 1364 958 utrimque

194 1005 307 1074 captae
335 1003 414 1054 sunt
442 1007 510 1053 non
540 988 639 1055 modo
669 986 800 1053 retineri
824 987 949 1070 integra
973 987 1175 1054 conscientia
1195 988 1364 1071 potuisse,

194 1103 252 1168 sed
275 1121 315 1167 ex
335 1101 409 1184 jure
432 1099 528 1165 etiam
551 1100 696 1184 gentium
713 1100 906 1166 secundario
919 1098 1021 1166 factas
1034 1119 1144 1166 revera
1157 1098 1364 1182 capientium.
1378 1117 1414 1164 aa
1432 1120 1509 1166 aaron.

195 1213 314 1295 Neque
334 1211 419 1276 enim
445 1211 569 1276 bellum
592 1213 656 1277 hoe
675 1211 773 1277 civile
792 1212 849 1278 sed
871 1227 1040 1278 externum
1063 1227 1135 1293 est,
1160 1231 1233 1276 curn
1258 1170 1446 1276 diver-iiia
1459 1185 1509 1235 ‘'¹''

195 1345 249 1390 sae
280 1323 346 1389 sint
367 1323 570 1406 respublicae
593 1322 789 1390 Batavorum
813 1337 847 1389 et
868 1323 1119 1389 Lusitanorum.
1167 1323 1238 1387 Imo
1258 1321 1364 1405 ipsum
1379 1341 1499 1440 ιζῗωιη

197 1435 292 1500 etiam
316 1435 349 1499 iu
371 1434 559 1517 Philippum
583 1436 705 1500 bellurn
727 1434 881 1500 nonfuit
904 1433 1026 1515 civile,
1051 1455 1091 1499 ex
1104 1454 1170 1516 quo
1189 1454 1262 1516 pars
1276 1435 1367 1499 nulla
1413 1426 1420 1440 ’

196 1546 398 1630 reipublicae
428 1545 642 1612 Hoilandicae
672 1545 765 1611 stetit
794 1566 811 1610 a
841 1545 997 1628 Philippo
1030 1560 1062 1610 et
1090 1546 1160 1628 ipse
1182 1543 1368 1628 principatu

197 1658 356 1738 cecidisse,
371 1657 539 1742 Judicatus
560 1672 618 1723 est.
664 1656 800 1724 Cassius
820 1661 829 1693 ¹
852 1657 886 1721 in
906 1655 1053 1722 oratione
1064 1657 1106 1722 ad
1118 1656 1269 1723 Rhodios
1282 1657 1369 1740 apud

197 1768 386 1852 Appianum
403 1784 501 1853 negat
522 1768 653 1834 civilem
676 1787 745 1833 esse
771 1768 1030 1849 dissensionem,
1055 1769 1112 1834 sed
1131 1769 1253 1835 bellum
1276 1788 1369 1852 aper·

197 1895 289 1963 tum,
313 1880 444 1961 quoties
463 1879 649 1962 respublica
672 1899 733 1962 pro
752 1879 902 1945 libertate
922 1895 1033 1945 contra
1055 1880 1155 1946 unius
1173 1879 1369 1946 domInatio-

198 2012 272 2059 nem
295 2005 407 2057 certat.
442 1991 569 2057 Bellum
581 1991 809 2056 Romanorum
830 1991 987 2056 adversus
1000 1991 1370 2073 Tarquinios²eorum·

200 2125 264 2187 que
284 2102 393 2169 socios
414 2102 498 2168 nihil
518 2102 627 2168 minus
650 2101 718 2167 fuit
740 2121 838 2183 quam
862 2100 979 2167 civile:
1004 2101 1145 2186 ideoque
1168 2117 1200 2168 et
1220 2103 1368 2185 praedam

200 2215 366 2296 utrimque
386 2228 508 2297 partam
530 2212 667 2298 legimus
691 2229 723 2278 et
744 2213 902 2296 spoliatos
924 2232 941 2278 a
961 2213 1120 2280 Romanis
1142 2213 1236 2279 etiam
1255 2213 1371 2280 Etrus-

200 2345 281 2407 cos,
305 2325 364 2408 qui
398 2325 431 2390 in
465 2324 615 2407 partibus
646 2339 737 2390 erant
770 2324 1054 2407 Tarquiniorum,
1089 2325 1178 2390 sicut
1214 2324 1371 2391 Lusitani

202 2439 234 2504 in
255 2436 404 2521 partibus
426 2436 583 2519 Philippi.
628 2435 751 2502 Noster
776 2436 871 2501 etiam
894 2435 1044 2502 Bartolus
1064 2434 1098 2518 ⁸,
1117 2456 1214 2518 quem
1227 2455 1372 2518 sequun-

202 2564 256 2615 tur
288 2547 364 2629 alii,
397 2567 470 2612 cum
499 2546 635 2614 dixisset
663 2548 763 2630 paulo
785 2562 859 2612 ante
883 2546 1032 2612 civitates
1056 2547 1200 2613 Tusciae
1223 2547 1372 2614 subditas

203 2680 273 2727 esse
305 2657 519 2743 Imperatori,
549 2661 624 2743 jure
654 2657 811 2738 omnino,
843 2657 961 2741 partim
997 2658 1092 2723 etiam
1124 2656 1234 2739 facto,
1266 2672 1372 2723 tamen

203 2771 315 2837 subdit
338 2770 372 2836 in
394 2772 498 2848 bello,
522 2770 549 2836 si
574 2769 665 2851 quod
684 2768 825 2835 oriretur
847 2769 932 2835 inter
950 2770 1180 2852 Imperatorem
1205 2784 1238 2834 et
1258 2769 1373 2835 civita-

202 2874 266 2948 tem
296 2901 381 2963 quae
405 2899 439 2946 se
461 2900 521 2963 pro
544 2879 645 2946 libera
669 2881 772 2965 gerit,
792 2879 1012 2946 Florentinam
1033 2895 1112 2962 puta
1132 2882 1186 2946 vel
1206 2879 1372 2960 Pisanam,

201 2995 275 3078 jure
294 2991 429 3076 publico
452 2991 588 3075 praedae
609 2993 718 3058 locum
739 2990 808 3057 fore
828 2989 850 3056 ⁸.
897 2991 1107 3074 Propositum
1129 3005 1235 3057 autem
1260 2992 1293 3056 in
1313 2993 1373 3058 hac
1400 3013 1436 3058 Et
1461 3015 1530 3080 confr.

205 3125 239 3171 re
251 3118 308 3170 aut
319 3103 487 3182 societati,
510 3118 568 3169 aut
577 3103 648 3182 his,
662 3103 719 3184 qui
729 3103 802 3168 vice
814 3103 980 3170 societatis
992 3103 1132 3169 navibus
1141 3103 1372 3186 praefuerunt,
1386 3070 1531 3166 Irm'''¹⁶'

205 3212 294 3279 aliud
314 3211 416 3278 fuisse
436 3231 532 3278 nemo
555 3211 807 3296 imaginabitur,
832 3233 928 3294 quam
953 3227 991 3278 ut
1013 3232 1143 3297 operam
1163 3213 1374 3297 obsequium·

206 3345 270 3408 que
293 3323 536 3391 commodarent
566 3322 772 3403 Ordinibus,
795 3343 869 3388 cum
901 3323 1052 3406 publicae
1086 3325 1205 3392 ultioni
1227 3340 1297 3391 tum
1321 3345 1374 3392 so-

206 3435 335 3501 cietatis
369 3433 475 3517 ipsius
500 3434 567 3518 juri
599 3436 771 3500 consulere
799 3435 1004 3503 volentibus.
1053 3435 1105 3502 Ex
1138 3437 1189 3502 his
1222 3437 1375 3504 omnibus

206 3561 338 3629 apparet
359 3546 482 3610 bellum
513 3545 697 3628 (quatenus
724 3545 778 3610 hic
800 3546 998 3613 considerari
1019 3550 1146 3632 potest)
1167 3547 1426 3662 subditorum&
1451 3565 1520 3610 mu

206 3657 331 3723 ratione
351 3658 476 3741 Justum
497 3675 567 3722 esse
587 3671 620 3721 et
640 3657 788 3740 praedam
807 3659 896 3742 juste
917 3673 1050 3740 partam.
1086 3659 1237 3744 Quorum
1250 3673 1378 3725 utrum·
1422 3649 1428 3662 '

208 3789 273 3850 que
305 3766 451 3833 fatentur
480 3766 591 3833 literae
619 3765 773 3849 praefecti
800 3768 1016 3834 Malaccensis
1045 3769 1289 3850 Albuquercii,
1313 3770 1376 3834 viri
1390 3778 1427 3822 Ex
1451 3783 1520 3826 conca

207 3878 472 3962 prudentissimi,
495 3878 538 3943 ad
548 3877 821 3945 Hemskerckium
836 3879 993 3962 scriptae:
1019 3879 1153 3943 Nactus
1171 3901 1226 3959 es,
1244 3883 1378 3964 inquit,
1391 3832 1469 3955 lgm
1483 3910 1505 3956 a,
1514 3929 1535 3968 9,

208 4011 324 4057 nauem
345 3989 544 4076 opulentam.
590 3990 742 4071 Fruere,
765 3988 1031 4076 quandoquidem
1041 3991 1136 4075 justo
1159 3989 1241 4055 bello
1260 4003 1378 4055 nactus
1391 3963 1538 4074 'I'wfflffm''

244 4275 327 4336 ¹1.4
345 4275 425 4324 Ciuil.
444 4273 480 4339 [c.
497 4275 538 4338 69.
556 4277 611 4323 vol.
631 4289 654 4323 a.
672 4290 699 4336 p.
716 4276 774 4338 619.
792 4277 945 4338 Schweigh.]
981 4273 992 4308 ²
1009 4275 1109 4336 Livius,
1126 4277 1142 4322 1.
1160 4288 1183 4322 a.
1200 4273 1302 4334 passim.
1320 4273 1331 4307 ⁸
1349 4276 1381 4323 ad

209 4369 226 4414 1.
250 4369 344 4416 hostes.
369 4368 401 4415 de
430 4377 497 4427 capt.
520 4380 546 4415 n.
571 4380 593 4424 ³·
619 4377 645 4415 et
665 4382 690 4428 4.
717 4367 761 4428 [D.
785 4381 826 4429 49.
847 4379 886 4424 1⁵·
905 4365 956 4430 24]
977 4367 1035 4414 Pan.
1055 4365 1081 4415 in
1099 4380 1122 4414 c.
1139 4364 1212 4414 sicut.
1229 4365 1260 4413 de
1275 4363 1380 4422 iureiur.

210 4455 326 4520 [Decret.
340 4472 365 4507 a.
384 4471 424 4518 24.
439 4457 494 4521 ao]
529 4457 540 4488 ⁴
557 4459 624 4505 Barr.
643 4457 680 4506 ibi
696 4471 721 4505 n.
739 4458 777 4505 16.
