<?xml version="1.0" encoding="UTF-8"?>
<!DOCTYPE html PUBLIC "-//W3C//DTD XHTML 1.0 Transitional//EN"
    "http://www.w3.org/TR/xhtml1/DTD/xhtml1-transitional.dtd">
<html xmlns="http://www.w3.org/1999/xhtml" xml:lang="en" lang="en">
 <head>
  <title>
</title>
<meta http-equiv="Content-Type" content="text/html;charset=utf-8" />
  <meta name='ocr-system' content='tesseract 3.04.00' />
  <meta name='ocr-capabilities' content='ocr_page ocr_carea ocr_par ocr_line ocrx_word'/>
</head>
<body>
  <div class='ocr_page' id='page_1' title='image "./ledroitdeprised02hamagoog_0149.png"; bbox 0 0 3450 5434; ppageno 0'>
   <div class='ocr_carea' id='block_1_1' title="bbox 515 624 1382 693">
    <p class='ocr_par' dir='ltr' id='par_1_1' title="bbox 515 624 1382 693">
     <span class='ocr_line' id='line_1_1' title="bbox 515 624 1382 693; baseline 0.005 -20"><span class='ocrx_word' id='word_1_1' title='bbox 515 626 562 673; x_wconf 86' lang='lat' dir='ltr'>DE</span> <span class='ocrx_word' id='word_1_2' title='bbox 585 624 677 692; x_wconf 83' lang='lat' dir='ltr'>JURE</span> <span class='ocrx_word' id='word_1_3' title='bbox 704 626 886 674; x_wconf 79' lang='lat' dir='ltr'><strong>PRAEDAE.</strong></span> <span class='ocrx_word' id='word_1_4' title='bbox 912 628 981 673; x_wconf 83' lang='lat' dir='ltr'>CAP</span> <span class='ocrx_word' id='word_1_5' title='bbox 1006 628 1055 674; x_wconf 86' lang='lat' dir='ltr'>1x.</span> <span class='ocrx_word' id='word_1_6' title='bbox 1322 631 1382 693; x_wconf 85' lang='lat'>127</span> 
     </span>
    </p>
   </div>
   <div class='ocr_carea' id='block_1_2' title="bbox 208 782 1545 2422">
    <p class='ocr_par' dir='ltr' id='par_1_2' title="bbox 208 782 1545 2422">
     <span class='ocr_line' id='line_1_2' title="bbox 209 782 1383 866; baseline -0.003 -14"><span class='ocrx_word' id='word_1_7' title='bbox 209 789 287 852; x_wconf 77' lang='lat' dir='ltr'>suit</span> <span class='ocrx_word' id='word_1_8' title='bbox 318 784 399 865; x_wconf 83' lang='lat' dir='ltr'>illa,</span> <span class='ocrx_word' id='word_1_9' title='bbox 433 802 575 866; x_wconf 89' lang='lat' dir='ltr'>quorum</span> <span class='ocrx_word' id='word_1_10' title='bbox 602 782 723 848; x_wconf 87' lang='lat' dir='ltr'>indicia</span> <span class='ocrx_word' id='word_1_11' title='bbox 749 782 863 849; x_wconf 90' lang='lat' dir='ltr'>haberi</span> <span class='ocrx_word' id='word_1_12' title='bbox 891 800 958 849; x_wconf 87' lang='lat' dir='ltr'>non</span> <span class='ocrx_word' id='word_1_13' title='bbox 991 799 1140 866; x_wconf 89' lang='lat' dir='ltr'>possunt.</span> <span class='ocrx_word' id='word_1_14' title='bbox 1196 784 1266 852; x_wconf 91' lang='lat' dir='ltr'>Imo</span> <span class='ocrx_word' id='word_1_15' title='bbox 1298 799 1330 850; x_wconf 90' lang='lat' dir='ltr'>et</span> <span class='ocrx_word' id='word_1_16' title='bbox 1350 784 1383 850; x_wconf 86' lang='lat' dir='ltr'>in</span> 
     </span>
     <span class='ocr_line' id='line_1_3' title="bbox 209 894 1385 980; baseline 0.002 -19"><span class='ocrx_word' id='word_1_17' title='bbox 209 895 427 963; x_wconf 88' lang='lat' dir='ltr'>conscientiae</span> <span class='ocrx_word' id='word_1_18' title='bbox 447 894 575 980; x_wconf 88' lang='lat' dir='ltr'>judicio</span> <span class='ocrx_word' id='word_1_19' title='bbox 595 909 709 977; x_wconf 85' lang='lat' dir='ltr'>peccat</span> <span class='ocrx_word' id='word_1_20' title='bbox 734 894 866 977; x_wconf 88' lang='lat' dir='ltr'>quidem</span> <span class='ocrx_word' id='word_1_21' title='bbox 896 894 1044 977; x_wconf 89' lang='lat' dir='ltr'>quinon</span> <span class='ocrx_word' id='word_1_22' title='bbox 1074 915 1134 978; x_wconf 92' lang='lat' dir='ltr'>pro</span> <span class='ocrx_word' id='word_1_23' title='bbox 1162 897 1286 980; x_wconf 91' lang='lat' dir='ltr'>populo</span> <span class='ocrx_word' id='word_1_24' title='bbox 1316 898 1385 963; x_wconf 88' lang='lat' dir='ltr'>bei·</span> 
     </span>
     <span class='ocr_line' id='line_1_4' title="bbox 208 1005 1385 1093; baseline 0.001 -19"><span class='ocrx_word' id='word_1_25' title='bbox 208 1010 277 1074; x_wconf 87' lang='lat' dir='ltr'>lum</span> <span class='ocrx_word' id='word_1_26' title='bbox 299 1006 403 1093; x_wconf 82' lang='lat' dir='ltr'>gerit,</span> <span class='ocrx_word' id='word_1_27' title='bbox 427 1006 486 1072; x_wconf 90' lang='lat' dir='ltr'>sed</span> <span class='ocrx_word' id='word_1_28' title='bbox 504 1025 571 1071; x_wconf 89' lang='lat' dir='ltr'>non</span> <span class='ocrx_word' id='word_1_29' title='bbox 593 1026 631 1071; x_wconf 84' lang='lat' dir='ltr'>eo</span> <span class='ocrx_word' id='word_1_30' title='bbox 653 1005 759 1071; x_wconf 89' lang='lat' dir='ltr'>minus</span> <span class='ocrx_word' id='word_1_31' title='bbox 781 1022 874 1077; x_wconf 80' lang='lat' dir='ltr'>tecte</span> <span class='ocrx_word' id='word_1_32' title='bbox 896 1005 1046 1089; x_wconf 86' lang='lat' dir='ltr'>praedam</span> <span class='ocrx_word' id='word_1_33' title='bbox 1067 1006 1193 1073; x_wconf 88' lang='lat' dir='ltr'>retinet.</span> <span class='ocrx_word' id='word_1_34' title='bbox 1239 1008 1385 1075; x_wconf 80' lang='lat' dir='ltr'>Pruden-</span> 
     </span>
     <span class='ocr_line' id='line_1_5' title="bbox 209 1116 1388 1204; baseline 0.002 -21"><span class='ocrx_word' id='word_1_35' title='bbox 209 1135 258 1183; x_wconf 86' lang='lat' dir='ltr'>ter</span> <span class='ocrx_word' id='word_1_36' title='bbox 287 1118 399 1200; x_wconf 86' lang='lat' dir='ltr'>itaque</span> <span class='ocrx_word' id='word_1_37' title='bbox 432 1116 619 1184; x_wconf 86' lang='lat' dir='ltr'><strong>scholastici</strong></span> <span class='ocrx_word' id='word_1_38' title='bbox 640 1122 670 1181; x_wconf 89' lang='lat'>¹:</span> <span class='ocrx_word' id='word_1_39' title='bbox 705 1117 821 1183; x_wconf 87' lang='lat' dir='ltr'><em>bonam</em></span> <span class='ocrx_word' id='word_1_40' title='bbox 850 1121 1063 1183; x_wconf 77' lang='lat' dir='ltr'>intentionem</span> <span class='ocrx_word' id='word_1_41' title='bbox 1094 1140 1158 1183; x_wconf 85' lang='lat' dir='ltr'>non</span> <span class='ocrx_word' id='word_1_42' title='bbox 1187 1122 1320 1204; x_wconf 77' lang='lat' dir='ltr'><em>requiri</em></span> <span class='ocrx_word' id='word_1_43' title='bbox 1340 1120 1388 1185; x_wconf 85' lang='lat' dir='ltr'>ad</span> 
     </span>
     <span class='ocr_line' id='line_1_6' title="bbox 212 1227 1384 1313; baseline 0.002 -20"><span class='ocrx_word' id='word_1_44' title='bbox 212 1230 304 1295; x_wconf 78' lang='lat' dir='ltr'>licito</span> <span class='ocrx_word' id='word_1_45' title='bbox 323 1227 525 1309; x_wconf 81' lang='lat' dir='ltr'>retinenda,</span> <span class='ocrx_word' id='word_1_46' title='bbox 549 1247 635 1313; x_wconf 78' lang='lat' dir='ltr'>quae</span> <span class='ocrx_word' id='word_1_47' title='bbox 656 1227 739 1292; x_wconf 79' lang='lat' dir='ltr'><em>bello</em></span> <span class='ocrx_word' id='word_1_48' title='bbox 762 1228 983 1308; x_wconf 73' lang='lat' dir='ltr'>obvenerunt,</span> <span class='ocrx_word' id='word_1_49' title='bbox 1007 1232 1093 1295; x_wconf 83' lang='lat' dir='ltr'>sicut</span> <span class='ocrx_word' id='word_1_50' title='bbox 1117 1252 1173 1295; x_wconf 81' lang='lat' dir='ltr'>nec</span> <span class='ocrx_word' id='word_1_51' title='bbox 1196 1234 1384 1311; x_wconf 77' lang='lat' dir='ltr'><em>exsecutio,</em></span> 
     </span>
     <span class='ocr_line' id='line_1_7' title="bbox 210 1332 1382 1425; baseline 0.002 -20"><span class='ocrx_word' id='word_1_52' title='bbox 210 1361 295 1425; x_wconf 84' lang='lat' dir='ltr'>quoe</span> <span class='ocrx_word' id='word_1_53' title='bbox 323 1338 367 1423; x_wconf 78' lang='lat' dir='ltr'>fit</span> <span class='ocrx_word' id='word_1_54' title='bbox 391 1339 521 1425; x_wconf 81' lang='lat' dir='ltr'>judicis</span> <span class='ocrx_word' id='word_1_55' title='bbox 543 1332 670 1423; x_wconf 69' lang='lat' dir='ltr'>jussu,</span> <span class='ocrx_word' id='word_1_56' title='bbox 694 1360 736 1403; x_wconf 80' lang='lat' dir='ltr'>ox</span> <span class='ocrx_word' id='word_1_57' title='bbox 767 1343 877 1403; x_wconf 82' lang='lat' dir='ltr'>animo</span> <span class='ocrx_word' id='word_1_58' title='bbox 911 1339 1071 1406; x_wconf 80' lang='lat' dir='ltr'>censenda</span> <span class='ocrx_word' id='word_1_59' title='bbox 1094 1354 1141 1406; x_wconf 80' lang='lat' dir='ltr'>ost</span> <span class='ocrx_word' id='word_1_60' title='bbox 1169 1344 1382 1407; x_wconf 79' lang='lat' dir='ltr'>exsecutoris.</span> 
     </span>
     <span class='ocr_line' id='line_1_8' title="bbox 210 1448 1384 1534; baseline 0.001 -18"><span class='ocrx_word' id='word_1_61' title='bbox 210 1450 314 1516; x_wconf 88' lang='lat' dir='ltr'>Prava</span> <span class='ocrx_word' id='word_1_62' title='bbox 335 1448 419 1516; x_wconf 86' lang='lat' dir='ltr'>enim</span> <span class='ocrx_word' id='word_1_63' title='bbox 443 1448 601 1534; x_wconf 88' lang='lat' dir='ltr'>capientis</span> <span class='ocrx_word' id='word_1_64' title='bbox 612 1448 753 1515; x_wconf 87' lang='lat' dir='ltr'>intentio</span> <span class='ocrx_word' id='word_1_65' title='bbox 771 1470 829 1533; x_wconf 91' lang='lat' dir='ltr'>per</span> <span class='ocrx_word' id='word_1_66' title='bbox 849 1470 884 1516; x_wconf 91' lang='lat' dir='ltr'>se</span> <span class='ocrx_word' id='word_1_67' title='bbox 902 1450 943 1515; x_wconf 93' lang='lat' dir='ltr'>ad</span> <span class='ocrx_word' id='word_1_68' title='bbox 954 1450 1193 1517; x_wconf 87' lang='lat' dir='ltr'>restitutionem</span> <span class='ocrx_word' id='word_1_69' title='bbox 1206 1472 1384 1534; x_wconf 87' lang='lat' dir='ltr'><strong>numquam</strong></span> 
     </span>
     <span class='ocr_line' id='line_1_9' title="bbox 211 1559 1385 1646; baseline 0.001 -20"><span class='ocrx_word' id='word_1_70' title='bbox 211 1562 335 1646; x_wconf 83' lang='lat' dir='ltr'>obligat</span> <span class='ocrx_word' id='word_1_71' title='bbox 355 1560 381 1627; x_wconf 81' lang='lat'>².</span> <span class='ocrx_word' id='word_1_72' title='bbox 428 1561 476 1626; x_wconf 88' lang='lat' dir='ltr'>At</span> <span class='ocrx_word' id='word_1_73' title='bbox 508 1560 542 1627; x_wconf 87' lang='lat' dir='ltr'>in</span> <span class='ocrx_word' id='word_1_74' title='bbox 573 1559 647 1627; x_wconf 86' lang='lat' dir='ltr'>foro</span> <span class='ocrx_word' id='word_1_75' title='bbox 679 1574 811 1627; x_wconf 84' lang='lat' dir='ltr'>externo</span> <span class='ocrx_word' id='word_1_76' title='bbox 832 1560 916 1625; x_wconf 86' lang='lat' dir='ltr'>idem</span> <span class='ocrx_word' id='word_1_77' title='bbox 937 1560 1002 1626; x_wconf 89' lang='lat' dir='ltr'>dici</span> <span class='ocrx_word' id='word_1_78' title='bbox 1024 1575 1134 1642; x_wconf 90' lang='lat' dir='ltr'>potest</span> <span class='ocrx_word' id='word_1_79' title='bbox 1157 1561 1301 1627; x_wconf 90' lang='lat' dir='ltr'>debona</span> <span class='ocrx_word' id='word_1_80' title='bbox 1322 1562 1385 1627; x_wconf 91' lang='lat' dir='ltr'>fide</span> 
     </span>
     <span class='ocr_line' id='line_1_10' title="bbox 211 1670 1384 1757; baseline 0.003 -20"><span class='ocrx_word' id='word_1_81' title='bbox 211 1672 282 1738; x_wconf 89' lang='lat' dir='ltr'>sive</span> <span class='ocrx_word' id='word_1_82' title='bbox 309 1671 457 1757; x_wconf 87' lang='lat' dir='ltr'>justitiae</span> <span class='ocrx_word' id='word_1_83' title='bbox 489 1670 666 1755; x_wconf 88' lang='lat' dir='ltr'>opinione,</span> <span class='ocrx_word' id='word_1_84' title='bbox 691 1691 788 1753; x_wconf 88' lang='lat' dir='ltr'>quam</span> <span class='ocrx_word' id='word_1_85' title='bbox 810 1671 843 1735; x_wconf 88' lang='lat' dir='ltr'>in</span> <span class='ocrx_word' id='word_1_86' title='bbox 878 1670 1020 1738; x_wconf 87' lang='lat' dir='ltr'>subditis</span> <span class='ocrx_word' id='word_1_87' title='bbox 1048 1670 1263 1753; x_wconf 88' lang='lat' dir='ltr'>requirimus:</span> <span class='ocrx_word' id='word_1_88' title='bbox 1286 1688 1384 1740; x_wconf 88' lang='lat' dir='ltr'>utne</span> 
     </span>
     <span class='ocr_line' id='line_1_11' title="bbox 211 1781 1384 1868; baseline 0.003 -20"><span class='ocrx_word' id='word_1_89' title='bbox 211 1784 290 1848; x_wconf 87' lang='lat' dir='ltr'>haec</span> <span class='ocrx_word' id='word_1_90' title='bbox 311 1783 444 1865; x_wconf 87' lang='lat' dir='ltr'>quidem</span> <span class='ocrx_word' id='word_1_91' title='bbox 476 1781 691 1865; x_wconf 87' lang='lat' dir='ltr'>respiciatur,</span> <span class='ocrx_word' id='word_1_92' title='bbox 714 1782 778 1847; x_wconf 90' lang='lat' dir='ltr'>nisi</span> <span class='ocrx_word' id='word_1_93' title='bbox 801 1781 888 1849; x_wconf 89' lang='lat' dir='ltr'>forte</span> <span class='ocrx_word' id='word_1_94' title='bbox 909 1782 1069 1868; x_wconf 85' lang='lat' dir='ltr'>injustitia</span> <span class='ocrx_word' id='word_1_95' title='bbox 1091 1783 1135 1849; x_wconf 88' lang='lat' dir='ltr'>sit</span> <span class='ocrx_word' id='word_1_96' title='bbox 1157 1786 1290 1853; x_wconf 87' lang='lat' dir='ltr'>omnino</span> <span class='ocrx_word' id='word_1_97' title='bbox 1314 1786 1384 1854; x_wconf 86' lang='lat' dir='ltr'>evi·</span> 
     </span>
     <span class='ocr_line' id='line_1_12' title="bbox 211 1892 1384 1980; baseline 0.004 -21"><span class='ocrx_word' id='word_1_98' title='bbox 211 1894 301 1959; x_wconf 89' lang='lat' dir='ltr'>dens.</span> <span class='ocrx_word' id='word_1_99' title='bbox 350 1893 450 1960; x_wconf 87' lang='lat' dir='ltr'>Unde</span> <span class='ocrx_word' id='word_1_100' title='bbox 479 1892 630 1975; x_wconf 89' lang='lat' dir='ltr'>sequitur</span> <span class='ocrx_word' id='word_1_101' title='bbox 660 1892 694 1958; x_wconf 88' lang='lat' dir='ltr'>in</span> <span class='ocrx_word' id='word_1_102' title='bbox 720 1892 881 1977; x_wconf 88' lang='lat' dir='ltr'>judicium</span> <span class='ocrx_word' id='word_1_103' title='bbox 909 1893 943 1959; x_wconf 91' lang='lat' dir='ltr'>id</span> <span class='ocrx_word' id='word_1_104' title='bbox 972 1896 1078 1961; x_wconf 90' lang='lat' dir='ltr'>solum</span> <span class='ocrx_word' id='word_1_105' title='bbox 1096 1895 1233 1976; x_wconf 89' lang='lat' dir='ltr'>venire,</span> <span class='ocrx_word' id='word_1_106' title='bbox 1256 1897 1296 1963; x_wconf 90' lang='lat' dir='ltr'>de</span> <span class='ocrx_word' id='word_1_107' title='bbox 1316 1917 1384 1980; x_wconf 91' lang='lat' dir='ltr'>quo</span> 
     </span>
     <span class='ocr_line' id='line_1_13' title="bbox 210 2002 1383 2090; baseline 0.004 -21"><span class='ocrx_word' id='word_1_108' title='bbox 210 2016 361 2070; x_wconf 83' lang='lat' dir='ltr'>constare</span> <span class='ocrx_word' id='word_1_109' title='bbox 380 2018 510 2087; x_wconf 85' lang='lat' dir='ltr'>potest,</span> <span class='ocrx_word' id='word_1_110' title='bbox 532 2002 688 2069; x_wconf 88' lang='lat' dir='ltr'>videlicet</span> <span class='ocrx_word' id='word_1_111' title='bbox 710 2002 882 2086; x_wconf 88' lang='lat' dir='ltr'>imperium</span> <span class='ocrx_word' id='word_1_112' title='bbox 906 2006 1103 2089; x_wconf 89' lang='lat' dir='ltr'>superioris,</span> <span class='ocrx_word' id='word_1_113' title='bbox 1127 2008 1294 2090; x_wconf 89' lang='lat' dir='ltr'>quomodo</span> <span class='ocrx_word' id='word_1_114' title='bbox 1320 2022 1383 2073; x_wconf 89' lang='lat' dir='ltr'>tra-</span> 
     </span>
     <span class='ocr_line' id='line_1_14' title="bbox 211 2113 1384 2203; baseline 0.003 -22"><span class='ocrx_word' id='word_1_115' title='bbox 211 2115 296 2181; x_wconf 91' lang='lat' dir='ltr'>dunt</span> <span class='ocrx_word' id='word_1_116' title='bbox 321 2113 548 2199; x_wconf 84' lang='lat' dir='ltr'>jurisconsulti</span> <span class='ocrx_word' id='word_1_117' title='bbox 582 2134 695 2181; x_wconf 89' lang='lat' dir='ltr'>omnes</span> <span class='ocrx_word' id='word_1_118' title='bbox 713 2114 735 2181; x_wconf 82' lang='lat'>⁸.</span> <span class='ocrx_word' id='word_1_119' title='bbox 791 2116 894 2203; x_wconf 89' lang='lat' dir='ltr'>Quod</span> <span class='ocrx_word' id='word_1_120' title='bbox 925 2116 953 2185; x_wconf 88' lang='lat' dir='ltr'>si</span> <span class='ocrx_word' id='word_1_121' title='bbox 987 2118 1217 2185; x_wconf 86' lang='lat' dir='ltr'>conscientiam</span> <span class='ocrx_word' id='word_1_122' title='bbox 1248 2119 1384 2203; x_wconf 90' lang='lat' dir='ltr'>respici·</span> 
     </span>
     <span class='ocr_line' id='line_1_15' title="bbox 210 2224 1545 2337; baseline 0.005 -46"><span class='ocrx_word' id='word_1_123' title='bbox 210 2244 309 2306; x_wconf 83' lang='lat' dir='ltr'>mus,</span> <span class='ocrx_word' id='word_1_124' title='bbox 333 2224 460 2290; x_wconf 78' lang='lat' dir='ltr'>subditi</span> <span class='ocrx_word' id='word_1_125' title='bbox 472 2226 569 2310; x_wconf 74' lang='lat' dir='ltr'><em>josto</em></span> <span class='ocrx_word' id='word_1_126' title='bbox 589 2229 700 2291; x_wconf 81' lang='lat' dir='ltr'>animo</span> <span class='ocrx_word' id='word_1_127' title='bbox 720 2225 759 2291; x_wconf 84' lang='lat' dir='ltr'>id</span> <span class='ocrx_word' id='word_1_128' title='bbox 777 2225 897 2293; x_wconf 78' lang='lat' dir='ltr'>bellum</span> <span class='ocrx_word' id='word_1_129' title='bbox 917 2242 1068 2315; x_wconf 82' lang='lat' dir='ltr'>gerunt,</span> <span class='ocrx_word' id='word_1_130' title='bbox 1092 2230 1181 2315; x_wconf 81' lang='lat' dir='ltr'><em>qood</em></span> <span class='ocrx_word' id='word_1_131' title='bbox 1196 2245 1322 2318; x_wconf 80' lang='lat' dir='ltr'>gerunt</span> <span class='ocrx_word' id='word_1_132' title='bbox 1344 2246 1382 2297; x_wconf 85' lang='lat' dir='ltr'>ut</span> <span class='ocrx_word' id='word_1_133' title='bbox 1395 2234 1545 2337; x_wconf 45' lang='grc' dir='ltr'>ἓξὲξ-ΕΠ·</span> 
     </span>
     <span class='ocr_line' id='line_1_16' title="bbox 211 2334 564 2422; baseline 0.006 -24"><span class='ocrx_word' id='word_1_134' title='bbox 211 2334 366 2401; x_wconf 78' lang='lat' dir='ltr'>obediant</span> <span class='ocrx_word' id='word_1_135' title='bbox 388 2339 564 2422; x_wconf 80' lang='lat' dir='ltr'>superiori.</span> 
     </span>
    </p>
   </div>
   <div class='ocr_carea' id='block_1_3' title="bbox 662 2519 935 2587">
    <p class='ocr_par' dir='ltr' id='par_1_3' title="bbox 662 2519 935 2587">
     <span class='ocr_line' id='line_1_17' title="bbox 662 2519 935 2587; baseline 0.015 -4"><span class='ocrx_word' id='word_1_136' title='bbox 662 2519 862 2586; x_wconf 84' lang='lat' dir='ltr'><strong>CAPUT</strong></span> <span class='ocrx_word' id='word_1_137' title='bbox 895 2523 935 2587; x_wconf 89' lang='lat' dir='ltr'>X.</span> 
     </span>
    </p>
   </div>
   <div class='ocr_carea' id='block_1_4' title="bbox 499 2698 1093 3153">
    <p class='ocr_par' dir='ltr' id='par_1_4' title="bbox 499 2698 1093 3153">
     <span class='ocr_line' id='line_1_18' title="bbox 678 2698 934 2751; baseline -0.02 0"><span class='ocrx_word' id='word_1_138' title='bbox 678 2698 861 2751; x_wconf 72' lang='lat' dir='ltr'>aurusrro</span> <span class='ocrx_word' id='word_1_139' title='bbox 886 2700 934 2746; x_wconf 86' lang='lat' dir='ltr'>rx.</span> 
     </span>
     <span class='ocr_line' id='line_1_19' title="bbox 528 2812 1068 2894; baseline 0.002 -16"><span class='ocrx_word' id='word_1_140' title='bbox 528 2812 599 2879; x_wconf 85' lang='lat' dir='ltr'>Cur</span> <span class='ocrx_word' id='word_1_141' title='bbox 623 2833 771 2879; x_wconf 69' lang='lat' dir='ltr'>auarus</span> <span class='ocrx_word' id='word_1_142' title='bbox 795 2832 1068 2894; x_wconf 73' lang='lat' dir='ltr'>acauturruu,</span> 
     </span>
     <span class='ocr_line' id='line_1_20' title="bbox 499 2966 1093 3017; baseline 0.008 -5"><span class='ocrx_word' id='word_1_143' title='bbox 499 2966 588 3013; x_wconf 72' lang='lat' dir='ltr'>tur.</span> <span class='ocrx_word' id='word_1_144' title='bbox 623 2967 647 3015; x_wconf 90' lang='lat'>1.</span> <span class='ocrx_word' id='word_1_145' title='bbox 693 2968 733 3015; x_wconf 83' lang='lat' dir='ltr'>ru</span> <span class='ocrx_word' id='word_1_146' title='bbox 769 2969 886 3015; x_wconf 75' lang='lat' dir='ltr'>rutro</span> <span class='ocrx_word' id='word_1_147' title='bbox 919 2968 1093 3017; x_wconf 75' lang='lat' dir='ltr'>rurvu‘m.</span> 
     </span>
     <span class='ocr_line' id='line_1_21' title="bbox 507 3101 1090 3153; baseline 0.012 -7"><span class='ocrx_word' id='word_1_148' title='bbox 507 3101 595 3147; x_wconf 78' lang='lat' dir='ltr'>rtur.</span> <span class='ocrx_word' id='word_1_149' title='bbox 631 3103 670 3150; x_wconf 90' lang='lat'>11.</span> <span class='ocrx_word' id='word_1_150' title='bbox 716 3103 754 3149; x_wconf 81' lang='lat' dir='ltr'>ru</span> <span class='ocrx_word' id='word_1_151' title='bbox 780 3104 898 3152; x_wconf 72' lang='lat' dir='ltr'>arato</span> <span class='ocrx_word' id='word_1_152' title='bbox 922 3104 1090 3153; x_wconf 77' lang='lat' dir='ltr'>ruarmo.</span> 
     </span>
    </p>
   </div>
   <div class='ocr_carea' id='block_1_5' title="bbox 213 3215 1386 3620">
    <p class='ocr_par' dir='ltr' id='par_1_5' title="bbox 213 3215 1386 3620">
     <span class='ocr_line' id='line_1_22' title="bbox 213 3215 1386 3303; baseline 0.012 -24"><span class='ocrx_word' id='word_1_153' title='bbox 213 3215 378 3283; x_wconf 78' lang='lat' dir='ltr'>Couorr.</span> <span class='ocrx_word' id='word_1_154' title='bbox 411 3216 621 3302; x_wconf 77' lang='lat' dir='ltr'>Quuruuus</span> <span class='ocrx_word' id='word_1_155' title='bbox 654 3237 802 3284; x_wconf 69' lang='lat' dir='ltr'>rurant</span> <span class='ocrx_word' id='word_1_156' title='bbox 835 3239 893 3285; x_wconf 79' lang='lat' dir='ltr'>urs</span> <span class='ocrx_word' id='word_1_157' title='bbox 926 3241 1386 3303; x_wconf 78' lang='lat' dir='ltr'>ucouruarurr,au1surs</span> 
     </span>
     <span class='ocr_line' id='line_1_23' title="bbox 258 3345 1343 3413; baseline 0.01 -23"><span class='ocrx_word' id='word_1_158' title='bbox 258 3345 871 3411; x_wconf 65' lang='lat' dir='ltr'>rarorum,DAMN1s‚PuuchL0‚</span> <span class='ocrx_word' id='word_1_159' title='bbox 897 3351 1045 3397; x_wconf 78' lang='lat' dir='ltr'>suorum</span> <span class='ocrx_word' id='word_1_160' title='bbox 1070 3353 1343 3413; x_wconf 70' lang='lat' dir='ltr'>rotursruouurr</span> 
     </span>
     <span class='ocr_line' id='line_1_24' title="bbox 374 3457 1222 3523; baseline 0.011 -22"><span class='ocrx_word' id='word_1_161' title='bbox 374 3457 518 3517; x_wconf 72' lang='lat' dir='ltr'>orout,</span> <span class='ocrx_word' id='word_1_162' title='bbox 541 3458 669 3504; x_wconf 74' lang='lat' dir='ltr'>Notou</span> <span class='ocrx_word' id='word_1_163' title='bbox 695 3459 815 3506; x_wconf 77' lang='lat' dir='ltr'>racru</span> <span class='ocrx_word' id='word_1_164' title='bbox 840 3462 1045 3523; x_wconf 70' lang='lat' dir='ltr'>marcaon,</span> <span class='ocrx_word' id='word_1_165' title='bbox 1070 3464 1222 3511; x_wconf 74' lang='lat' dir='ltr'>ustrou</span> 
     </span>
     <span class='ocr_line' id='line_1_25' title="bbox 607 3568 992 3620; baseline 0.013 -6"><span class='ocrx_word' id='word_1_166' title='bbox 607 3568 797 3615; x_wconf 74' lang='lat' dir='ltr'>rotumum</span> <span class='ocrx_word' id='word_1_167' title='bbox 823 3572 992 3620; x_wconf 72' lang='lat' dir='ltr'>coruus.</span> 
     </span>
    </p>
   </div>
   <div class='ocr_carea' id='block_1_6' title="bbox 701 3691 897 3703">
    <p class='ocr_par' dir='ltr' id='par_1_6' title="bbox 701 3691 897 3703">
     <span class='ocr_line' id='line_1_26' title="bbox 701 3691 897 3703; baseline 0.02 -4"><span class='ocrx_word' id='word_1_168' title='bbox 701 3691 897 3703; x_wconf 54' lang='lat' dir='ltr'>—nut——n</span> 
     </span>
    </p>
   </div>
   <div class='ocr_carea' id='block_1_7' title="bbox 211 3752 1386 3958">
    <p class='ocr_par' dir='ltr' id='par_1_7' title="bbox 211 3752 1386 3958">
     <span class='ocr_line' id='line_1_27' title="bbox 256 3752 1386 3845; baseline 0.015 -29"><span class='ocrx_word' id='word_1_169' title='bbox 256 3752 325 3819; x_wconf 89' lang='lat' dir='ltr'>Res</span> <span class='ocrx_word' id='word_1_170' title='bbox 355 3754 492 3819; x_wconf 89' lang='lat' dir='ltr'>hostiles</span> <span class='ocrx_word' id='word_1_171' title='bbox 524 3769 610 3819; x_wconf 88' lang='lat' dir='ltr'>recte</span> <span class='ocrx_word' id='word_1_172' title='bbox 642 3755 724 3839; x_wconf 90' lang='lat' dir='ltr'>eripi</span> <span class='ocrx_word' id='word_1_173' title='bbox 755 3771 908 3838; x_wconf 87' lang='lat' dir='ltr'>recteque</span> <span class='ocrx_word' id='word_1_174' title='bbox 940 3760 1064 3840; x_wconf 89' lang='lat' dir='ltr'>acquiri</span> <span class='ocrx_word' id='word_1_175' title='bbox 1098 3780 1214 3845; x_wconf 81' lang='lat' dir='ltr'>posse,</span> <span class='ocrx_word' id='word_1_176' title='bbox 1246 3765 1325 3833; x_wconf 88' lang='lat' dir='ltr'>satis</span> <span class='ocrx_word' id='word_1_177' title='bbox 1348 3783 1386 3832; x_wconf 92' lang='lat' dir='ltr'>ut</span> 
     </span>
     <span class='ocr_line' id='line_1_28' title="bbox 211 3862 1385 3958; baseline 0.011 -31"><span class='ocrx_word' id='word_1_178' title='bbox 211 3862 353 3928; x_wconf 86' lang='lat' dir='ltr'>arbitror</span> <span class='ocrx_word' id='word_1_179' title='bbox 374 3864 629 3932; x_wconf 86' lang='lat' dir='ltr'>demonstratum</span> <span class='ocrx_word' id='word_1_180' title='bbox 653 3881 703 3931; x_wconf 92' lang='lat' dir='ltr'>est</span> <span class='ocrx_word' id='word_1_181' title='bbox 721 3864 742 3932; x_wconf 70' lang='lat'>⁴.</span> <span class='ocrx_word' id='word_1_182' title='bbox 788 3867 905 3933; x_wconf 89' lang='lat' dir='ltr'>Manet</span> <span class='ocrx_word' id='word_1_183' title='bbox 928 3888 992 3934; x_wconf 88' lang='lat' dir='ltr'>una</span> <span class='ocrx_word' id='word_1_184' title='bbox 1013 3872 1235 3938; x_wconf 88' lang='lat' dir='ltr'>controversia</span> <span class='ocrx_word' id='word_1_185' title='bbox 1254 3876 1385 3958; x_wconf 90' lang='lat' dir='ltr'>propria</span> 
     </span>
    </p>
   </div>
   <div class='ocr_carea' id='block_1_8' title="bbox 246 4058 1385 4124">
    <p class='ocr_par' dir='ltr' id='par_1_8' title="bbox 246 4058 1385 4124">
     <span class='ocr_line' id='line_1_29' title="bbox 246 4058 1385 4124; baseline 0.009 -17"><span class='ocrx_word' id='word_1_186' title='bbox 246 4058 255 4090; x_wconf 93' lang='lat'><strong>¹</strong></span> <span class='ocrx_word' id='word_1_187' title='bbox 274 4058 354 4116; x_wconf 81' lang='lat' dir='ltr'>Caiet.</span> <span class='ocrx_word' id='word_1_188' title='bbox 371 4062 411 4108; x_wconf 80' lang='lat' dir='ltr'>ad.</span> <span class='ocrx_word' id='word_1_189' title='bbox 422 4062 517 4109; x_wconf 83' lang='lat' dir='ltr'>·&#39;1&#39;hom.</span> <span class='ocrx_word' id='word_1_190' title='bbox 534 4075 557 4109; x_wconf 82' lang='lat' dir='ltr'>a.</span> <span class='ocrx_word' id='word_1_191' title='bbox 575 4076 634 4121; x_wconf 67' lang='lat' dir='ltr'>aq.</span> <span class='ocrx_word' id='word_1_192' title='bbox 651 4076 693 4124; x_wconf 88' lang='lat'>40·</span> <span class='ocrx_word' id='word_1_193' title='bbox 710 4073 757 4111; x_wconf 86' lang='lat' dir='ltr'>art.</span> <span class='ocrx_word' id='word_1_194' title='bbox 777 4076 798 4110; x_wconf 88' lang='lat'>1.</span> <span class='ocrx_word' id='word_1_195' title='bbox 814 4065 846 4112; x_wconf 83' lang='lat' dir='ltr'>ud</span> <span class='ocrx_word' id='word_1_196' title='bbox 864 4078 887 4112; x_wconf 81' lang='lat' dir='ltr'>a.</span> <span class='ocrx_word' id='word_1_197' title='bbox 903 4064 955 4114; x_wconf 90' lang='lat' dir='ltr'>ibi:</span> <span class='ocrx_word' id='word_1_198' title='bbox 974 4065 1000 4114; x_wconf 88' lang='lat' dir='ltr'>in</span> <span class='ocrx_word' id='word_1_199' title='bbox 1018 4070 1109 4117; x_wconf 85' lang='lat' dir='ltr'>eodem</span> <span class='ocrx_word' id='word_1_200' title='bbox 1125 4080 1170 4118; x_wconf 88' lang='lat' dir='ltr'>est.</span> <span class='ocrx_word' id='word_1_201' title='bbox 1185 4068 1257 4119; x_wconf 76' lang='lat' dir='ltr'>Arias</span> <span class='ocrx_word' id='word_1_202' title='bbox 1267 4070 1385 4118; x_wconf 88' lang='lat' dir='ltr'>debello.</span> 
     </span>
    </p>
   </div>
   <div class='ocr_carea' id='block_1_9' title="bbox 210 4148 1386 4303">
    <p class='ocr_par' dir='ltr' id='par_1_9' title="bbox 210 4148 1386 4303">
     <span class='ocr_line' id='line_1_30' title="bbox 210 4148 1385 4221; baseline 0.009 -25"><span class='ocrx_word' id='word_1_203' title='bbox 210 4163 237 4196; x_wconf 89' lang='lat' dir='ltr'>n.</span> <span class='ocrx_word' id='word_1_204' title='bbox 258 4152 296 4196; x_wconf 87' lang='lat'>18.</span> <span class='ocrx_word' id='word_1_205' title='bbox 315 4150 424 4209; x_wconf 85' lang='lat' dir='ltr'>[ocean.</span> <span class='ocrx_word' id='word_1_206' title='bbox 442 4148 491 4205; x_wconf 84' lang='lat' dir='ltr'>jur.</span> <span class='ocrx_word' id='word_1_207' title='bbox 516 4152 569 4199; x_wconf 87' lang='lat' dir='ltr'>vol.</span> <span class='ocrx_word' id='word_1_208' title='bbox 590 4152 628 4199; x_wconf 81' lang='lat'>16.</span> <span class='ocrx_word' id='word_1_209' title='bbox 644 4166 669 4212; x_wconf 89' lang='lat' dir='ltr'>p.</span> <span class='ocrx_word' id='word_1_210' title='bbox 687 4152 757 4214; x_wconf 67' lang='lat' dir='ltr'>sao]</span> <span class='ocrx_word' id='word_1_211' title='bbox 776 4153 882 4203; x_wconf 77' lang='lat' dir='ltr'>covarr.</span> <span class='ocrx_word' id='word_1_212' title='bbox 895 4154 921 4203; x_wconf 87' lang='lat' dir='ltr'>in</span> <span class='ocrx_word' id='word_1_213' title='bbox 940 4168 963 4205; x_wconf 91' lang='lat' dir='ltr'>c.</span> <span class='ocrx_word' id='word_1_214' title='bbox 980 4169 1123 4216; x_wconf 83' lang='lat' dir='ltr'>peccatum.</span> <span class='ocrx_word' id='word_1_215' title='bbox 1139 4159 1170 4207; x_wconf 88' lang='lat' dir='ltr'>de</span> <span class='ocrx_word' id='word_1_216' title='bbox 1188 4172 1239 4219; x_wconf 78' lang='lat' dir='ltr'>reg.</span> <span class='ocrx_word' id='word_1_217' title='bbox 1256 4157 1305 4215; x_wconf 82' lang='lat' dir='ltr'>jur.</span> <span class='ocrx_word' id='word_1_218' title='bbox 1322 4164 1344 4219; x_wconf 70' lang='grc' dir='ltr'>ς.</span> <span class='ocrx_word' id='word_1_219' title='bbox 1362 4173 1385 4221; x_wconf 89' lang='lat'>9.</span> 
     </span>
     <span class='ocr_line' id='line_1_31' title="bbox 210 4240 1386 4303; baseline 0.012 -19"><span class='ocrx_word' id='word_1_220' title='bbox 210 4252 237 4285; x_wconf 89' lang='lat' dir='ltr'>n.</span> <span class='ocrx_word' id='word_1_221' title='bbox 256 4252 279 4285; x_wconf 85' lang='lat'>2.</span> <span class='ocrx_word' id='word_1_222' title='bbox 297 4242 388 4286; x_wconf 82' lang='lat' dir='ltr'>summ.</span> <span class='ocrx_word' id='word_1_223' title='bbox 407 4240 470 4300; x_wconf 73' lang='lat' dir='ltr'>ung.</span> <span class='ocrx_word' id='word_1_224' title='bbox 489 4240 514 4288; x_wconf 91' lang='lat' dir='ltr'>in</span> <span class='ocrx_word' id='word_1_225' title='bbox 531 4256 556 4288; x_wconf 92' lang='lat' dir='ltr'>v.</span> <span class='ocrx_word' id='word_1_226' title='bbox 572 4242 678 4290; x_wconf 84' lang='lat' dir='ltr'>Bellum.</span> <span class='ocrx_word' id='word_1_227' title='bbox 695 4256 720 4289; x_wconf 86' lang='lat' dir='ltr'>n.</span> <span class='ocrx_word' id='word_1_228' title='bbox 739 4254 762 4299; x_wconf 76' lang='lat'>3.</span> <span class='ocrx_word' id='word_1_229' title='bbox 780 4245 871 4291; x_wconf 86' lang='lat' dir='ltr'>Summ.</span> <span class='ocrx_word' id='word_1_230' title='bbox 887 4246 951 4293; x_wconf 88' lang='lat' dir='ltr'>Ros.</span> <span class='ocrx_word' id='word_1_231' title='bbox 966 4260 991 4295; x_wconf 89' lang='lat' dir='ltr'>n.</span> <span class='ocrx_word' id='word_1_232' title='bbox 1011 4260 1034 4303; x_wconf 77' lang='lat'>3.</span> <span class='ocrx_word' id='word_1_233' title='bbox 1053 4259 1077 4295; x_wconf 85' lang='lat' dir='ltr'>et</span> <span class='ocrx_word' id='word_1_234' title='bbox 1093 4261 1118 4295; x_wconf 87' lang='lat' dir='ltr'>n.</span> <span class='ocrx_word' id='word_1_235' title='bbox 1136 4250 1160 4295; x_wconf 86' lang='grc'>8.</span> <span class='ocrx_word' id='word_1_236' title='bbox 1178 4249 1239 4297; x_wconf 85' lang='lat' dir='ltr'>Silv.</span> <span class='ocrx_word' id='word_1_237' title='bbox 1254 4263 1279 4297; x_wconf 85' lang='lat' dir='ltr'>n.</span> <span class='ocrx_word' id='word_1_238' title='bbox 1294 4264 1318 4297; x_wconf 83' lang='lat' dir='ltr'>a.</span> <span class='ocrx_word' id='word_1_239' title='bbox 1336 4250 1386 4299; x_wconf 86' lang='lat' dir='ltr'>ibi:</span> 
     </span>
    </p>
   </div>
   <div class='ocr_carea' id='block_1_10' title="bbox 209 4326 1483 4577">
    <p class='ocr_par' dir='ltr' id='par_1_10' title="bbox 209 4326 1483 4577">
     <span class='ocr_line' id='line_1_32' title="bbox 209 4326 1386 4399; baseline 0.013 -24"><span class='ocrx_word' id='word_1_240' title='bbox 209 4327 322 4376; x_wconf 86' lang='lat' dir='ltr'>tertium.</span> <span class='ocrx_word' id='word_1_241' title='bbox 356 4326 367 4359; x_wconf 79' lang='lat'><strong>¹</strong></span> <span class='ocrx_word' id='word_1_242' title='bbox 384 4330 477 4377; x_wconf 87' lang='lat' dir='ltr'>Thom.</span> <span class='ocrx_word' id='word_1_243' title='bbox 492 4344 515 4378; x_wconf 83' lang='lat' dir='ltr'>a.</span> <span class='ocrx_word' id='word_1_244' title='bbox 534 4344 557 4379; x_wconf 84' lang='lat'>2.</span> <span class='ocrx_word' id='word_1_245' title='bbox 574 4346 600 4391; x_wconf 91' lang='lat' dir='ltr'>q.</span> <span class='ocrx_word' id='word_1_246' title='bbox 618 4332 659 4381; x_wconf 84' lang='lat'>66.</span> <span class='ocrx_word' id='word_1_247' title='bbox 676 4343 721 4379; x_wconf 85' lang='lat' dir='ltr'>art.</span> <span class='ocrx_word' id='word_1_248' title='bbox 738 4335 761 4380; x_wconf 83' lang='lat'>8.</span> <span class='ocrx_word' id='word_1_249' title='bbox 779 4332 860 4389; x_wconf 88' lang='lat' dir='ltr'>Caiet.</span> <span class='ocrx_word' id='word_1_250' title='bbox 878 4334 904 4382; x_wconf 91' lang='lat' dir='ltr'>in</span> <span class='ocrx_word' id='word_1_251' title='bbox 921 4338 1011 4384; x_wconf 88' lang='lat' dir='ltr'>Summ.</span> <span class='ocrx_word' id='word_1_252' title='bbox 1026 4351 1098 4399; x_wconf 86' lang='lat' dir='ltr'>pece.</span> <span class='ocrx_word' id='word_1_253' title='bbox 1114 4338 1175 4386; x_wconf 88' lang='lat' dir='ltr'>inv.</span> <span class='ocrx_word' id='word_1_254' title='bbox 1193 4340 1290 4385; x_wconf 87' lang='lat' dir='ltr'>Bellum</span> <span class='ocrx_word' id='word_1_255' title='bbox 1308 4337 1386 4397; x_wconf 81' lang='lat' dir='ltr'>inius-</span> 
     </span>
     <span class='ocr_line' id='line_1_33' title="bbox 211 4417 1483 4487; baseline 0.013 -22"><span class='ocrx_word' id='word_1_256' title='bbox 211 4430 274 4466; x_wconf 90' lang='lat' dir='ltr'>tum.</span> <span class='ocrx_word' id='word_1_257' title='bbox 309 4417 321 4451; x_wconf 78' lang='lat'>²</span> <span class='ocrx_word' id='word_1_258' title='bbox 340 4419 480 4468; x_wconf 82' lang='lat' dir='ltr'>Hadrianus</span> <span class='ocrx_word' id='word_1_259' title='bbox 499 4419 524 4468; x_wconf 86' lang='lat' dir='ltr'>in</span> <span class='ocrx_word' id='word_1_260' title='bbox 540 4434 563 4469; x_wconf 87' lang='lat' dir='ltr'>c.</span> <span class='ocrx_word' id='word_1_261' title='bbox 580 4421 720 4481; x_wconf 81' lang='lat' dir='ltr'>aggredior.</span> <span class='ocrx_word' id='word_1_262' title='bbox 738 4420 819 4479; x_wconf 85' lang='lat' dir='ltr'>Caiet.</span> <span class='ocrx_word' id='word_1_263' title='bbox 837 4426 861 4473; x_wconf 88' lang='lat' dir='ltr'>d.</span> <span class='ocrx_word' id='word_1_264' title='bbox 881 4438 905 4484; x_wconf 86' lang='lat' dir='ltr'>q.</span> <span class='ocrx_word' id='word_1_265' title='bbox 919 4439 961 4487; x_wconf 90' lang='lat'>40.</span> <span class='ocrx_word' id='word_1_266' title='bbox 979 4439 1023 4475; x_wconf 86' lang='lat' dir='ltr'>art.</span> <span class='ocrx_word' id='word_1_267' title='bbox 1045 4440 1065 4475; x_wconf 91' lang='lat'>1.</span> <span class='ocrx_word' id='word_1_268' title='bbox 1083 4430 1114 4475; x_wconf 85' lang='lat' dir='ltr'>ad</span> <span class='ocrx_word' id='word_1_269' title='bbox 1132 4426 1216 4476; x_wconf 83' lang='lat' dir='ltr'>finem.</span> <span class='ocrx_word' id='word_1_270' title='bbox 1236 4426 1340 4477; x_wconf 82' lang='lat' dir='ltr'>Covarr.</span> <span class='ocrx_word' id='word_1_271' title='bbox 1355 4433 1387 4480; x_wconf 86' lang='lat' dir='ltr'>ad</span> <span class='ocrx_word' id='word_1_272' title='bbox 1475 4468 1483 4482; x_wconf 87' lang='lat'><em>.</em></span> 
     </span>
     <span class='ocr_line' id='line_1_34' title="bbox 212 4510 1385 4577; baseline 0.012 -22"><span class='ocrx_word' id='word_1_273' title='bbox 212 4522 263 4567; x_wconf 74' lang='lat' dir='ltr'>rog.</span> <span class='ocrx_word' id='word_1_274' title='bbox 279 4520 419 4568; x_wconf 75' lang='lat' dir='ltr'>peecatum.</span> <span class='ocrx_word' id='word_1_275' title='bbox 428 4513 449 4568; x_wconf 71' lang='lat'>5.</span> <span class='ocrx_word' id='word_1_276' title='bbox 468 4522 506 4560; x_wconf 89' lang='lat' dir='ltr'>ro.</span> <span class='ocrx_word' id='word_1_277' title='bbox 524 4522 549 4558; x_wconf 84' lang='lat' dir='ltr'>et</span> <span class='ocrx_word' id='word_1_278' title='bbox 571 4524 608 4558; x_wconf 86' lang='lat' dir='ltr'>rr.</span> <span class='ocrx_word' id='word_1_279' title='bbox 632 4510 735 4561; x_wconf 88' lang='lat' dir='ltr'>⁴conc1.</span> <span class='ocrx_word' id='word_1_280' title='bbox 745 4528 769 4561; x_wconf 74' lang='lat' dir='ltr'>o.</span> <span class='ocrx_word' id='word_1_281' title='bbox 780 4513 840 4562; x_wconf 84' lang='lat' dir='ltr'>item</span> <span class='ocrx_word' id='word_1_282' title='bbox 853 4526 899 4563; x_wconf 81' lang='lat' dir='ltr'>art.</span> <span class='ocrx_word' id='word_1_283' title='bbox 913 4529 936 4572; x_wconf 77' lang='lat' dir='ltr'>s.</span> <span class='ocrx_word' id='word_1_284' title='bbox 951 4528 975 4564; x_wconf 83' lang='lat' dir='ltr'>et</span> <span class='ocrx_word' id='word_1_285' title='bbox 985 4530 1009 4576; x_wconf 91' lang='lat'>4.</span> <span class='ocrx_word' id='word_1_286' title='bbox 1019 4529 1043 4565; x_wconf 89' lang='lat' dir='ltr'>et</span> <span class='ocrx_word' id='word_1_287' title='bbox 1054 4520 1144 4566; x_wconf 88' lang='lat' dir='ltr'>coroll.</span> <span class='ocrx_word' id='word_1_288' title='bbox 1163 4532 1187 4567; x_wconf 83' lang='lat' dir='ltr'>a.</span> <span class='ocrx_word' id='word_1_289' title='bbox 1197 4530 1221 4567; x_wconf 86' lang='lat' dir='ltr'>et</span> <span class='ocrx_word' id='word_1_290' title='bbox 1233 4532 1255 4576; x_wconf 77' lang='lat'>3.</span> <span class='ocrx_word' id='word_1_291' title='bbox 1268 4523 1351 4568; x_wconf 76' lang='lat' dir='ltr'>conci.</span> <span class='ocrx_word' id='word_1_292' title='bbox 1361 4534 1385 4577; x_wconf 84' lang='lat'>7.</span> 
     </span>
    </p>
   </div>
   <div class='ocr_carea' id='block_1_11' title="bbox 0 0 1734 5434">
    <p class='ocr_par' dir='ltr' id='par_1_11' title="bbox 0 0 1734 5434">
     <span class='ocr_line' id='line_1_35' title="bbox 0 0 1734 5434; baseline 0 0"><span class='ocrx_word' id='word_1_293' title='bbox 0 0 1734 5434; x_wconf 95' lang='lat' dir='ltr'> </span> 
     </span>
    </p>
   </div>
  </div>
 </body>
</html>
