3450 5434
344 638 402 699 118
622 656 669 701 na
692 656 784 720 June
811 652 995 701 rannone.
1021 649 1102 702 cnr.
1129 654 1211 701 vni.

340 806 403 871 diis
431 821 617 891 grassantur
641 815 661 874 ¹.
707 810 799 875 Quin
822 807 901 873 olim
924 808 1059 890 punitos
1082 807 1179 873 etiam
1209 805 1354 887 scimus,
1380 804 1439 888 qui
1463 804 1514 870 in·

336 918 432 1000 jussu
451 918 681 1001 imperatorum
704 920 860 986 adversus
880 919 1008 985 hostem
1031 937 1097 982 rern
1122 916 1272 1000 quamvis
1293 918 1375 981 bene
1398 914 1515 999 gessis

339 1042 411 1094 sent
427 1034 458 1107 ²,
483 1043 650 1094 utcontra
672 1030 788 1095 merito
812 1030 962 1093 laudatur
987 1028 1069 1112 Cyri
1085 1028 1270 1109 illemiles,
1293 1026 1352 1108 qui
1363 1026 1514 1092 strictum

335 1138 401 1221 jam
424 1158 533 1203 ensem
558 1140 591 1204 in
613 1140 739 1223 proelio
763 1140 939 1222 repressit,
963 1139 1061 1204 simul
1093 1138 1239 1222 receptui
1269 1136 1362 1221 signa
1389 1136 1517 1201 cecine-

178 1247 418 1349 fss?,·{{·1¹',{¹·ra11t·
460 1249 561 1337 suste
591 1253 703 1336 igitur
730 1249 849 1315 bellum
879 1262 1013 1314 catenus
1034 1249 1161 1315 subditi
1178 1260 1324 1335 gerunt,
1349 1262 1515 1331 quatenus

335 1362 488 1444 superior
496 1359 604 1445 jubet.
649 1360 724 1425 Hoc
746 1360 773 1426 si
794 1360 828 1425 in
858 1359 1044 1425 actionibus
1068 1357 1207 1442 singulis
1229 1376 1343 1424 verum
1368 1371 1440 1437 est,
1466 1369 1514 1421 et-

335 1468 398 1534 iam
421 1468 455 1532 in
476 1470 596 1552 praeda
617 1472 763 1538 obtineat
781 1490 912 1537 necesse
935 1468 1031 1553 est³,
1050 1490 1140 1552 quae
1163 1470 1352 1535 utexbello
1366 1466 1515 1533 nascitur

335 1580 380 1645 ita
406 1580 461 1664 jus
492 1581 644 1663 sequitur
673 1581 763 1647 belli.
811 1582 897 1646 Cum
922 1598 998 1665 ergo
1020 1581 1106 1646 bella
1128 1595 1280 1663 respectu
1303 1578 1512 1644 subditorum

331 1692 421 1775 justa
441 1692 508 1755 sint
539 1691 729 1773 utrimque,
753 1692 803 1756 uti
836 1691 1092 1756 demonstratum
1115 1704 1164 1756 est
1186 1694 1223 1771 ⁴,
1248 1709 1330 1771 quae
1350 1686 1513 1771 probabili

334 1801 538 1884 superiorum
571 1802 706 1884 imperio
727 1817 908 1887 geruntur,
933 1801 1087 1882 sequitur
1108 1814 1141 1866 et
1171 1800 1321 1883 praedam
1344 1798 1513 1880 utrimque

333 1930 400 1977 non
434 1912 555 1996 injuste
588 1913 661 1995 cepi
694 1928 794 1993 atque
825 1913 921 1978 etiam
953 1912 1042 1977 licite
1075 1910 1207 1976 retineri
1239 1919 1264 1975 ⁸.
1323 1910 1393 1974 Cur
1425 1907 1512 1973 enim

333 2022 437 2106 magis
457 2022 588 2104 rapinae
610 2022 811 2088 conscientie
831 2036 1004 2107 gravetur,
1028 2021 1174 2103 quirem
1196 2020 1350 2087 hostilem
1372 2019 1513 2084 donante

334 2133 502 2216 republica
534 2149 591 2199 aut
618 2134 809 2219 magistratu
842 2132 981 2216 accipit,
1005 2152 1079 2198 cum
1103 2130 1169 2197 illis
1193 2131 1335 2197 donandi
1356 2131 1411 2214 jus
1443 2148 1513 2195 esse

334 2258 449 2327 putet,
474 2264 571 2325 quam
594 2244 726 2324 caedis,
748 2244 776 2308 si
808 2264 906 2326 quern
931 2242 1044 2310 iisdem
1066 2242 1261 2327 jubentibus
1283 2240 1438 2308 occidat?
1461 2242 1513 2306 An

334 2354 363 2421 si
386 2375 452 2420 rem
481 2355 645 2421 sententia
674 2354 871 2438 publicatam
896 2374 914 2419 a
940 2353 1020 2421 fisco
1044 2372 1145 2418 emam
1170 2352 1252 2418 nihil
1273 2351 1355 2417 mihi
1379 2351 1419 2417 de
1442 2353 1515 2436 ejus

335 2465 514 2532 sententiae
546 2465 675 2550 justitia
696 2484 828 2532 necesse
851 2464 914 2531 erit
936 2464 1124 2547 inquirere,
1147 2464 1181 2528 in
1205 2464 1292 2529 bello
1316 2477 1514 2528 autemnon

335 2575 420 2641 idem
442 2576 692 2642 observabitur?
718 2578 821 2642 Recte
845 2575 948 2660 igitur
967 2574 1114 2659 theologi
1128 2580 1139 2615 ⁶
1153 2573 1319 2639 affirmant
1341 2592 1432 2653 eum,
1454 2570 1514 2653 qui

337 2689 423 2753 bona
446 2686 512 2753 fide
532 2688 703 2773 pugnavit,
728 2704 801 2753 tuto
825 2687 945 2766 etiam,
969 2686 1060 2767 quod
1081 2685 1121 2750 ad
1140 2683 1371 2751 conscientiam
1382 2682 1515 2757 attinet,
1565 2706 1569 2713 ⁴

336 2818 386 2863 res
412 2799 498 2865 bello
519 2814 630 2882 captas
650 2800 794 2865 detinere
817 2812 871 2878 et,
889 2797 1039 2879 quamvis
1060 2811 1173 2879 postea
1194 2796 1234 2861 de
1255 2794 1332 2861 belli
1352 2792 1515 2881 injustitia

337 2908 524 2989 erudiatur,
556 2911 598 2975 ad
627 2930 662 2975 ea
694 2925 800 2975 tamen
824 2927 908 2990 quae
940 2906 1122 2972 consumsit
1153 2904 1353 2972 restituenda
1377 2922 1444 2969 non
1467 2918 1515 2967 tc-

336 3020 430 3101 neri,
460 3020 522 3087 nisi
552 3022 585 3085 in
615 3034 774 3101 quantum
798 3018 906 3085 factus
930 3032 980 3085 est
1009 3017 1216 3101 locupletior.
1260 3016 1395 3097 Semper
1427 3014 1513 3080 eninr
1588 3060 1591 3065 ,

336 3131 401 3197 hoc
423 3130 632 3215 privilegium
662 3130 767 3196 bonae
789 3128 865 3196 fidei
889 3128 1136 3212 possessoribus
1159 3126 1339 3210 competit,
1363 3146 1432 3208 quo
1454 3145 1515 3192 no-

337 3241 424 3306 minc
441 3261 515 3307 cum
535 3259 648 3305 omnes
669 3240 1000 3322 comprehendamus,
1014 3239 1072 3321 qui
1094 3259 1160 3304 rem
1183 3260 1201 3303 a
1220 3258 1286 3303 non
1308 3236 1441 3303 domino
1461 3257 1515 3301 ac·

337 3366 493 3434 ceperunt
526 3371 623 3432 quem
653 3349 821 3416 dominum
850 3352 1012 3433 putabant
1034 3352 1046 3391 ⁷
1070 3370 1109 3415 eo
1142 3350 1264 3429 titulo,
1285 3346 1343 3430 qui
1368 3368 1387 3411 a
1409 3346 1515 3412 dorni·

337 3483 381 3527 no
403 3482 483 3527 vero
505 3460 685 3527 dominium
709 3461 929 3526 transtulisset
949 3461 985 3542 ⁸,
1010 3460 1161 3526 subditos
1195 3460 1270 3525 illos
1298 3478 1364 3522 non
1396 3476 1517 3539 possu-

337 3593 410 3639 mus
442 3572 625 3638 excludere.
671 3572 780 3637 Datur
801 3573 886 3639 enirn
910 3573 1028 3656 praeda
1048 3571 1210 3652 subditis,
1234 3584 1272 3635 ut
1294 3568 1372 3635 alibi
1395 3564 1517 3634 ‘dice-

337 3704 429 3759 mus‚
453 3684 586 3766 publica
608 3681 819 3748 concessione
840 3698 873 3748 et
883 3686 977 3749 velut
996 3684 1102 3748 dono:
1124 3681 1182 3764 qni
1199 3682 1310 3765 iustus
1322 3694 1372 3746 est
1383 3680 1515 3745 titulus.

338 3795 501 3881 Quisquis
532 3808 638 3860 autem
671 3793 902 3877 rempublicam
936 3808 994 3860 aut
1022 3793 1244 3877 magistratum
1272 3792 1361 3877 juste
1393 3791 1515 3855 bellurn

340 3984 533 3995 -——-·—-

373 4078 468 4126 ¹Vict.
491 4092 515 4125 n.
537 4090 576 4134 53.
597 4077 660 4125 silv.
676 4076 703 4124 in
721 4092 746 4125 v.
761 4079 868 4125 Bellum.
890 4090 911 4125 1.
930 4080 951 4135 §-
973 4090 1010 4124 rr.
1030 4079 1114 4125 concl.
1132 4089 1156 4137 4.
1191 4072 1281 4122 ⁹Sllv.
1300 4070 1334 4120 ib.
1352 4075 1374 4130 ξ.
1392 4083 1415 4129 7.
1431 4072 1517 4119 conci.

339 4174 362 4218 8.
380 4171 456 4218 Mart.
474 4170 549 4217 Laud.
567 4182 594 4228 q.
613 4182 653 4216 22.
670 4181 716 4227 per
734 4170 751 4215 l.
771 4169 862 4216 desert.
877 4170 899 4225 ᾖ.
918 4166 943 4215 in
961 4164 1036 4215 bello.
1055 4166 1080 4213 ff.
1099 4168 1130 4213 tle
1148 4178 1175 4212 re
1192 4164 1247 4211 mil.
1266 4163 1311 4225 [D.
1327 4175 1370 4223 49.
1392 4162 1430 4209 16.
1449 4173 1474 4219 3.
1493 4162 1517 4222 5,

341 4259 391 4324 rs]
411 4274 436 4309 et
453 4274 477 4321 q.
495 4272 536 4322 47.
570 4257 629 4305 ⁸V.
648 4260 733 4306 concl.
751 4272 776 4316 3.
809 4256 931 4305 ⁴coroll.
948 4270 971 4305 c.
990 4268 1014 4313 7.
1047 4255 1136 4304 ‘silu
1155 4255 1180 4304 in
1200 4271 1225 4304 v.
1242 4252 1393 4303 Restitutio.
1411 4266 1436 4313 p.
1454 4252 1518 4313 Μ,

338 4365 362 4409 7.
380 4352 425 4400 ibi.
441 4350 551 4399 tertium.
585 4346 673 4397 ⁶Silv.
700 4349 726 4395 in
750 4363 776 4397 v.
801 4349 907 4396 Bellum.
931 4347 952 4407 §.
973 4360 1011 4394 ιο.
1030 4349 1114 4395 concl.
1133 4359 1156 4403 ³·
1174 4346 1242 4394 Vict.
1265 4359 1289 4393 n.
1315 4357 1355 4402 33.
1380 4342 1461 4400 Caiet.
1487 4342 1515 4391 in

338 4446 428 4492 summ.
446 4454 519 4501 pecc.
537 4441 562 4488 in
581 4455 607 4487 v.
623 4438 688 4487 Belli
706 4440 802 4487 damna.
836 4436 847 4473 ⁷
866 4439 926 4486 lnst.
943 4439 975 4485 de
991 4450 1040 4485 rer.
1058 4437 1112 4486 dlv.
1130 4440 1152 4495 §-
1169 4436 1190 4485 si
1213 4435 1272 4496 quis
1295 4448 1309 4483 a
1326 4446 1379 4483 non
1397 4434 1513 4483 domim.

339 4530 371 4594 [l.
395 4547 417 4580 a.
444 4536 504 4589 μθ.
523 4531 576 4593 35.]
611 4530 656 4577 ³1.
674 4526 762 4577 honae.
780 4528 806 4577 ff.
824 4530 856 4586 cle
875 4528 947 4577 verb.
966 4527 1029 4589 sign.
1050 4526 1093 4591 [D.
1111 4540 1149 4582 50·
1171 4527 1209 4575 16.
1230 4526 1299 4588 roo]
1334 4523 1395 4575 lc..
1408 4538 1446 4573 ιο.
