3450 5434
490 667 536 712 DE
560 667 653 732 June
679 665 868 711 PRAEDAE·
895 665 976 710 CAP·
1003 665 1079 712 XIV.
1307 663 1368 726 309

198 847 257 901 ra,
290 840 328 890 ut
361 824 503 912 singulis
533 823 717 889 hominibus
742 845 780 888 ne
804 822 949 908 amplius
973 843 1073 908 quam
1104 821 1255 908 singulas
1276 835 1369 886 artes

198 959 286 1002 nosse
317 937 428 1003 liceat.
474 936 609 1024 Quanto
642 936 745 1021 igitur
776 935 878 1020 magis
903 935 935 1000 id
968 937 1172 1020 probandum
1197 950 1269 1016 est,
1294 956 1368 1001 cum

197 1070 247 1115 ars
271 1052 369 1115 altera
392 1065 441 1114 est
462 1050 502 1114 ab
524 1050 706 1131 electione,
732 1051 830 1114 altera
843 1069 860 1114 a
874 1049 1066 1115 necessitate
1083 1049 1260 1116 assumitur
1272 1062 1370 1130 atque

198 1162 243 1227 ita
264 1152 447 1245 comparata
466 1176 536 1242 est,
560 1177 597 1226 ut
620 1162 721 1244 priori
742 1161 921 1244 inserviat,
947 1161 1038 1244 quod
1059 1161 1130 1226 sine
1153 1162 1214 1226 hac
1237 1159 1291 1226 illa
1312 1161 1370 1225 ob·

197 1274 293 1340 tineri
325 1293 391 1340 non
425 1273 557 1358 possit?
591 1275 712 1356 Neque
748 1295 827 1340 vero
859 1274 1120 1340 Atheniensibus
1153 1288 1299 1354 tantum,
1334 1263 1372 1338 ut

197 1386 353 1451 historiae
389 1405 452 1452 nos
486 1387 628 1465 docent,
664 1403 720 1452 aut
762 1386 1089 1471 Carthaginiensibus
1132 1384 1298 1466 hodieque
1340 1399 1372 1450 et

198 1498 381 1580 antiquitus
405 1497 486 1581 ipsis
508 1498 679 1563 Lusitanis
702 1498 950 1565 usitatissimum
965 1498 1030 1564 fuit
1041 1513 1253 1564 mercaturam
1274 1497 1370 1561 armis

198 1608 349 1690 munire,
381 1611 439 1675 sed
469 1626 501 1675 et
531 1626 658 1676 veteres
679 1611 816 1693 Batavi,
839 1611 1035 1677 sanctissimi
1057 1626 1088 1675 et
1111 1607 1371 1676 innocentissimi

199 1722 262 1788 viri
277 1738 326 1815 xet
357 1743 443 1804 quos
475 1722 594 1788 imitari
614 1744 710 1807 posse
742 1746 801 1808 pro
832 1745 957 1793 summa
985 1725 1108 1790 virtute
1130 1737 1201 1804 est,
1227 1723 1372 1804 exempla

199 1833 338 1918 posteris
361 1835 432 1919 eJus
455 1835 501 1900 rei
523 1835 663 1919 insignia
684 1837 906 1919 reliquerunt:
931 1857 1071 1920 quorum
1094 1857 1110 1901 e
1133 1836 1245 1902 multis
1269 1854 1371 1900 unum

200 1945 348 2014 referam.
396 1945 485 2011 Olim
509 1947 687 2013 maritimae
711 1947 948 2015 Germanorum
972 1949 1144 2030 civitates,
1163 1967 1230 2030 quo
1243 1947 1373 2012 nomine
1387 1949 1456 1994 Anno
1471 1952 1532 2006 ¹4³⁸·

199 2059 339 2124 veniunt
370 2057 546 2139 Lubecca,
583 2059 832 2145 Hamburgum,
872 2061 1070 2142 Gedanum,
1108 2061 1370 2144 Lunoburgum,

201 2170 413 2250 Vismarum,
449 2171 691 2248 Rostoehium,
728 2173 845 2237 Zunda
878 2189 909 2238 et
939 2173 1043 2254 aliae,
1068 2172 1191 2256 quibus
1214 2171 1372 2236 Prutheni

202 2297 404 2348 accesserant
428 2297 460 2347 et
484 2282 623 2364 llispani
646 2284 833 2366 Venetique
857 2286 950 2369 (uam
975 2284 1063 2350 ethi
1088 2301 1157 2351 tum
1181 2283 1374 2367 septentrio-

201 2416 272 2461 nem
298 2393 539 2481 navigabant),
564 2409 741 2477 aucupatae
754 2395 964 2462 dissidiorum
978 2416 1115 2477 causas,
1138 2417 1276 2479 quarum
1289 2395 1374 2460 inter

200 2510 398 2573 aemulantes
430 2522 629 2572 mercaturae
662 2527 759 2572 causa
777 2526 955 2590 numquam
979 2509 1114 2592 penuria
1138 2525 1209 2589 est,
1234 2509 1374 2574 Batavos

201 2621 294 2685 nullo
327 2619 405 2684 belli
435 2634 551 2701 paratu
583 2619 681 2684 maria
707 2634 909 2701 permeantes
930 2635 1110 2703 coeperunt
1131 2620 1294 2702 spoliare,
1319 2641 1374 2686 oc-

200 2731 305 2797 cidere
322 2747 379 2797 aut
402 2733 434 2796 in
460 2730 665 2798 durissimam
690 2730 913 2814 captivitatem
937 2732 1111 2798 abducere.
1159 2733 1205 2796 At
1228 2731 1372 2814 illi,qui

201 2843 401 2928 gravissimis
423 2843 532 2909 vexati
555 2842 685 2928 injuriis
705 2859 822 2908 cuncta
847 2859 953 2908 tamen
978 2859 1051 2908 ante
1072 2843 1139 2909 vim
1162 2844 1297 2909 mallent
1320 2863 1373 2908 ex·

200 2955 321 3039 periri,
346 2955 485 3021 decretis
516 2954 738 3039 legationibus
762 2977 813 3022 res
836 2970 990 3038 repetunt
1012 2976 1048 3021 ac
1074 2955 1192 3041 jubent
1215 2974 1268 3020 eas
1292 2976 1375 3037 quas

202 3065 270 3132 dixi
294 3066 468 3148 civitates,
493 3066 556 3133 nisi
579 3086 683 3132 noxae
705 3067 960 3134 aestimationem
980 3067 1374 3152 persolverent,privatis

201 3177 381 3244 latrociniis
404 3177 560 3243 absistere
580 3192 611 3242 et
634 3194 745 3260 aperto
765 3179 799 3243 in
820 3194 986 3263 posterum
1000 3181 1108 3246 Marte
1120 3200 1230 3246 secum
1243 3195 1373 3246 certate.

202 3291 289 3356 Cum
309 3312 387 3357 veto
412 3289 595 3356 Germanos
617 3307 654 3356 ut
675 3307 792 3375 sponte
821 3293 888 3377 juri
922 3308 1072 3376 parerent
1095 3291 1258 3358 adducere
1282 3294 1374 3357 nullo

202 3403 300 3469 modo
330 3402 539 3486 potuissent,
574 3423 707 3469 assensu
738 3405 902 3488 Principis
934 3405 1021 3488 (erat
1053 3404 1082 3469 is
1107 3420 1176 3470 tum
1201 3404 1375 3487 Philippus

203 3515 474 3599 Burgundionum
498 3514 642 3600 primus)
666 3517 792 3582 cunctis
816 3517 849 3583 in
875 3516 1012 3583 urbibus
1034 3533 1157 3583 armant
1174 3517 1375 3600 implentque

204 3618 326 3707 naveS,
350 3627 472 3709 quibus
495 3648 571 3693 mox
595 3627 628 3692 in
649 3630 774 3693 hostem
788 3627 910 3694 invecti
922 3628 1136 3713 promulgatis
1149 3629 1374 3712 utplurimum

204 3739 336 3823 praeliis
368 3739 509 3805 feliciter
536 3759 602 3805 non
626 3740 735 3807 minus
759 3761 856 3823 quam
887 3740 1017 3805 fortiter
1047 3741 1297 3825 depugnarunt,
1331 3740 1375 3804 ita

204 3866 242 3917 ut
260 3851 351 3917 brevi
372 3853 480 3917 nullae
500 3851 533 3917 in
553 3873 675 3918 oceano
701 3872 801 3919 naves
822 3867 949 3936 praeter
961 3852 1129 3920 Batavicas
1148 3852 1374 3936 conspiceren-

205 3978 281 4045 tur,
306 3983 389 4045 quae
413 3964 446 4028 in
468 3965 567 4030 decus
586 3964 779 4049 multiplicis
800 3965 958 4032 victoriae
979 3964 1195 4031 everriculum
1217 3962 1376 4048 praefere-

209 4076 452 4162 bant,purgati
464 4077 561 4143 maris
582 4076 719 4163 insigne.
745 4079 868 4162 Captae
889 4097 955 4144 uno
974 4079 1096 4163 praelio
1108 4077 1226 4163 viginti
1244 4092 1377 4161 magnae

210 4186 451 4253 Germanorum
484 4208 607 4270 naves,
638 4189 856 4256 Pruthenicae
887 4206 976 4272 tres,
1012 4210 1140 4254 caracca
1163 4189 1290 4254 Veneta
1314 4207 1378 4254 una

215 4298 333 4365 referta
356 4301 499 4384 opibus,
525 4321 609 4382 quae
632 4301 717 4367 inter
737 4303 809 4368 illas
821 4302 1027 4368 versabatur:
1052 4301 1176 4367 haecin
1190 4301 1378 4366 Zelandiam

215 4428 329 4477 avecta
352 4428 411 4478 est.
457 4415 576 4478 Alte'ro
604 4414 722 4480 deinde
752 4414 908 4480 conflictu
933 4430 998 4480 tres
1022 4414 1101 4479 aliae
1124 4433 1223 4479 naves
1247 4433 1380 4497 magnae

216 4524 314 4590 molis
345 4523 377 4590 in
410 4535 600 4608 potestatem
636 4542 806 4592 venerunt.
853 4525 988 4610 Captivi
1021 4523 1250 4591 honestissime
1283 4525 1380 4591 habe·
