3450 5434
486 630 534 679 DE
557 630 652 699 jutus
677 628 835 676 PREDAE.
858 629 940 677 CAP.
962 628 1043 677 vlu.
1324 628 1366 692 97

239 786 342 875 Quod
372 783 492 852 Cicero
514 786 524 820 ¹
545 784 692 867 planius:
722 804 797 849 cum
830 786 899 850 sint
919 784 984 851 duo
1001 803 1127 871 genere
1148 781 1367 863 decernendi,

193 919 297 965 unum
324 912 388 985 per
416 896 708 983 disceptationem,
739 895 887 961 alterum
911 910 976 981 per
995 898 1087 976 sim,
1109 893 1366 983 confugiendum

192 1008 243 1075 ad
253 1012 445 1095 posterius,
466 1012 496 1073 si
513 1011 566 1072 uti
587 1006 749 1072 nonlicet
771 1010 950 1093 superiore.
979 1004 1197 1090 Thucydides
1217 1010 1229 1045 ¹
1251 1004 1365 1071 etiam:

191 1123 242 1189 ἐπὶ
260 1124 309 1189 τὸν
326 1122 408 1196 um
432 1124 545 1189 δίδονται
569 1124 602 1188 oi
628 1118 799 1201 ripuensis
817 1122 1018 1187 ier'eiiteeiere
1038 1120 1119 1186 iisne.
1154 1116 1196 1180 In
1216 1136 1288 1181 eum
1308 1118 1367 1201 qui

183 1228 355 1313 judicium
389 1232 538 1316 accipere
562 1241 712 1315 paratus
740 1220 807 1310 sit,
841 1227 938 1313 nefas
970 1242 1008 1293 ut
1039 1230 1075 1293 in
1108 1226 1276 1309 injurium
1303 1230 1364 1293 iri.

194 1339 399 1409 Theudorici
418 1339 432 1375 ⁸
453 1340 549 1407 etiam
579 1340 662 1405 illud
689 1359 757 1406 non
784 1339 967 1423 discrepat:
997 1340 1192 1408 ueniendum
1221 1352 1301 1403 tune
1321 1337 1369 1405 ad

193 1473 319 1533 arma,
338 1473 415 1517 eum
441 1451 546 1518 locum
576 1449 670 1537 apud
693 1450 929 1519 adversarium
940 1452 1084 1533 justitia
1104 1470 1168 1515 non
1185 1463 1294 1537 potest
1314 1469 1367 1515 re-

187 1568 316 1650 perire.
362 1562 441 1650 Quo
468 1578 500 1628 et
529 1542 613 1629 iliud
640 1582 682 1627 ex
713 1577 804 1645 parte
823 1576 968 1647 spectat,
992 1561 1084 1644 quod
1102 1580 1143 1627 ex
1164 1560 1367 1628 scholasticis

194 1674 339 1741 diximus
359 1679 393 1758 ⁸,
417 1692 492 1740 eum
518 1676 593 1758 jure
624 1674 745 1740 bellum
772 1676 861 1758 pati,
887 1674 946 1756 qui
969 1672 1156 1739 satisfacere
1178 1672 1273 1741 nolit.
1304 1672 1368 1737 Vi-

195 1785 310 1852 demus
330 1787 419 1851 hunc
441 1785 589 1851 ordinem
617 1785 658 1849 ab
681 1784 836 1852 Israelitis
858 1786 1066 1852 observatum
1088 1781 1124 1869 ⁵,
1147 1784 1206 1868 qui
1228 1785 1270 1850 de
1287 1783 1368 1851 viris
1411 1796 1413 1802 '

195 1896 329 1963 Gabrae
348 1896 548 1980 supplicium
566 1916 585 1961 a
606 1895 695 1962 tribu
716 1896 935 1981 Benjaminica
955 1896 1039 1965 sumi
1060 1898 1250 1975 voluerunt,
1274 1916 1369 1962 cum·

195 2029 262 2092 que
291 2008 325 2073 id
353 2028 419 2075 non
452 2008 662 2092 impetrarent
686 2022 756 2073 tum
786 2008 917 2075 demum
945 2008 1047 2075 tribui
1068 2011 1190 2075 bellum
1212 2007 1367 2075 indixere.

195 2120 301 2186 Etsic
316 2122 441 2205 justum
462 2120 590 2185 Minois
613 2119 735 2186 bellurn
759 2119 793 2185 in
811 2120 1031 2186 Athenienses
1042 2118 1211 2186 Diodorus
1223 2124 1236 2161 ⁸
1249 2135 1367 2202 vocat,

193 2231 274 2314 quia
301 2231 481 2315 postulanti
511 2231 667 2297 adversus
695 2230 756 2297 iiiii
787 2230 1014 2298 interfectores
1033 2231 1090 2316 jus
1110 2230 1272 2298 redditum
1300 2248 1368 2299 nou

193 2341 314 2409 fuerat.
359 2342 417 2408 Ad
435 2341 592 2408 arbitrum
612 2357 652 2407 ut
673 2357 764 2409 eatur
784 2343 958 2409 honestum
978 2360 1054 2409 sane
1078 2357 1150 2425 est,
1173 2344 1231 2409 sed
1250 2343 1370 2408 volun·

193 2454 335 2536 tarium,
358 2472 426 2519 non
445 2453 672 2520 necessarium.
698 2454 786 2520 Nam
809 2454 966 2520 arbitrum
987 2474 1167 2521 consensus
1188 2453 1285 2537 iacit,
1308 2474 1368 2521 nec

196 2566 372 2649 quimuam
389 2565 519 2650 cogitur
534 2565 612 2632 huic
628 2580 686 2630 aut
703 2565 751 2630 illi
763 2566 818 2649 jus
834 2583 932 2632 suum
951 2566 1145 2649 permittere.
1168 2565 1243 2633 Nos
1261 2580 1368 2634 autem

194 2696 347 2760 eaquae
375 2691 454 2743 sunt
483 2678 663 2745 necessaria
693 2693 887 2763 spectamus.
932 2677 1079 2760 Apparet
1098 2697 1176 2762 ergo
1198 2696 1237 2743 ex
1258 2679 1450 2762 regularum
1462 2696 1501 2745 u·

196 2790 416 2855 nonabeilurn
436 2802 632 2872 suscepturo
652 2788 815 2873 duplicem
834 2788 958 2871 imponi
980 2787 1218 2855 necessitatem.
1257 2788 1368 2855 Primo
1380 2756 1487 2802 ‘'⁸⁴⁸⁸‘'

196 2899 284 2966 enim
310 2899 472 2985 judicium
492 2899 695 2967 offerendum
719 2914 769 2967 est
790 2900 988 2983 reipublicae
1009 2919 1028 2965 a
1046 2918 1111 2983 qua
1133 2900 1273 2985 cujusve
1296 2899 1369 2966 cive

196 3010 381 3094 quidquam
411 3025 550 3094 petatur.
606 3011 735 3078 Deinde
764 3032 800 3077 ea
832 3010 862 3077 si
895 3012 980 3079 desit
1010 3011 1141 3094 officio,
1175 3010 1273 3077 debet
1302 3029 1370 3077 res-

195 3122 331 3205 publica
358 3122 429 3205 ipsa
459 3142 543 3205 quae
567 3124 653 3189 laesa
684 3136 734 3188 est
762 3121 902 3207 cujusve
935 3122 1020 3189 civis
1046 3121 1130 3189 ferre
1163 3122 1368 3191 sententiam.

196 3232 295 3299 Prius
313 3232 395 3299 illud
416 3234 488 3317 iure
507 3233 616 3300 fecinii
635 3234 881 3315 Romanorum,
898 3254 1005 3317 neque
1026 3252 1102 3300 sane
1121 3253 1201 3319 gens
1220 3236 1288 3301 ulla
1308 3235 1368 3301 hac

197 3341 233 3409 in
255 3358 347 3427 parte
368 3343 552 3429 religiosior
572 3344 657 3425 fuit,
683 3345 868 3432 clarigatio
897 3359 953 3413 aut
975 3365 1088 3411 rerum
1112 3349 1265 3433 repetitio
1288 3344 1512 3459 dicionem.

196 3468 253 3519 tur
271 3458 295 3521 ².
339 3454 426 3521 Nam
457 3475 564 3521 rerum
598 3454 843 3539 repetendarum
874 3456 1005 3522 nomine
1036 3455 1164 3542 egregie
1199 3456 1335 3523 Servius
1356 3460 1513 3568 'xmp

197 3584 327 3632 omnem
346 3566 497 3650 iniuriam
514 3566 598 3633 dicit
614 3566 786 3634 contineri.
808 3568 873 3635 Est
893 3568 977 3634 enim
998 3582 1030 3633 et
1049 3567 1094 3633 rei
1115 3582 1148 3633 et
1167 3568 1369 3651 repetitionis

197 3696 318 3743 nomen
339 3678 499 3763 generale.
544 3679 646 3767 Quod
668 3694 775 3746 autem
797 3682 984 3762 postulatur
1011 3678 1128 3762 triplex
1158 3692 1225 3746 est:
1249 3679 1369 3762 reddi,

197 3785 380 3870 satisfieri,
403 3788 500 3855 dedi:
524 3789 598 3855 dedi
617 3804 724 3855 autem
746 3808 813 3856 non
836 3789 1042 3873 simpliciter,
1065 3790 1123 3855 sed
1141 3807 1200 3868 aut
1219 3791 1293 3858 dedi
1314 3808 1371 3859 aut

197 3897 430 3965 animadverti:
462 3920 516 3967 ex·
531 3905 603 3987 lege
635 3900 760 3968 scilicet
791 3902 935 3968 secunda
966 3900 1118 3985 opposita
1150 3918 1305 3985 quartae,
1330 3924 1369 3970 ex

231 4168 348 4219 ¹deoff.
368 4168 432 4235 [ir.
448 4186 472 4222 c.
490 4172 636 4237 rusae]
654 4176 729 4223 Adde
746 4176 810 4223 sam.
828 4188 853 4224 a.
871 4187 910 4223 20.
929 4187 966 4238 ¹9·
1000 4171 1190 4239 ²l.1.[c.8s.]
1226 4173 1370 4225 ’Cassiod

196 4260 257 4309 Vas.
280 4262 300 4309 l.
327 4274 350 4311 r.
377 4274 416 4321 η.
451 4262 505 4312 ⁴in
529 4278 569 4325 pr.
592 4278 616 4314 c.
642 4275 667 4324 7.
699 4262 785 4328 ‘Jud
803 4278 844 4315 eo.
877 4265 1016 4331 ⁶[Histor.
1034 4268 1052 4315 l.
1068 4279 1094 4328 4.
1111 4280 1135 4316 e.
1153 4264 1208 4329 dn]
1243 4263 1334 4316 ⁷1³lin.
1352 4268 1370 4315 l.

200 4363 240 4401 re.
258 4364 281 4401 c.
301 4364 323 4401 r.
356 4349 418 4403 'ad
434 4356 452 4402 1.
467 4366 492 4417 9.
515 4354 567 4418 [vs.
585 4354 632 4421 ss]
655 4368 681 4405 et
705 4358 724 4405 1.
752 4368 790 4405 ιο.
809 4355 861 4420 [vs.
881 4357 933 4419 14].
951 4356 1090 4407 Aeneidos.
1106 4358 1139 4405 V.
1155 4356 1232 4405 Briso.
1247 4357 1278 4407 de
1295 4357 1370 4406 somn.

199 4444 218 4491 1.
235 4444 296 4504 41.
315 4441 381 4493 uli.
399 4445 432 4495 de
449 4445 503 4495 reb.
521 4447 592 4497 cred.
619 4444 664 4511 [D.
689 4460 729 4497 ra.
749 4460 771 4497 r.
791 4445 825 4514 n]
844 4448 877 4496 V.
893 4448 993 4498 Festum
1010 4447 1036 4496 in
1054 4462 1081 4497 v.
1098 4446 1226 4511 Recipere
1243 4447 1282 4511 [p.
1299 4445 1370 4515 sau]

200 4536 219 4581 1.
234 4532 376 4585 restituere.
390 4537 423 4585 de
436 4536 499 4586 verb
526 4536 589 4598 sign.
608 4536 652 4601 [D.
671 4548 711 4594 so.
731 4538 769 4587 16.
786 4534 841 4602 sn]

1203 4624 1222 4685 7
