3450 5434
456 675 502 720 nn
526 676 619 740 June
646 677 828 723 susanna·
852 677 932 723 cnr.
959 677 1030 722 xrv.
1286 675 1348 741 305

165 832 301 916 juriam
325 843 395 893 tam
419 834 524 895 estin
549 834 653 909 vitio,
677 851 777 915 quam
801 831 859 894 ille
883 835 941 916 qui
956 831 1060 914 facit.
1108 832 1152 896 Et
1175 831 1261 897 sicut
1286 833 1347 897 hoc

176 943 215 1007 de
227 943 338 1021 socia,
351 941 395 1006 ita
407 943 447 1007 de
470 941 575 1024 patria
597 943 764 1008 luculenta
788 958 865 1007 sunt
888 941 948 1008 ista
961 941 1068 1008 Tullii
1085 947 1092 980 ¹
1107 942 1140 1007 in
1155 943 1349 1010 Catilinam:

177 1055 215 1117 Si
238 1075 293 1118 uos
316 1059 352 1119 iro
376 1054 646 1135 hishomiaibus,
671 1058 730 1139 qui
753 1053 904 1140 singulas
929 1056 1348 1140 uuiuscujusqueuostrum

177 1164 284 1231 domos
308 1180 339 1229 et
363 1168 420 1229 lsoc
445 1169 636 1233 uniuersum
660 1165 864 1251 reipublicae
887 1165 1088 1231 domicilium
1111 1165 1219 1232 delere
1239 1171 1351 1232 eonati

178 1291 279 1358 suat,
303 1279 577 1343 uehementissimi
589 1276 786 1361 fuerimus,
811 1277 1038 1344 misericordes
1058 1260 1276 1344 habebimur:
1302 1283 1353 1343 sin

181 1392 382 1453 remissiores
415 1410 480 1452 esse
513 1388 740 1471 uoluerimus,
765 1411 910 1454 summae
944 1391 1034 1456 uobis
1068 1390 1283 1456 crudelitatis
1318 1394 1353 1454 ia

177 1505 317 1586 patriae
338 1503 525 1585 ciuiumque
541 1504 724 1585 perniciem
730 1501 831 1585 fatua
843 1501 1014 1568 subeunda
1026 1517 1083 1568 est.
1107 1503 1150 1567 Et
1163 1502 1353 1586 Augustino

180 1612 292 1696 judice
315 1614 378 1678 hoe
402 1611 461 1693 qui
484 1610 584 1692 facit,
609 1633 683 1678 reus
707 1627 757 1678 est
780 1613 906 1695 imperii
928 1614 1048 1680 deserti
1068 1629 1167 1697 atque
1188 1613 1354 1680 contemti.

182 1725 326 1809 Itaque,
360 1725 497 1809 subjicit
517 1727 552 1805 ²,
586 1724 672 1790 uude
698 1729 848 1809 punitur
880 1729 909 1789 si
936 1726 1062 1810 feeerit
1086 1728 1254 1812 injussus,
1279 1727 1355 1792 iuda

176 1841 342 1921 punietur
361 1841 390 1901 si
409 1859 472 1900 aon
484 1836 610 1920 feeerit
620 1837 749 1920 jussus.
787 1837 904 1902 Altero
925 1839 998 1903 loco
1018 1837 1237 1921 inspiciendae
1257 1853 1355 1919 sunt,

137 1966 139 1969 ·
182 1962 219 2012 ut
250 1947 342 2029 dixi,
367 1968 542 2031 personae,
566 1969 649 2029 quae
681 1947 807 2030 priores
840 1966 1036 2015 nocuerunt.
1084 1951 1170 2015 Nam
1201 1950 1228 2016 si
1252 1950 1357 2034 liquet

186 2080 239 2126 eas
271 2059 403 2124 lenitate
436 2079 501 2125 non
535 2059 677 2143 corrigi,
710 2058 736 2125 si
772 2080 808 2125 ea
833 2076 912 2126 sunt
935 2061 1033 2126 animi
1056 2061 1262 2144 pervicacia,
1297 2078 1355 2143 ut,

183 2172 275 2253 quod
300 2171 332 2238 in
356 2173 455 2236 mimo
480 2185 549 2251 est,

353 2283 502 2348 Veterem
527 2284 670 2368 ferendo
704 2286 869 2369 injuriam
902 2289 1023 2352 iuuites
1055 2305 1196 2367 uotam,

187 2395 270 2460 ultio
295 2415 372 2463 sane
390 2395 442 2461 sui
463 2397 599 2460 honesta
620 2411 685 2476 est,
707 2396 785 2477 quia
803 2397 995 2462 necessaria.
1043 2397 1079 2461 In
1093 2414 1203 2478 ’quam
1227 2411 1355 2463 senten-

183 2507 260 2571 tiam
274 2507 513 2592 Thucydides³
526 2509 626 2573 multa
650 2510 811 2589 praeclaro
835 2507 943 2587 dixit,
969 2522 1001 2572 et
1021 2509 1106 2572 inter
1127 2524 1249 2573 caetera
1274 2509 1357 2575 illud

183 2619 216 2682 in
231 2619 367 2684 Cleonis
379 2619 537 2684 concione
549 2619 733 2702 sapienter,
755 2619 978 2684 misericordia
1000 2634 1032 2684 et
1054 2619 1187 2685 lenitate
1212 2641 1353 2702 acquum

184 2751 253 2798 esse
277 2731 310 2795 in
333 2731 409 2797 illos
432 2732 503 2812 uti,
523 2732 581 2813 qui
606 2747 638 2796 et
660 2731 724 2814 ipsi
744 2731 889 2797 vicissim
911 2731 1134 2796 misericordia
1155 2747 1355 2812 moventur,

183 2858 240 2908 aut
256 2862 341 2925 quos
356 2863 431 2925 spes
452 2859 500 2910 est
518 2865 554 2908 ea
575 2865 608 2909 re
626 2845 667 2910 ad
687 2844 859 2909 amicitiam
879 2844 1022 2928 pertrahi
1039 2863 1157 2927 posse,
1178 2863 1244 2908 non
1259 2844 1354 2910 etiam

184 2955 216 3018 in
240 2957 324 3035 hos,
345 2956 469 3036 quibus
489 2971 645 3039 perpetua
667 2955 734 3022 odii
757 2975 854 3021 causa
877 2971 949 3036 est,
971 2955 1118 3038 quique,
1137 2955 1163 3022 si
1181 2955 1261 3038 ipsis
1280 2977 1352 3038 pat·

183 3082 297 3146 catur,
317 3085 382 3132 non
407 3087 445 3131 eo
468 3066 570 3150 magis
591 3069 704 3132 hostes
728 3086 799 3134 esse
823 3057 983 3132 desinent.
1030 3066 1101 3166 Qui
1125 3082 1157 3132 et
1180 3067 1257 3132 alibi
1277 3066 1287 3102 ⁴
1308 3068 1357 3132 in-

185 3180 314 3258 culcat,
338 3179 421 3244 nihil
453 3179 541 3245 hosti
565 3178 835 3259 concedendum,
860 3200 900 3244 ne
928 3200 962 3245 se
982 3179 1083 3263 jactet
1107 3179 1303 3245 insolentius
1327 3195 1360 3245 et

184 3292 324 3357 oblatam
337 3291 399 3356 sibi
423 3291 562 3376 gaudeat
582 3291 787 3357 occasionem
813 3291 915 3357 aliena
937 3290 1083 3357 bonitate
1103 3291 1266 3357 abutendi.
1292 3294 1358 3357 Ac·

186 3403 273 3468 cedit
297 3405 388 3485 quod
411 3403 634 3469 existimamur
658 3402 861 3468 infirmitatis
885 3404 998 3486 potius
1021 3419 1150 3470 nostrae
1163 3404 1362 3470 conscientia

186 3515 338 3580 hostibus
357 3515 531 3581 obstinatis
551 3515 760 3598 pepercisse,
781 3536 880 3597 quam
896 3515 987 3598 quod
1000 3515 1128 3582 veniam
1141 3518 1230 3582 ultro
1243 3515 1361 3582 facere-

186 3647 281 3709 mus,
315 3627 414 3693 etita
446 3628 594 3693 affectata
627 3626 771 3692 lenitatis
799 3626 883 3695 tama
918 3628 950 3692 in
976 3643 1176 3693 contemtum
1202 3628 1360 3694 vertitur:

186 3739 272 3804 unde
306 3739 393 3822 apud
427 3739 652 3806 Herodianum
688 3740 849 3805 Severus:
884 3739 973 3823 ὥςπερ
1007 3744 1036 3808 δὲ
1069 3740 1164 3808 ἄδικον
1196 3746 1229 3808 τὸ
1262 3743 1362 3825 ἄρχειν

184 3855 272 3935 ἔργων
314 3861 452 3935 πονηρῶν,
495 3855 582 3927 οὕτως
623 3853 755 3934 ἄνκνδρον
784 3856 817 3920 τὸ
849 3857 891 3935 pis
924 3854 1083 3934 aptorum
1118 3856 1361 3935 rspoairaotiuevov.

189 3963 300 4028 Sicuti
319 3965 481 4049 injustum
501 3977 546 4027 est
560 3964 662 4048 faeta
682 3967 785 4027 noxia
801 3967 950 4050 priorem
972 3967 1130 4049 coepisse,
1155 3967 1207 4027 ito
1237 3961 1365 4027 imbelle

194 4097 258 4139 noa
282 4076 398 4140 ulcisci
421 4075 541 4140 illotas
566 4070 729 4160 injurias.
777 4074 891 4161 Quid,
928 4074 954 4140 si
979 4091 1011 4140 et
1034 4076 1203 4158 ipsorum,
1228 4073 1286 4156 qui
1310 4074 1365 4138 de-

189 4315 372 4323 ——-—-—--

228 4464 235 4495 ¹
257 4464 284 4511 in
303 4463 380 4511 Catil.
396 4477 420 4524 4.
441 4462 477 4526 [c.
496 4464 519 4510 6.
538 4466 560 4521 5.
582 4462 632 4523 12.]
668 4460 727 4511 ²de
749 4463 822 4511 civit.
837 4462 896 4510 Dei.
913 4461 959 4509 lib.
978 4462 1093 4510 1.c.26.
1128 4459 1139 4493 ³
1155 4462 1199 4510 lib.
1217 4473 1239 4518 s.
1260 4459 1294 4524 [c.
1311 4461 1365 4525 40.]

188 4554 200 4584 ⁴
223 4555 339 4614 Thucyd.
358 4555 404 4603 lib.
424 4567 447 4610 5.
466 4553 491 4601 in
511 4556 572 4601 coll.
590 4557 649 4601 Ath.
665 4565 690 4601 et
706 4555 769 4601 Mel.
789 4551 824 4616 [c.
839 4567 880 4616 9⁵·
896 4565 920 4602 et
938 4567 960 4602 c.
972 4553 1025 4616 97.]

1196 4663 1237 4709 ΩΟ
