3450 5434
489 640 537 693 nr
559 644 653 714 June
680 644 1072 695 sternumentum.
1324 642 1367 710 9³

195 798 268 867 Hae
295 800 438 867 rationes
459 799 697 882 persuadebant
725 800 796 867 fieri
827 818 948 884 posse,
972 818 1168 883 quamquam
1188 817 1259 865 raro
1282 798 1366 865 forte

193 914 238 977 ob
261 911 516 980 imbecillitatem
549 907 682 977 naturae
711 913 894 993 humanae,
918 925 956 977 ut
976 910 1123 994 privatus
1144 910 1214 978 sine
1233 926 1365 995 peccato

192 1018 334 1105 aliquem
365 1016 482 1106 puniat
509 1040 550 1087 ex
580 1037 714 1088 naturae
744 1025 837 1107 lege,
867 1022 992 1106 fiatque
1024 1023 1265 1105 quodammodo
1286 1026 1367 1089 alter

192 1133 326 1201 alterius
357 1134 586 1219 magistratus,
628 1134 705 1199 duur
739 1148 846 1201 tamen
880 1132 913 1198 in
947 1151 985 1200 ea
1016 1136 1151 1216 qunque
1193 1133 1365 1229 punitione

190 1244 312 1331 judicis
339 1246 493 1312 adhibeat
522 1244 732 1329 religionem:
764 1245 856 1327 quod
883 1244 995 1311 multis
1018 1245 1217 1330 argumentis
1240 1243 1366 1309 firmare

194 1356 402 1425 castrensem
424 1362 433 1395 ¹
453 1356 565 1423 video.
619 1358 762 1424 quenta
787 1355 872 1422 enirn
884 1357 975 1441 jura
996 1370 1034 1421 ut
1048 1354 1277 1442 provideant,
1301 1376 1366 1420 non

192 1478 232 1530 ut
262 1480 402 1532 noceant
423 1463 619 1531 hominibus.
663 1466 782 1551 Neque
812 1465 852 1532 id
871 1466 960 1552 quod
977 1465 1294 1532 extraordinarium
1316 1476 1363 1531 est

193 1575 373 1642 ordinaria
392 1578 515 1644 habere
534 1575 709 1643 subsidia:
731 1597 787 1641 nec
810 1596 1005 1662 quemquam
1028 1580 1065 1641 in
1079 1576 1232 1663 periculo
1249 1580 1364 1644 uetari

192 1687 257 1752 sibi
276 1686 420 1774 aliisque
437 1688 629 1769 contulere,
649 1700 688 1751 ut
708 1692 739 1753 si
750 1691 899 1753 anautis
920 1690 957 1753 in
977 1685 1182 1773 naufragio,
1202 1691 1238 1751 in
1253 1688 1363 1752 morbo

191 1816 215 1862 a
234 1797 368 1863 medicis
389 1798 610 1865 destituatur.
642 1798 703 1863 Eat
722 1801 915 1863 necessitate
933 1810 965 1862 ct
987 1818 1027 1863 ne
1039 1798 1100 1882 jus
1120 1810 1269 1861 nostrum
1284 1811 1364 1883 per-

191 1921 248 1973 cat
273 1908 382 1975 multa
404 1913 579 1994 permitti,
602 1929 688 1994 quac
710 1908 799 1974 alias
822 1928 887 1973 nan
904 1911 1209 1994 permitterentur,
1232 1928 1364 1994 unaque

192 2038 230 2083 rc
249 2016 418 2101 deficiente
431 2019 479 2085 ad
493 2020 640 2087 aiteram
661 2022 810 2085 recurri.
833 2019 908 2083 Nec
930 2018 1022 2084 aliter
1043 2018 1182 2084 sensisse
1201 2018 1358 2085 videntur

191 2129 256 2195 viri
290 2130 510 2213 undequaque
528 2126 744 2210 doctissimi,
777 2130 979 2209 Connauus,
1020 2128 1212 2211 Vasquius,
1246 2129 1363 2197 Petrus

191 2240 318 2323 Faber,
353 2242 477 2322 quibus
508 2240 607 2326 adjici
637 2255 747 2324 potest
777 2241 906 2325 Ayala,
941 2238 1098 2306 Socinum
1130 2239 1294 2323 Nepotem
1329 2241 1362 2305 in

191 2352 276 2416 hane
297 2370 365 2417 rem
387 2352 530 2436 allegans
551 2351 572 2416 ².
608 2352 758 2418 Collecta
773 2350 819 2416 sit
834 2350 937 2436 igitur
953 2352 1036 2418 haec
1054 2352 1232 2417 sententia:
1257 2351 1521 2463 E⁶²⁶·fss”,1⁶,'·1¹'¹¹·

191 2480 254 2527 nus
267 2458 363 2543 juste
384 2462 505 2528 bellurn
521 2465 699 2547 priuatum
718 2464 922 2548 suscipitur,
946 2461 1289 2547 quatenusjudieiunt
1309 2462 1364 2529 de·
1440 2447 1446 2462 ⁸
1476 2448 1483 2463 ’

185 2569 272 2655 ficit.
327 2572 453 2639 Bellum
483 2594 561 2639 vero
593 2573 762 2656 publicum
797 2571 960 2640 interdum
994 2592 1033 2637 ex
1065 2572 1196 2640 defectu
1222 2573 1363 2658 judicii,

190 2681 355 2750 interdum
376 2702 417 2749 ex
443 2683 569 2769 judicio
588 2682 627 2749 fit
648 2692 674 2750 ³.
720 2683 773 2749 Ex
790 2682 921 2749 defectu
938 2682 1137 2766 judiciorum
1159 2684 1273 2750 eodem
1295 2702 1363 2767 quo

189 2790 354 2876 privatum
373 2794 484 2860 modo.
529 2794 667 2861 Accidit
687 2808 795 2860 autem
815 2794 879 2860 hoc
900 2793 1050 2875 quoties,
1074 2807 1112 2859 ut
1132 2794 1250 2861 Cicero
1269 2795 1281 2831 ³
1300 2795 1363 2889 ait,

189 2907 221 2968 ei
249 2909 310 2990 qui
337 2919 514 2991 expectare
544 2906 625 2973 uelit
648 2918 727 2971 ante
750 2905 881 2989 injusta
897 2919 1005 2991 poena
1028 2903 1150 2971 luenda
1172 2908 1238 2984 tit,
1262 2924 1362 2989 quarn

181 3016 285 3100 justa
314 3015 512 3101 repetenda,
550 3029 584 3083 et
615 3015 750 3082 omnino
785 3035 859 3081 cum
894 3034 944 3081 res
978 3032 1099 3081 moram
1129 3032 1195 3081 non
1228 3014 1361 3097 patitur.

189 3126 290 3192 Unde
320 3124 427 3208 liquet
457 3126 614 3211 injustum
645 3126 767 3193 bellum
790 3124 940 3193 inferenti
961 3126 1087 3210 J'ustum
1110 3124 1232 3191 bellum
1252 3124 1360 3193 referri

191 3234 262 3302 siue
278 3235 406 3321 judicio
422 3238 492 3303 ullo
510 3245 544 3317 ⁸,
577 3255 686 3319 neque
713 3236 785 3321 ejus
816 3235 894 3303 belli
913 3235 1193 3303 denuntiationem
1214 3236 1360 3319 requiri,

190 3362 229 3413 ut
249 3346 382 3414 feciales
402 3345 543 3415 Romani
564 3348 598 3414 in
619 3347 760 3413 Aetolos
780 3349 994 3414 decreverunt
1011 3355 1035 3413 ⁶.
1080 3347 1190 3431 Nam,
1214 3347 1302 3415 sicut
1322 3358 1361 3415 eti

190 3458 326 3525 Platone
358 3459 518 3526 Aelianus
551 3457 670 3541 refert,
705 3458 798 3540 quod
827 3458 868 3523 ad
900 3459 1151 3542 propulsandam
1179 3460 1360 3525 necessario

188 3569 341 3654 injuriam
369 3570 490 3635 bellum
516 3564 718 3652 suscipitur,
748 3569 784 3635 id
811 3588 879 3636 non
903 3590 920 3635 a
943 3588 1102 3653 praecone
1125 3584 1182 3637 aut
1203 3571 1360 3637 caducea-

188 3696 284 3763 tore,
316 3680 374 3747 sed
402 3681 443 3746 ab
463 3679 534 3764 ipsa
554 3694 670 3746 natura
690 3679 846 3747 indicitur
868 3680 1020 3762 idemque
1043 3681 1242 3747 censendum
1262 3696 1312 3747 est
1331 3681 1360 3748 si

190 3790 288 3877 legati
315 3789 454 3872 violati,
483 3790 614 3857 aliudve
644 3791 727 3872 quid
756 3790 879 3857 factum
912 3809 980 3872 quo
1002 3790 1146 3875 gentium
1168 3791 1366 3858 commercia·

188 3900 427 3967 dirimerentur.
471 3900 592 3982 Neque
613 3900 698 3967 euim
717 3900 878 3985 judicium
905 3900 1017 3967 haberi
1036 3914 1145 3984 potest
1169 3902 1208 3967 ab
1232 3901 1298 3968 illis
1318 3901 1359 3968 ad

189 4029 276 4093 quos
294 4025 369 4077 tuto
389 4010 510 4077 nemini
533 4010 629 4078 datur
653 4030 846 4078 commeare.
893 4011 981 4077 Illud
1003 4011 1132 4078 iuterim
1155 4012 1357 4095 notandum,

221 4256 230 4287 ¹
250 4268 321 4305 cour.
340 4268 397 4319 399.
430 4253 442 4289 ²
458 4257 541 4305 Coun.
568 4269 660 4305 comm.
685 4258 703 4305 l.
728 4271 750 4307 r.
769 4258 886 4320 d.'vaeq.
908 4260 1033 4307 controv.
1052 4256 1359 4318 postl.4.c.8.1²abr.

188 4348 437 4395 &minuam
454 4344 514 4396 flue,
531 4350 610 4411 Apula
626 4350 643 4395 l.
660 4360 682 4396 1.
699 4362 722 4398 c.
738 4360 800 4397 nu.
816 4360 879 4411 9.et
896 4364 917 4397 a.
935 4360 958 4406 l·
975 4362 1000 4398 n.
1021 4355 1046 4398 1.'
1059 4351 1116 4397 Soc.
1130 4358 1192 4396 tom.
1202 4359 1225 4404 n.
1237 4360 1308 4396 cous.
1318 4348 1359 4397 68.

187 4434 242 4484 ιν.
258 4433 316 4485 etl.
334 4438 409 4485 Gent.
425 4435 520 4495 dejure
533 4438 603 4487 belli.
622 4441 639 4486 l.
655 4452 679 4487 a.
695 4452 716 4487 c.
737 4452 759 4488 r.
776 4451 802 4488 et
818 4453 841 4488 a.
875 4438 952 4499 ⁴pro
966 4438 1025 4489 Mil.
1040 4437 1075 4503 [c.
1091 4452 1116 4500 4
1134 4442 1156 4497 l.
1175 4434 1226 4501 ro]
1261 4436 1359 4489 ‘Bald

187 4538 259 4574 cont.
278 4529 294 4573 l.
313 4538 337 4583 s.
355 4529 395 4582 ⁵8·
413 4528 516 4577 Grbriel
533 4542 589 4590 sup.
605 4540 669 4578 tent.
685 4543 711 4590 4
727 4529 785 4579 dist.
804 4542 842 4585 rs.
858 4543 883 4591 q.
901 4542 925 4591 4.
942 4542 1010 4579 orsu·
1027 4542 1049 4577 2.
1083 4527 1166 4579 ‘Lim
1182 4530 1199 4578 l.
1214 4528 1254 4586 36.
1271 4527 1306 4594 [a.
1320 4530 1357 4594 3.]
