3450 5434
513 581 560 625 DE
583 580 676 644 June
704 581 888 627 undenus.
913 581 994 628 CAP.
1019 581 1099 626 xru.
1323 582 1385 646 273

211 735 351 803 Romani
386 735 554 801 consulem
581 753 651 799 esse
680 735 864 800 Antonium
878 743 897 800 ¹.
943 734 989 798 Et
1013 735 1068 800 illo
1092 755 1175 816 quac
1200 754 1240 799 ex
1264 735 1385 800 oratio-

210 848 310 914 nibus
342 844 469 911 Tiberii
504 845 648 910 Gracchi
680 845 878 912 Plutarchus
909 843 919 878 ²
950 846 1132 929 excerpsit,
1178 847 1274 929 longe
1308 861 1385 911 sunt

211 959 399 1037 verissime,
420 957 481 1024 etsi
502 955 586 1021 forte
618 958 658 1020 ab
686 957 759 1038 ipso
782 975 849 1021 non
871 972 959 1021 recte
981 972 1146 1038 usurpata.
1194 955 1310 1022 Latine
1338 957 1384 1022 sic

212 1084 348 1135 sonunt:
373 1069 613 1132 Sacrosanctus
637 1081 684 1131 est
707 1068 888 1148 tribunos,
913 1071 994 1151 quia
1013 1066 1104 1152 plebi
1123 1081 1280 1132 secretus
1299 1068 1383 1150 ejus·

213 1203 275 1265 que
305 1179 457 1264 defensor
488 1192 560 1242 est:
593 1177 681 1262 qood
710 1182 739 1241 si
773 1192 923 1243 motetus
953 1177 1078 1264 plebem
1102 1191 1198 1244 vexet
1221 1179 1382 1263 injuriis,

206 1304 402 1376 potestatem
426 1291 494 1374 ejus
506 1288 688 1367 dissolvat,
703 1289 763 1372 jos
776 1288 876 1353 tollat
889 1286 1073 1374 suffragii,
1098 1293 1164 1372 ipse
1175 1292 1383 1374 magistratu

212 1423 244 1466 se
261 1403 439 1488 priuauit,
472 1398 549 1464 dum
583 1398 655 1462 alio
679 1402 789 1462 ommia
805 1398 925 1481 facit,
958 1419 1057 1484 qoam
1082 1419 1120 1462 ee
1145 1398 1180 1462 ob
1205 1419 1290 1484 quae
1313 1421 1382 1463 ma-

208 1516 396 1598 gistratum
419 1522 602 1594 acceperat.
649 1508 742 1572 Nam
766 1508 896 1592 alioqui
919 1511 948 1572 si
973 1507 1175 1592 Capitolium
1197 1512 1265 1573 iret
1286 1508 1383 1574 diro-

211 1637 306 1703 tom,
325 1623 479 1706 flammas
506 1618 652 1702 inferret
670 1619 815 1705 publicis
839 1619 1041 1701 naualibus,
1074 1620 1224 1684 adhucne
1241 1623 1382 1705 permit·

211 1731 328 1798 temdus
357 1745 439 1796 esset
459 1751 577 1815 gerere
599 1730 844 1794 tribunatum?
870 1731 919 1795 Et
942 1745 1052 1796 tomen
1076 1733 1155 1795 haee
1179 1734 1208 1795 si
1222 1730 1381 1815 faceret,

211 1842 319 1907 malus
351 1855 431 1906 esset
462 1841 644 1905 tribunus:
676 1854 714 1904 at
746 1861 819 1904 cum
842 1841 968 1925 plebem
992 1845 1136 1922 euertit,
1161 1863 1200 1906 me
1223 1842 1380 1906 tribunus

210 1953 352 2038 quidem.
398 1951 493 2037 Quae
526 1965 633 2015 autem
666 1969 736 2015 esse
768 1965 878 2033 potest
911 1966 968 2016 aut
998 1951 1116 2017 celsior
1147 1966 1204 2017 aut
1238 1953 1381 2017 sanctior

210 2078 354 2146 potestas
368 2083 425 2142 ea,
450 2082 548 2142 quant
561 2060 660 2126 hodie
682 2061 833 2126 nonnulli
845 2060 856 2093 ³
869 2061 1019 2127 tribuunt
1037 2061 1192 2126 Pontifici
1213 2063 1380 2140 Romanu,

211 2194 308 2256 quem
339 2188 458 2256 negant
488 2172 548 2237 ulli
581 2174 725 2237 lrumano
755 2170 860 2255 judici
893 2172 1086 2256 subjacere,
1121 2193 1195 2237 cum
1218 2193 1379 2240 summum

210 2285 292 2350 illud
315 2284 487 2366 Imperium
511 2301 577 2348 non
602 2281 814 2363 hominibus,
839 2283 898 2348 sed
921 2283 979 2348 uni
1000 2283 1074 2349 Deo
1088 2299 1254 2366 acceptum
1267 2283 1378 2349 ferat?

210 2396 256 2460 Et
287 2394 322 2460 hi
354 2410 461 2460 tamen
494 2392 639 2459 fatentur
672 2392 792 2474 Papam
826 2393 856 2459 si
878 2414 895 2457 a
918 2393 982 2459 fide
1015 2394 1180 2473 declinet,
1214 2415 1249 2461 se
1273 2395 1379 2477 ipsum

209 2504 297 2571 facto
319 2525 381 2571 suo
393 2505 574 2587 deponere:
594 2523 691 2587 posse
704 2519 811 2568 autem
824 2525 842 2568 a
854 2504 997 2569 concilio
1009 2505 1197 2587 depositum
1210 2506 1378 2571 declarati:

210 2617 288 2698 quia
310 2615 435 2681 scilicet
458 2615 600 2681 haeresis
621 2615 743 2680 directe
760 2629 921 2699 repugnat
933 2615 1134 2680 institutioni
1149 2615 1378 2683 Pontificatus.

209 2729 296 2793 Cum
320 2725 404 2792 enim
428 2725 545 2808 capitis
567 2725 686 2790 habere
709 2725 828 2790 debeat
850 2725 1031 2807 rationem,
1065 2741 1102 2790 ut
1125 2725 1225 2792 vitam
1248 2727 1377 2808 corpori

207 2839 366 2916 instillet,
398 2857 465 2901 uon
496 2851 606 2919 potest
629 2856 668 2902 eo
692 2839 792 2915 loco,
828 2835 1008 2918 inquiunt,
1044 2836 1179 2918 haberi,
1204 2846 1378 2919 postquam

207 2965 257 3015 est
291 2948 505 3032 spiritualiter
538 2961 698 3012 mortuus.
754 2947 840 3012 Nam
884 2948 1185 3029 quomodocunque
1225 2946 1377 3013 affectum

208 3076 329 3143 caput,
362 3059 422 3125 etsi
445 3061 618 3143 langueat,
647 3072 746 3140 caput
769 3073 894 3124 manet:
917 3058 1099 3140 praecisum
1121 3072 1256 3138 autem,
1280 3075 1378 3140 caput

209 3184 356 3236 nonest.
402 3171 479 3252 Ipso
502 3168 604 3252 igitur
625 3167 736 3246 facto,
761 3188 835 3233 cum
861 3183 974 3233 contra
997 3168 1134 3234 formam
1159 3168 1378 3235 institutionis

207 3283 338 3363 veniat,
351 3281 523 3363 perditjus
545 3299 641 3343 omne
664 3292 696 3343 et
718 3293 912 3360 potestatem
926 3282 947 3344 ⁴.
972 3280 1074 3366 Quod
1097 3279 1124 3345 si
1149 3280 1204 3346 ille
1223 3280 1379 3345 Pontifex
1393 3321 1420 3366 V,
1435 3323 1539 3387 „emin

207 3406 400 3475 potestatem
432 3393 495 3457 lroc
526 3389 625 3454 modo
658 3405 800 3471 ereptam
832 3391 929 3455 armis
961 3390 1130 3471 vindicet,
1164 3392 1246 3472 quin
1282 3392 1378 3458 armis
1392 3387 1539 3474 ξξξζῖἶὶἓῖξέ

207 3502 411 3585 repellendus
430 3501 483 3567 'sit
510 3499 642 3564 minime
671 3501 852 3566 dubitatur.
894 3502 1007 3568 Multo
1027 3502 1128 3586 igitur
1146 3505 1227 3568 haec
1248 3502 1376 3570 facilius
1392 3481 1432 3527 ’ἰδ’
1448 3481 1483 3526 ¹¹·

208 3613 242 3678 iu
273 3611 458 3696 principatu
492 3610 690 3692 procedent,
724 3611 782 3690 qui
813 3612 869 3694 jus
903 3613 1030 3676 nullum
1055 3613 1174 3691 habet,
1199 3614 1261 3678 nisi
1286 3616 1377 3696 quod

207 3745 224 3788 a
254 3723 420 3806 republica
454 3719 638 3803 profectum
671 3736 731 3786 est.
790 3720 904 3802 Atque
939 3722 1012 3786 ideo
1046 3742 1085 3786 ex
1118 3721 1377 3804 Hispanorum⁵

238 3927 406 3936 .....--.——

242 4043 248 4074 ¹
268 4044 324 4091 Cic.
341 4044 451 4103 Philipp.
469 4058 493 4103 4.
513 4045 550 4106 [c.
570 4057 593 4101 3.
611 4048 634 4102 5.
644 4046 668 4092 6.
678 4042 745 4106 seq]
757 4057 782 4092 et
791 4044 893 4104 passim.
927 4041 938 4076 ⁹
957 4045 1014 4093 Vita
1024 4045 1082 4093 Tib.
1092 4047 1208 4094 Gracchi.
1221 4045 1258 4110 [p.
1269 4051 1325 4106 83¹·
1336 4048 1373 4109 d]

207 4133 218 4164 ⁸
243 4135 349 4182 I'.Silv.
366 4134 391 4181 in
409 4149 434 4182 v.
450 4136 516 4193 Papa
531 4125 597 4194 u.‘4.
622 4135 763 4183 Cardinalis
789 4136 820 4182 de
838 4135 912 4183 Turri
932 4149 1056 4197 cremata,
1074 4140 1187 4184 summae
1206 4139 1251 4187 lib.
1268 4153 1293 4199 4.
1311 4154 1336 4200 p.
1355 4153 1378 4186 e.

208 4239 231 4272 c.
261 4239 298 4286 ¹9·
325 4236 349 4271 et
378 4237 417 4272 eo.
451 4224 503 4272 ⁴c.
521 4225 636 4292 Acutius.
657 4238 679 4272 r.
697 4237 722 4273 et
742 4239 765 4274 e.
783 4239 806 4273 c.
824 4225 976 4274 audIvimus.
996 4241 1018 4274 c.
1037 4227 1182 4277 didicimus.
1201 4227 1291 4292 [Decr.
1309 4233 1379 4278 Grat.

207 4330 233 4374 p.
251 4331 274 4363 2.
294 4330 333 4376 24.
356 4330 376 4363 r.
394 4329 417 4362 c.
439 4329 460 4362 r.
479 4327 503 4372 3.
523 4328 547 4375 4.
566 4314 618 4378 su]
654 4315 759 4376 ⁶Vosq.
779 4329 801 4363 c.
823 4329 844 4364 1.
862 4329 887 4364 n.
906 4321 929 4364 8.
948 4331 1008 4366 casu
1026 4319 1122 4379 terrio,
1139 4321 1228 4380 allegat
1247 4321 1378 4381 iserniam,

207 4408 329 4455 Thomam
347 4419 373 4455 et
391 4407 564 4455 IlostIeusem.

1209 4505 1246 4566 18
