3450 5434
351 649 391 711 32
652 649 699 696 DE
723 648 817 716 Jurtn
841 647 1029 697 PRAEDAB.
1056 647 1137 696 che.
1162 648 1219 696 111.

349 803 393 870 ita
406 803 487 888 justi
506 820 605 887 atque
623 801 737 889 iniusti
752 823 863 890 pugna
881 803 1040 886 quaedam
1057 801 1151 885 quasi
1165 800 1322 870 manualis
1338 817 1388 870 est
1407 802 1524 887 etipsa

348 914 394 980 rei
418 915 579 983 evidentia
600 930 689 999 patet
710 917 832 982 multos
848 935 917 982 esse
935 914 1085 982 homines
1100 913 1346 999 sanguinarios,
1369 934 1523 998 rapaces,

348 1026 501 1110 iniquos,
525 1026 710 1109 maleficos,
733 1026 855 1111 patriae
870 1026 1052 1111 proditores
1068 1025 1261 1110 imperiique
1276 1026 1522 1106 detrectatores,

349 1139 466 1204 ethos
492 1138 625 1221 quidem
649 1139 775 1206 validos
800 1154 900 1221 atque
922 1153 1083 1220 armatos,
1106 1137 1164 1222 qui
1190 1151 1228 1203 ut
1249 1141 1300 1203 rei
1322 1141 1381 1225 agi
1394 1141 1523 1223 possint

348 1271 425 1315 acre
442 1251 596 1318 uincendi
614 1267 714 1335 sunt,
740 1266 777 1318 ut
794 1251 932 1319 Tacitus
947 1251 1106 1334 loquitur.
1138 1249 1306 1338 Quaedam
1323 1249 1423 1335 igitur
1437 1249 1522 1316 bella

347 1364 420 1428 vult
441 1363 557 1444 Deus,
580 1363 650 1430 sive
669 1378 707 1429 ut
731 1365 914 1446 loquuntur
939 1363 1085 1448 theologi
1102 1364 1136 1444 ¹,
1162 1362 1248 1428 bella
1265 1346 1428 1444 'quaedam
1447 1381 1520 1427 cum

347 1474 435 1541 bono
453 1474 575 1557 placito
591 1474 655 1540 Dei
674 1489 876 1541 exercentur.
921 1474 1096 1557 Quidquid
1115 1488 1221 1540 autem
1238 1473 1332 1540 Deus
1357 1472 1401 1539 ita
1424 1474 1520 1553 vult,

347 1583 381 1649 id
403 1587 529 1671 J'ustum
555 1606 625 1653 esse
648 1606 742 1652 nemo
769 1587 910 1672 negabit.
954 1585 998 1652 Et
1019 1586 1103 1651 bella
1126 1583 1227 1670 igitur
1251 1585 1407 1667 quaedam
1433 1585 1521 1668 iusta

346 1711 424 1762 sunt
440 1701 473 1777 ²,
496 1696 566 1763 sive
582 1697 702 1764 bellare
719 1697 844 1764 licitnm
862 1712 923 1765 est.
968 1697 1040 1763 Nec
1062 1711 1112 1764 est
1132 1695 1224 1779 quod
1240 1713 1352 1762 contra
1369 1696 1449 1761 haec
1466 1697 1520 1762 vel

347 1807 380 1873 in
406 1807 545 1893 speciem
569 1808 634 1875 dici
657 1809 774 1893 possit.
821 1809 907 1875 Nam
933 1809 992 1893 qui
1015 1810 1100 1875 bella
1118 1809 1321 1875 detestantur
1334 1822 1391 1874 aut
1407 1826 1520 1873 causas

346 1918 548 1988 detestantur
566 1935 623 1986 aut
638 1919 783 1988 effectus.
829 1921 868 1987 Irr
885 1941 997 1988 causas
1018 1936 1056 1988 ut
1076 1918 1308 2001 ambitionem,
1331 1917 1519 1999 avaritiam,

347 2029 540 2099 discordiam
564 2033 665 2098 multa
687 2053 706 2098 a
728 2032 892 2118 theologis
915 2048 948 2099 et
963 2030 1170 2117 philosophis
1186 2050 1296 2097 severe
1320 2029 1405 2096 dicta
1421 2044 1519 2111 sunt,

346 2141 404 2225 qui
420 2161 497 2209 sane
514 2143 591 2210 dum
613 2143 735 2229 injusta
753 2144 838 2210 bella
854 2159 1030 2225 accusant,
1054 2143 1164 2226 aliqua
1180 2143 1268 2227 justa
1284 2161 1355 2210 esse
1374 2161 1441 2208 non
1463 2161 1519 2206 ne-

345 2268 432 2339 gant.
477 2255 522 2321 At
538 2254 596 2339 qui
613 2257 734 2322 bellum
750 2256 903 2323 damnant
920 2277 958 2322 ert
974 2255 1146 2323 effectibus
1162 2274 1201 2321 eo
1220 2274 1326 2320 errore
1342 2253 1518 2335 labuntur,

344 2365 403 2447 qui
428 2365 563 2432 nimium
589 2365 742 2450 frequens
769 2383 839 2449 est,
863 2367 922 2434 ubi
942 2387 1008 2436 non
1024 2366 1238 2452 distinguitur
1254 2371 1287 2435 τὸ
1310 2370 1445 2436 ocant
1468 2368 1518 2434 nai

342 2483 376 2549 ri
396 2483 477 2549 nard
493 2481 692 2562 συμβεβηκός,
707 2477 747 2544 id
762 2477 851 2565 quod
867 2484 1025 2545 nimirum
1039 2493 1104 2570 per
1122 2499 1154 2544 se
1172 2493 1220 2543 cst
1238 2491 1269 2544 et
1285 2475 1375 2564 quod
1381 2474 1519 2542 aliunde

343 2588 480 2657 accidit.
527 2589 611 2656 Narn
633 2604 757 2676 strages
774 2610 850 2657 sane
874 2607 907 2657 et
930 2591 1046 2659 damna
1067 2589 1219 2657 accidunt
1240 2588 1402 2655 interdum
1427 2589 1516 2656 bello

342 2700 437 2768 ctiam
462 2702 502 2767 ab
527 2722 563 2768 ea
587 2715 700 2785 parte,
725 2721 791 2786 qua
815 2705 942 2789 justum
967 2715 1025 2770 est.
1070 2701 1166 2768 cohil
1182 2716 1289 2767 tamen
1304 2701 1367 2766 boc
1381 2700 1515 2780 obstat,

341 2832 416 2878 cum
440 2811 596 2880 bellantes
618 2829 704 2880 recta
729 2814 856 2881 ratione
879 2813 1082 2899 propositam
1099 2813 1162 2880 sibi
1179 2814 1320 2879 habeant
1333 2811 1421 2879 vitae
1437 2830 1518 2878 suae

341 2943 514 3007 rerumque
536 2945 667 2991 suarum
690 2926 982 2993 conservationem.
1027 2925 1183 2992 Actiones
1209 2913 1318 2990 autem
1341 2943 1453 2990 omnes
1479 2921 1534 2988 ab¹

341 3054 380 3100 eo
400 3032 492 3117 quod
512 3055 569 3119 per
589 3055 624 3103 se
644 3035 751 3119 inest,
775 3056 841 3102 non
863 3036 904 3103 ab
926 3057 965 3103 eo
987 3038 1077 3121 quod
1093 3035 1175 3102 foris
1194 3035 1320 3102 accedit
1336 3033 1519 3120 dijudican-

340 3146 398 3211 dae
415 3161 505 3213 sunt.
551 3148 747 3233 Numquam
771 3168 918 3214 successu
941 3151 1060 3214 crescit
1080 3150 1280 3214 honestum&
1324 3146 1439 3228 Itaque
1458 3164 1519 3212 nec

340 3277 493 3325 successu
511 3259 740 3343 corrumpitur.
787 3258 862 3325 Hoc
883 3273 949 3342 est,
976 3279 1114 3342 eaquae
1132 3279 1151 3324 a
1167 3257 1290 3325 virtute
1304 3256 1518 3341 proficiscun-

339 3383 394 3434 tur
411 3369 617 3453 susceptione
633 3369 750 3453 prima,
767 3389 834 3435 non
849 3369 1052 3454 perfectione
1073 3386 1158 3437 recta
1175 3369 1350 3456 judicanda
1358 3382 1457 3449 sunt,
1480 3383 1518 3435 ut

342 3479 445 3545 Stoici
471 3479 548 3547 satis
573 3495 659 3547 recte
688 3482 850 3548 docebant
863 3478 888 3548 ⁴.
934 3482 1142 3569 Quamquam
1165 3480 1194 3547 si
1216 3480 1251 3547 id
1269 3481 1360 3563 quod
1374 3481 1517 3564 plerum-

342 3612 406 3675 que
432 3591 550 3658 accidit
572 3591 784 3676 respicimus,
807 3613 948 3659 asserere
971 3593 1083 3659 licebit
1105 3595 1211 3660 solere
1231 3593 1341 3659 Deum
1363 3590 1516 3659 fortunae

341 3703 476 3769 bellicae
500 3703 544 3770 ita
567 3703 728 3789 judicium
752 3724 848 3772 suurn
873 3704 1099 3790 interponere,
1123 3719 1161 3771 ut
1183 3724 1249 3772 non
1272 3724 1344 3772 raro
1359 3703 1447 3769 unde
1461 3703 1517 3788 jus
1617 3728 1622 3736 ·

181 3833 330 3880 mmmm
341 3815 453 3896 stetit,
470 3815 546 3881 inde
562 3831 700 3883 eventus
717 3815 821 3884 cadat.
850 3817 954 3904 Quod
966 3832 1074 3883 autem
1089 3815 1239 3883 nonnulli
1255 3814 1420 3882 somniant
1437 3813 1515 3880 olim

179 3887 329 3988 frffiffia‘ss
342 3926 474 4010 quidem
500 3926 631 3995 licuisse
654 3928 776 3995 bellum
805 3947 937 4013 gerere,
967 3944 1000 3994 at
1019 3942 1097 4011 post
1118 3926 1245 3995 Christi
1277 3925 1516 3994 institutionem

180 3995 227 4094 ῗῖἰ.
246 3995 281 4041 ”’
306 4007 330 4043 ”
343 4038 427 4104 idem
451 4057 518 4106 non
543 4037 661 4121 licere,
694 4053 750 4106 aut
780 4054 867 4106 certe
891 4038 975 4105 inter
999 4038 1206 4106 Christianos
1228 4057 1296 4104 non
1311 4038 1430 4120 licere,
1452 4039 1516 4103 hoc

174 4167 178 4174 '
341 4149 369 4218 si
397 4151 440 4218 ita
460 4150 700 4235 intelligerent,
719 4150 752 4216 in
772 4151 860 4218 bello
878 4150 1011 4219 alterius
1027 4171 1154 4235 semper
1169 4149 1270 4234 partis
1287 4148 1429 4232 aliquam
1446 4169 1515 4216 esse

339 4265 468 4347 culpam
487 4261 652 4348 indignam
671 4261 863 4331 Christiano
882 4261 1035 4345 nomine,
1057 4261 1165 4328 fuerat
1189 4261 1409 4328 tolerandum:
1428 4280 1516 4328 nunc

373 4472 529 4523 ¹l’antlreol.
555 4472 631 4522 Rain.
653 4471 703 4522 Pia
729 4472 756 4522 in
780 4487 805 4522 v.
822 4472 929 4522 Bellum.
946 4486 971 4522 c.
988 4487 1012 4524 a.
1044 4471 1105 4522 ’ex
1122 4485 1174 4534 reg.
1193 4485 1215 4521 r.
1247 4470 1369 4522 'Lucam
1386 4473 1482 4536 [Phara.
1497 4477 1515 4523 l.

339 4579 363 4628 9.
381 4578 419 4615 vs.
439 4563 508 4626 sym]
542 4563 627 4616 ⁴Cic.
644 4565 676 4614 de
691 4563 734 4614 lin.
754 4561 784 4630 [1.
802 4577 826 4624 s.
858 4579 904 4628 .9.
923 4567 937 4625 ς
954 4564 1006 4627 qu]
