3450 5434
486 635 533 681 DE
556 636 650 700 JURE
676 633 860 681 PRAEDAE.
887 635 965 681 CAP.
992 636 1055 684 ΧΗ.
1295 634 1357 695 225

175 805 268 855 certo
291 788 389 854 maris
413 791 490 854 loeo
513 788 634 872 piscari
658 788 793 871 liceret,
817 790 993 873 respondet
1005 811 1072 857 rem
1085 790 1217 873 quidem
1230 788 1355 873 ipsam,

175 923 263 968 utare
285 901 432 980 scilicet,
456 900 616 966 servitute
639 902 732 967 nulla
754 900 836 965 affici
848 902 1021 985 potuisse,
1046 902 1124 985 quia
1136 923 1194 985 per
1206 916 1353 968 naturam

176 1014 240 1078 hoc
275 1012 427 1077 omnibus
459 1025 609 1094 pateret,
642 1013 701 1077 sed
721 1032 799 1105 cum
822 1013 909 1081 bona
933 1012 1015 1079 fides
1038 1028 1226 1080 contractus
1248 1015 1351 1097 legem

175 1124 379 1191 venditionis
411 1123 532 1191 servari
565 1138 780 1207 exposceret,
812 1144 970 1207 personas
1000 1124 1239 1208 possidentium
1264 1138 1296 1189 et
1318 1122 1352 1187 in

172 1237 231 1319 jus
261 1255 373 1300 eorum
405 1234 652 1301 succedentium
684 1256 742 1318 per
775 1235 870 1301 istam
904 1237 1007 1321 legem
1031 1236 1180 1321 obligari.
1225 1234 1350 1299 Verum

175 1362 226 1413 est
248 1346 342 1428 loqui
369 1346 644 1430 jurisconsultum
667 1347 708 1412 de
730 1347 874 1429 praediis
896 1347 1035 1431 privatis
1059 1362 1092 1412 et
1109 1349 1181 1432 lege
1201 1346 1350 1430 privata,

176 1446 300 1524 sedin
332 1456 497 1523 territorio
528 1472 561 1523 et
590 1460 663 1541 lege
694 1461 894 1542 populorum
928 1460 1038 1526 eadem
1071 1458 1125 1525 hic
1160 1472 1210 1525 est
1243 1457 1350 1536 ratio,

175 1570 255 1651 quia
275 1569 392 1652 populi
415 1584 565 1652 respectu
587 1570 692 1635 totius
712 1569 840 1654 generis
859 1570 996 1636 humani
1016 1569 1219 1653 privatorum
1240 1570 1350 1634 locum

173 1681 337 1747 obtinent.
382 1680 540 1747 Similiter
571 1680 698 1747 reditus
719 1686 753 1762 ¹,
786 1682 846 1763 qui
879 1680 913 1748 in
944 1680 1144 1765 piscationes
1174 1680 1350 1747 maritimas

174 1791 348 1857 constituti
381 1792 537 1877 regalium
569 1811 706 1858 numero
738 1807 933 1873 censentur,
965 1812 1032 1859 non
1064 1811 1156 1873 rem,
1199 1793 1263 1858 hoc
1302 1804 1352 1856 est

173 1924 263 1969 mare
285 1919 342 1970 aut
363 1902 601 1987 piscationem,
625 1904 683 1970 sed
705 1922 860 1986 personas
884 1904 1042 1988 obligant.
1066 1904 1178 1990 Quare
1200 1902 1349 1983 subditi,

173 2017 208 2081 in
240 2034 326 2097 quos
358 2016 461 2099 legem
493 2014 618 2081 ferendi
651 2030 796 2098 potestas
828 2014 1028 2098 reipublicae
1060 2029 1117 2081 aut
1140 2013 1285 2097 Principi
1310 2032 1349 2079 ex

173 2146 337 2193 consensu
366 2125 547 2210 competit,
579 2126 620 2192 ad
651 2146 750 2193 onera
781 2126 844 2192 ista
876 2126 1027 2210 compelli
1051 2125 1136 2192 forte
1168 2140 1347 2209 poterunt,

174 2239 234 2305 sed
264 2238 385 2303 exteris
414 2239 470 2322 jus
492 2238 640 2321 piscandi
664 2237 789 2319 ubique
812 2237 956 2304 immune
980 2258 1050 2305 esse
1073 2237 1194 2317 debet,
1218 2257 1259 2302 ne
1283 2256 1349 2303 ser-

173 2349 268 2416 vitus
291 2350 478 2433 imponatur
500 2349 602 2430 mari,
635 2350 728 2432 quod
752 2349 876 2415 servire
896 2367 964 2416 non
987 2362 1111 2433 potest.
1157 2347 1238 2414 Non
1261 2345 1348 2413 enim

174 2461 271 2529 maris
293 2462 404 2527 eadem
428 2480 512 2543 quae
534 2461 680 2527 fluminis
702 2460 787 2527 ratio
810 2475 878 2539 est,
902 2460 994 2544 quod
1017 2480 1091 2526 cum
1105 2459 1148 2525 sit
1159 2458 1347 2543 publicum,

174 2572 209 2637 id
232 2588 283 2637 est
303 2572 442 2655 populi,
463 2572 518 2656 jus
542 2572 637 2637 etiam
657 2571 690 2637 in
714 2591 753 2637 eo
776 2571 924 2655 piscandi
944 2590 962 2636 a
980 2573 1106 2654 populo
1126 2585 1183 2635 aut
1192 2569 1346 2653 Principe

173 2682 310 2749 concedi
333 2699 391 2749 aut
411 2683 512 2749 locari
535 2696 645 2766 potest
664 2680 701 2765 ¹,
724 2682 771 2748 ita
793 2698 831 2750 ut
854 2681 884 2748 ei
909 2683 967 2764 qui
990 2681 1151 2747 conduxit
1174 2681 1270 2747 etiam
1296 2680 1346 2745 in-

171 2794 347 2860 terdictum
371 2808 496 2861 veteres
518 2794 666 2859 dederint
685 2803 721 2874 ⁸,
745 2792 784 2861 de
807 2793 874 2858 loco
890 2792 1023 2879 publico
1038 2791 1212 2876 fruendo,
1237 2790 1347 2856 addita

171 2904 382 2987 conditione,
405 2905 433 2972 si
456 2906 485 2972 is
507 2906 563 2972 cui
586 2905 714 2971 locandi
736 2905 792 2989 jus
813 2902 914 2970 fiterit
936 2903 1113 2970 fruendum
1137 2901 1236 2967 alicui
1261 2903 1348 2967 loea-

171 3017 281 3099 verit;
308 3037 392 3100 quae
415 3016 563 3083 conditio
587 3017 621 3082 in
643 3016 724 3082 mari
748 3015 879 3083 evenire
903 3034 968 3081 non
992 3028 1101 3098 potest
1121 3022 1144 3079 ⁴.
1169 3013 1345 3077 Caeterum

172 3128 232 3211 qui
252 3128 355 3213 ipsam
375 3127 589 3211 piscationem
610 3142 783 3193 numerant
803 3126 888 3193 inter
910 3126 1030 3211 regalia
1049 3146 1090 3191 ne
1108 3124 1201 3190 illum
1214 3122 1346 3206 quidem

171 3242 303 3322 locum,
316 3260 414 3321 quem
426 3239 741 3322 interpretabantur,
752 3238 833 3303 satis
843 3237 1073 3321 inspexerunt:
1088 3236 1179 3318 quod
1191 3233 1346 3301 Iserniam

172 3366 206 3417 et
225 3352 422 3418 Alvarotum
437 3354 449 3389 ⁵
466 3370 532 3417 non
552 3351 659 3416 latuit.
705 3350 974 3417 Demonstratum
995 3364 1123 3414 estnec
1143 3348 1267 3430 populo
1287 3364 1347 3410 nec

171 3462 302 3545 privato
329 3462 471 3546 cuipiam
497 3463 552 3547 J'us
580 3460 718 3543 aliquod
745 3461 915 3544 proprium
945 3460 977 3525 in
1007 3458 1114 3543 ipsum
1143 3478 1229 3523 mare
1254 3458 1347 3541 (nam

172 3573 405 3641 diverticulum
425 3572 633 3658 excepimus)
652 3586 835 3656 competere
854 3590 976 3655 posse,
999 3590 1075 3636 cum
1100 3566 1346 3652 occupationem

170 3705 233 3752 nec
252 3700 366 3751 natura
382 3705 443 3752 nec
460 3705 540 3753 usus
560 3683 687 3768 publici
709 3682 793 3749 ratio
813 3682 992 3765 permittat.
1040 3680 1152 3763 Hujus
1174 3694 1282 3744 autem
1300 3677 1347 3743 rei

170 3816 269 3863 causa
289 3796 441 3865 instituta
458 3796 565 3863 fuerat
581 3797 661 3862 haec
681 3792 887 3878 disputatio,
921 3806 959 3859 ut
977 3805 1147 3874 appareret
1169 3788 1348 3855 Lusitanos

170 3928 281 3987 mare,
306 3927 374 3990 quo
404 3909 446 3975 ad
475 3909 575 3974 Indos
596 3906 793 3991 navigatur,
817 3904 868 3969 sui
889 3902 972 3987 J'uris
995 3922 1061 3970 non
1085 3900 1215 3969 fecisse.
1260 3898 1348 3965 Nam

171 4097 356 4107 ...—

206 4215 215 4247 ¹
234 4230 258 4265 e.
282 4230 346 4278 quae
369 4217 419 4265 sint
442 4216 545 4277 regalia.
570 4216 596 4263 in
622 4215 723 4264 Feudis.
742 4215 783 4277 [F.
801 4228 825 4262 2.
845 4212 899 4275 260]
935 4209 946 4243 ²
964 4213 994 4258 V.
1016 4209 1129 4257 Balbum.
1148 4208 1179 4254 de
1195 4217 1305 4266 praescr.
1324 4216 1347 4263 4.

170 4320 244 4370 parte
265 4320 291 4355 et
312 4320 335 4363 ⁵-
354 4319 418 4368 part.
432 4306 544 4367 princip,
557 4321 583 4366 q.
593 4307 618 4355 6.
632 4321 658 4354 n.
672 4321 696 4368 4.
730 4304 741 4337 ³
759 4309 783 4355 d.
801 4308 819 4353 1.
836 4303 993 4362 injuriarum.
1011 4304 1033 4359 ς.
1052 4299 1073 4348 si
1092 4298 1149 4358 quis
1167 4310 1216 4345 me.
1234 4309 1272 4345 vs.
1285 4307 1347 4343 con-

170 4399 284 4449 ductori.
308 4399 351 4461 [D.
376 4411 418 4459 47.
447 4412 486 4447 10.
507 4410 545 4456 13.
570 4396 606 4461 7.]
648 4398 659 4431 ⁴
684 4399 741 4459 Dig.
765 4400 797 4445 de
816 4399 882 4445 loeo
905 4393 1012 4456 publico
1037 4389 1156 4439 fruendo.
1184 4386 1227 4449 [D.
1247 4398 1288 4446 43.
1309 4385 1346 4446 9.]

170 4490 182 4521 ⁸
199 4491 231 4539 ad
248 4491 272 4538 d.
291 4493 392 4549 locum,
410 4504 475 4550 quac
492 4491 543 4539 sint
560 4488 664 4548 regalia.

1180 4584 1218 4647 15
