3450 5434
502 610 548 657 DE
573 611 666 678 June
692 612 878 659 Pannona.
905 613 987 660 CAP·
1012 612 1064 659 Xi.
1307 616 1367 677 203

197 764 324 832 numiui
356 764 479 850 injuste
508 783 684 849 oppressos
713 740 907 846 defendere,
940 764 1026 833 facto
1056 766 1173 850 patuit.
1219 767 1305 832 Nam
1338 784 1370 833 et

195 878 304 943 aditus
322 879 470 942 reclusus
493 892 543 943 est
566 892 598 942 et
620 877 811 943 commercia
833 877 1016 960 celebrem,
1050 892 1083 944 et
1106 879 1218 944 eodem
1232 878 1368 957 inloto,

197 988 253 1053 ubi
277 988 474 1053 Batavorum
497 986 575 1053 odio
598 988 728 1071 rapinas
753 1008 829 1055 suas
853 988 1009 1055 adversus
1043 1008 1151 1073 regem
1178 989 1275 1074 Jorae
1298 989 1370 1055 Lu·

195 1099 293 1165 sitani
324 1113 558 1179 exercuerant,
591 1115 760 1182 praesente
782 1100 898 1166 eodem
921 1119 996 1185 rege
1020 1115 1052 1165 et
1074 1100 1227 1166 Batavica
1256 1101 1369 1167 enavi

194 1224 384 1295 spectante,
397 1208 490 1277 navis
502 1208 694 1276 Lusitani'ca
705 1209 793 1276 victa
804 1211 1001 1277 batavorum
1014 1211 1048 1276 in
1060 1226 1254 1295 potestatem
1266 1211 1368 1278 veuit.

238 1319 292 1386 Ex
312 1321 365 1387 his
384 1340 468 1402 quae
487 1319 629 1387 diximus
649 1337 801 1405 apparet,
821 1340 878 1388 eos
896 1322 954 1404 qui
974 1342 992 1387 a
1013 1322 1151 1389 diversis
1172 1323 1367 1390 Batavorum

196 1424 432 1514 societatibus,
457 1451 540 1513 quae
569 1417 657 1498 nunc
689 1430 722 1498 in
753 1452 856 1499 unum
886 1453 1006 1517 corpus
1036 1435 1254 1516 coaluerunt,
1277 1433 1368 1500 missi

195 1543 322 1610 Indiam
340 1542 471 1621 adiere,
494 1541 782 1622 Lusitanos,cum
801 1562 913 1611 revera
933 1544 1047 1609 hostes
1071 1560 1204 1625 essent,
1228 1564 1294 1610 non
1321 1559 1369 1610 ta-

195 1674 270 1720 men
299 1653 446 1720 hostium
474 1655 548 1719 loco
579 1653 757 1734 habuisse,
789 1653 847 1721 sed
869 1653 1056 1735 remisisse,
1080 1655 1157 1720 dum
1179 1656 1367 1721 ullomodo

195 1764 313 1848 licuit,
335 1765 390 1848 ius
410 1762 496 1829 illud
515 1762 594 1829 belli
617 1763 812 1831 concordiae
830 1764 1002 1831 tentandae
1024 1765 1137 1849 gratia.
1184 1765 1284 1831 Unde
1308 1766 1368 1831 eti·

194 1897 244 1942 am
275 1874 445 1941 codicillos
476 1874 548 1941 sive
579 1876 729 1941 mandata
758 1874 894 1941 bellicae
923 1876 1114 1959 potestatis,
1138 1896 1223 1958 quae
1246 1876 1367 1945 nentini

195 1987 284 2070 apud
305 1986 446 2053 Batavos
473 1986 582 2071 negari
611 1988 741 2067 solent,
765 1985 892 2071 priores
915 1987 1068 2052 nauarchi
1087 1989 1178 2053 nulla
1198 2008 1366 2071 accepere:

193 2098 414 2182 posteriores,
435 2096 531 2163 etiam
558 2098 616 2179 qui
653 2112 863 2180 acceperant,
908 2098 995 2164 baud
1026 2096 1121 2165 facile
1153 2114 1365 2182 usurparunt.

194 2210 282 2275 Nam
301 2224 357 2275 aut
374 2208 476 2273 vitam
500 2227 591 2274 suam
612 2207 829 2290 fortunasque
849 2207 912 2274 sibi
932 2208 1138 2289 commissas,
1151 2210 1242 2292 quod
1252 2224 1368 2276 natura

195 2336 228 2387 et
249 2320 329 2387 fides
350 2321 527 2405 cogebant,
552 2334 665 2385 ronna
681 2320 748 2384 vim
772 2319 891 2385 illatam
912 2334 1184 2405 propugnarunt,
1204 2334 1260 2387 aut
1280 2320 1366 2403 peri·

195 2436 307 2499 culum
340 2431 402 2499 sibi
433 2430 657 2512 intentantes,
682 2451 722 2496 ne
744 2450 871 2514 semper
893 2431 1044 2498 timerent
1065 2434 1119 2498 vel
1142 2431 1254 2497 timere
1274 2430 1366 2498 vide-

194 2544 440 2626 rentur,ultro
470 2542 612 2627 aggressi
641 2557 739 2608 sunt:
764 2542 850 2608 sicut
879 2540 1028 2608 Neckius
1056 2543 1097 2608 ad
1122 2542 1294 2625 Tidorim,
1326 2542 1366 2608 ad

194 2656 384 2721 Bantamum
403 2651 638 2737 Wolphardus.
682 2652 762 2718 Post
781 2654 884 2719 multa
902 2654 1030 2719 tandem
1051 2652 1219 2735 facinora,
1243 2654 1366 2735 quibus

194 2768 391 2832 Batavorum
416 2764 656 2848 simplicitatem
676 2764 806 2829 illusam
827 2762 992 2844 diximus,
1003 2764 1076 2847 jura
1096 2764 1194 2844 belli,
1206 2784 1289 2846 quae
1308 2786 1366 2829 ve-

193 2880 245 2944 lut
262 2876 370 2960 sopita
391 2876 615 2959 quieverant,
637 2874 831 2943 resuscitata
849 2888 926 2939 sunt
947 2888 979 2939 et
1000 2876 1105 2957 palam
1128 2874 1279 2940 exercita.
1312 2875 1383 2941 Ne'

194 3003 264 3053 tum
286 2987 418 3070 quidem
441 2988 589 3070 exemplo
610 2985 845 3051 Lusitanorum
868 2984 1005 3070 prodige
1028 2984 1077 3051 uti
1103 2984 1202 3051 libuit
1221 2985 1365 3051 humano

193 3098 376 3184 sanguine,
399 3097 458 3163 sed
487 3096 657 3164 clementia
681 3116 785 3180 prope
813 3095 912 3162 nimia
936 3096 981 3162 ita
1004 3112 1131 3182 gestum
1151 3112 1201 3163 est
1218 3098 1365 3180 bellum,

194 3226 233 3276 ut
253 3224 380 3274 tantum
399 3208 547 3275 immensi
570 3223 698 3275 sumtus
721 3208 762 3273 ad
784 3206 933 3274 homines
942 3207 953 3275 .'
954 3227 1054 3275 naves
1074 3229 1191 3291 resque
1214 3208 1365 3275 tutandas

195 3321 235 3387 ab
263 3320 328 3401 iis,
351 3320 507 3387 adversus
531 3339 672 3402 quorum
694 3339 780 3386 arma
800 3318 999 3401 suscipiendi
1020 3319 1177 3401 fuerunt,
1201 3319 1298 3387 armis
1316 3340 1366 3385 re-

194 3447 419 3516 poscerentur.
472 3431 611 3498 Primam
645 3430 790 3497 omnium
823 3450 984 3498 caraccam
1017 3452 1089 3498 sero
1120 3432 1295 3498 admodum
1334 3446 1447 3504 ctAm„
1471 3464 1523 3505 1602

194 3559 271 3628 post
288 3543 449 3609 diutinam
471 3543 660 3626 patientiam
682 3542 820 3608 Zelandi
838 3541 880 3606 ad
901 3543 1037 3609 Sanctae
1059 3543 1204 3609 Helenae
1225 3544 1363 3609 insulam
1379 3512 1472 3559 'M‘
1489 3518 1523 3560 ¹⁶·

194 3671 369 3738 ceperunt,
382 3669 414 3721 et
435 3653 568 3736 quidem
580 3652 697 3719 irritati
719 3672 876 3737 responso
893 3652 1006 3719 hostili
1023 3651 1185 3735 peritique
1199 3652 1364 3735 prioribus

192 3766 268 3832 telis
292 3766 536 3832 Lusitanorum.
571 3766 617 3831 Et
636 3784 833 3847 quamquam
853 3764 968 3831 iisdem
986 3761 1156 3829 Lusitanis
1178 3763 1364 3829 mandatum

193 3878 226 3943 in
258 3898 294 3945 se
313 3878 433 3943 bellum
455 3891 701 3959 compererant,
728 3876 931 3958 consiliaque
962 3876 1033 3959 ejus
1063 3875 1109 3938 rei
1138 3874 1271 3953 habita,
1300 3873 1364 3956 ipsi

191 4004 299 4055 tamen
322 3988 380 4071 qui
408 4002 485 4071 post
507 3986 676 4055 victoriam
697 4007 774 4054 suae
795 3987 907 4069 potius
927 3984 1140 4054 humanitatis
1163 4004 1259 4067 quam
1283 3984 1364 4049 alio-

192 4118 264 4164 rum
290 4098 429 4184 injuriae
458 4098 704 4179 meminissent,
728 4117 794 4165 non
818 4098 917 4164 modo
939 4097 1131 4182 mergendos
1149 4096 1279 4181 jamjam
1296 4116 1363 4163 ser-

191 4225 330 4290 varunt,
353 4210 412 4276 sed
431 4224 623 4277 transmare
644 4211 685 4275 ad
707 4209 846 4276 insulam
869 4228 945 4275 orae
967 4206 1119 4274 Brasiliae
1145 4206 1362 4290 propinquam

192 4337 374 4403 vexerunt,
398 4321 444 4387 ibi
476 4340 612 4405 quoque
638 4321 745 4388 omnis
775 4320 902 4406 generis
930 4332 1111 4386 commeatu
1140 4320 1299 4402 juverunt
1331 4334 1364 4386 et

193 4455 261 4516 quo
281 4431 414 4500 facilius
434 4432 654 4500 continentem
673 4432 893 4518 attingerent,
907 4431 1088 4499 naviculam
1101 4428 1182 4513 ipsis
1193 4446 1361 4514 struxere,
