3450 5434
486 613 533 658 nn
556 613 650 678 Junn
676 613 1067 663 nnnnnnu.cnr.x111,
1297 599 1359 675 287

188 784 388 846 quamquam
419 765 549 830 difficile
582 780 631 832 cst
661 766 714 832 his
742 765 931 848 praesertim
965 766 1022 848 qui
1055 767 1142 850 apud
1165 767 1265 833 Indos
1287 787 1359 833 ver-

187 890 300 941 santur
322 876 367 941 ob
390 874 580 943 manifestas
615 876 775 960 injurias,
808 875 880 942 fieri
909 891 1016 942 tamen
1050 896 1147 960 posse
1171 896 1236 943 non
1260 877 1361 961 perti·

186 987 310 1051 naciter
332 1007 457 1071 negem.
482 988 529 1052 Et
551 1009 590 1054 eo
614 988 712 1053 modo
736 988 857 1053 bellum
878 987 1063 1070 utrimque,
1086 1003 1150 1054 tam
1163 989 1358 1054 Batavorum
1372 1001 1510 1102 {³²15}st

187 1117 285 1178 quam
318 1097 553 1164 Lusitanorum
587 1098 710 1164 ciuium
740 1113 914 1182 respectu,
944 1100 1068 1182 Justum
1095 1119 1164 1164 esse
1184 1099 1307 1182 poterit
1329 1087 1414 1164 etur·
1432 1090 1466 1155 113
1510 1083 1519 1094 ⁸

185 1227 269 1289 pura
300 1208 500 1274 conscientia
532 1209 612 1293 geri.
657 1209 754 1274 Licet
785 1224 893 1275 autern
926 1209 959 1274 in
994 1209 1051 1274 tali
1085 1211 1173 1276 bello
1208 1224 1358 1291 tantum,
1372 1223 1427 1322 Vll}
1447 1227 1517 1324 3331·

186 1332 347 1400 quantum
366 1339 385 1383 a
403 1319 595 1402 magistratu
617 1320 819 1386 conceditur.
867 1319 1067 1386 Concedunt
1088 1335 1195 1386 autem
1217 1319 1358 1386 Ordines
1373 1309 1429 1375 [κ’
1511 1310 1517 1324 ’

187 1427 368 1495 Lusitanos
398 1429 473 1496 illos
506 1430 669 1512 spoliare,
709 1450 852 1511 quorum
884 1428 948 1496 fuit
979 1450 1119 1496 carasca.
1172 1430 1293 1497 Edicto
1325 1431 1360 1496 id
1371 1443 1489 1543 Daque.
1497 1461 1517 1492 2.

187 1541 345 1620 probatur
391 1540 431 1604 ab
466 1540 648 1606 Ordinibus
688 1540 866 1607 foederatis
911 1543 1141 1625 promulgato,
1185 1556 1358 1624 postquam
1371 1511 1475 1608 ’ἔην’
1492 1513 1514 1544 ”

138 1648 142 1656 “
188 1649 333 1732 Hispani
350 1666 529 1716 extremum
549 1671 627 1718 suae
645 1651 800 1734 perfidiae
816 1651 981 1734 specimen
1000 1652 1194 1732 ediderunt,
1218 1651 1361 1735 abreptis
1372 1652 1487 1753 mr(
1493 1657 1518 1755 fg

187 1760 328 1826 navibus
350 1781 434 1842 quae
458 1761 522 1826 fide
545 1761 677 1845 publica
699 1762 896 1828 advenerant
920 1777 953 1827 et
975 1762 1164 1829 hominibus
1178 1763 1211 1828 in
1223 1782 1359 1829 nervum
1372 1762 1443 1806 Μὴ·
1478 1794 1485 1808 ·

188 1885 221 1936 et
242 1870 432 1936 servitutem
454 1871 540 1939 datis
562 1872 814 1939 acerbissimam.
842 1874 957 1968 Quarq
977 1873 1120 1940 Ordines
1138 1874 1361 1940 demonstrant

188 1978 356 2064 Hispanos
379 1982 505 2064 quique
526 1986 606 2068 ipsis
630 1982 760 2049 addicti
784 1999 815 2048 et
838 1985 881 2048 ab
903 1987 1049 2070 ipsarum
1056 1985 1216 2070 partibus
1229 1997 1360 2048 starent

186 2091 363 2158 insatiabili
395 2092 582 2158 dominatus
615 2093 792 2174 cupidine,
826 2113 928 2176 aqua
948 2113 1027 2179 gens
1049 2096 1140 2159 nulla
1158 2109 1230 2160 tuta
1250 2109 1358 2174 esset,

186 2202 267 2267 adeo
300 2202 474 2283 efferatos,
507 2218 544 2267 ut
578 2203 657 2284 quia
689 2203 830 2270 Batavos
861 2224 1041 2286 eorumque
1073 2205 1182 2272 socios
1212 2207 1303 2270 nulla
1324 2205 1376 2272 vi

187 2313 355 2394 nullisque
386 2311 561 2378 fraudibus
590 2315 672 2398 jugo
705 2333 766 2379 suo
799 2316 958 2381 hactenus
990 2315 1128 2380 subdere
1150 2315 1360 2398 potuissent,

185 2422 250 2506 jam
274 2424 383 2488 eadem
404 2423 439 2490 vi
459 2422 656 2505 eisdemque
669 2422 867 2504 fraudibus,
892 2423 986 2490 etiam
998 2440 1110 2491 contra
1121 2425 1225 2492 datam
1237 2425 1359 2504 fidem,

187 2553 243 2599 eos
273 2533 419 2599 omnium
451 2511 539 2598 orbis
572 2532 743 2617 regionum
778 2533 973 2599 commercio
996 2549 1157 2600 certarent
1177 2536 1359 2603 excludere.

186 2643 314 2709 Idcirco
335 2664 409 2709 cum
429 2644 493 2708 sibi
513 2644 720 2726 propositum
738 2643 783 2708 sit
801 2645 844 2709 ad
862 2646 1116 2727 compescendos
1135 2661 1271 2710 conatus
1293 2660 1358 2710 tam

187 2753 382 2820 inhumanos
402 2754 493 2819 ultro
518 2755 683 2839 Hispanos
707 2753 849 2840 aggredi
869 2759 905 2818 in
918 2759 1030 2841 regnis
1042 2758 1358 2841 atqueprauinaiis‚

186 2859 270 2948 quas
292 2863 348 2928 illi
371 2877 602 2948 occuparunt,
626 2863 775 2969 dataque
794 2864 918 2931 damna
938 2879 1103 2951 reparare
1116 2886 1155 2930 aa
1168 2869 1358 2944 resarcire,

185 2995 252 3040 non
285 2990 411 3040 tantum
443 2975 576 3041 navium
609 2975 815 3057 publicarum
848 2995 970 3058 opera,
1003 2975 1061 3041 sed
1091 2989 1122 3040 et
1150 2976 1359 3062 singulorum

186 3107 326 3169 quorum
350 3084 389 3150 id
408 3089 570 3166 interest,
595 3100 730 3169 accepto
753 3087 794 3150 ab
818 3084 1002 3152 Ordinibus
1024 3085 1200 3164 mandato,
1225 3085 1358 3151 omnino

186 3214 220 3258 se
256 3194 472 3261 necessarium
509 3195 657 3262 arbitrari
695 3195 862 3278 Hispanos
897 3210 930 3260 et
964 3195 1022 3278 qui
1055 3195 1120 3261 illis
1151 3195 1273 3261 addicti
1303 3210 1360 3261 aut

186 3323 298 3369 eorum
326 3319 432 3371 sectae
461 3305 660 3386 adhaerent,
692 3306 866 3388 prohibere
894 3306 982 3371 ornni
1005 3322 1187 3372 commeatu
1211 3327 1271 3372 nec
1292 3305 1360 3389 pati

185 3433 285 3481 naves
315 3435 480 3482 mercesve
510 3419 593 3482 ullas
622 3409 721 3481 terra
736 3432 793 3484 aut
824 3417 926 3498 mari,
951 3437 1152 3499 quacunque
1173 3417 1298 3482 ratione
1320 3416 1360 3482 td

187 3525 277 3607 ipsos
299 3525 441 3607 devehi,
472 3528 562 3609 quod
587 3541 658 3592 tum
678 3527 746 3610 juri
769 3527 905 3610 publico
927 3528 1071 3612 gentium
1096 3542 1129 3592 et
1148 3526 1360 3610 Imperatorio
1372 3540 1400 3638 ἐς
1399 3553 1521 3639 Apprgnz

186 3650 385 3718 receptoque
417 3636 676 3721 belligerantium
710 3638 809 3717 usui,
842 3652 913 3703 tum
946 3637 1063 3702 edictis
1094 3638 1159 3720 jam
1192 3651 1266 3701 ante
1288 3626 1485 3702 ascendi-1·

186 3759 220 3810 et
241 3745 353 3830 regina
374 3747 516 3830 Angliae
539 3747 635 3813 editis
660 3764 730 3813 esse
753 3761 1020 3812 consentaneum.
1066 3746 1240 3812 Declarant
1259 3746 1360 3829 igitur

176 3855 309 3938 justam
337 3877 402 3922 esse
419 3856 585 3942 praedam
609 3859 753 3921 homines
777 3877 893 3941 resque
917 3878 1022 3921 amnes
1046 3861 1130 3921 sitas
1153 3857 1212 3920 sub
1236 3855 1361 3921 ditione

187 3969 276 4050 regis
319 3967 591 4052 Hispaniarum,
631 3987 824 4052 quacunque
857 3966 990 4032 tandem
1025 3967 1092 4032 loco
1127 3969 1359 4052 reperiantur.

188 4075 239 4137 Ac
268 4075 378 4142 denuo
411 4076 566 4142 destricte
594 4077 772 4159 prohibent
800 4090 900 4156 atque
934 4075 1135 4142 interdicunt
1167 4075 1294 4141 cunctis
1324 4095 1361 4139 ac

186 4183 346 4267 singulis,
371 4187 602 4270 cuiuscunque
614 4186 836 4266 conditionis,
857 4187 984 4269 imperii
997 4201 1053 4251 aut
1062 4186 1206 4271 regionis
1217 4183 1359 4265 fuerint,

186 4309 324 4376 excepto
347 4296 499 4377 nemine,
523 4298 565 4362 ad
586 4300 672 4364 ullos
693 4313 833 4381 portus,
857 4297 977 4381 oppida
1001 4299 1134 4362 locosve
1157 4295 1301 4362 hostium
1327 4295 1360 4359 in

186 4406 296 4488 regnis
326 4405 527 4489 Hispaniae,
562 4409 765 4474 Lusitaniae
795 4410 909 4475 aliisve
939 4409 973 4474 in
1001 4407 1135 4490 Europa
1165 4405 1269 4486 sitos,
1302 4405 1360 4470 sub
