3450 5434
370 655 392 717 4
686 653 732 699 DE
755 651 848 718 Jutttt
874 650 1062 698 PRAEDAE.
1087 651 1169 699 CAP·
1194 653 1220 700 1.

412 808 523 875 Multa
542 806 665 890 possim
686 807 832 889 exempla
862 802 980 871 referre
1007 825 1140 887 eorum,
1159 807 1218 889 qui
1241 807 1336 875 istam
1360 809 1395 876 in
1415 823 1539 893 partem

369 934 598 1005 peccaverunt.
644 918 710 984 Sed
730 917 813 1001 quid
835 937 968 983 necesse
987 917 1065 983 est?
1089 918 1173 1006 Quis
1190 919 1276 986 eninr
1287 921 1440 1005 dubitat,
1460 921 1541 1005 quin

371 1031 444 1116 pios
466 1052 501 1099 se
522 1047 554 1097 et
571 1033 731 1098 humanos
754 1029 897 1096 Hebraei
919 1029 1173 1114 arbitrarentur,
1199 1033 1292 1116 quod
1318 1053 1385 1101 non
1406 1033 1441 1100 in
1465 1034 1541 1099 Ma-

371 1143 508 1212 dianitas
520 1159 552 1209 et
576 1144 766 1210 Cananaeos
778 1142 819 1209 ad
828 1141 1082 1209 internecionem
1099 1143 1314 1210 saevirent¹2
1339 1144 1407 1211 Cui
1429 1145 1542 1231 ignota

371 1271 421 1323 est
440 1255 549 1324 Saulis
580 1256 613 1320 in
631 1276 737 1341 regem
758 1253 926 1322 devictum
949 1275 1100 1339 perversa
1122 1256 1347 1325 misericordia
1369 1256 1410 1322 ¹?
1442 1278 1540 1341 quam

370 1383 477 1434 tamen
500 1369 544 1434 ob
575 1389 642 1434 rem
666 1384 699 1434 et
720 1367 827 1434 hicet
850 1367 899 1434 illi
919 1367 1107 1452 reprehensi
1129 1369 1245 1434 acriter
1264 1383 1297 1434 et
1317 1369 1427 1452 puniti
1447 1385 1537 1437 sunt.

370 1479 416 1546 Et
444 1501 485 1546 ne
518 1483 582 1547 hoc
614 1481 747 1564 quidem
774 1499 862 1548 nunc
892 1481 1019 1566 agitur,
1041 1481 1100 1549 sed
1124 1499 1166 1548 ne
1188 1480 1417 1564 relinquantur
1437 1501 1539 1566 penes

368 1594 496 1660 hostem
516 1593 624 1673 vires,
647 1594 769 1677 quibus
801 1593 1025 1660 innocentium
1058 1594 1092 1659 in
1126 1593 1264 1660 exitium
1285 1607 1406 1660 utatur.
1450 1593 1539 1660 Vere

368 1724 467 1785 sane,
498 1725 575 1780 vere
607 1725 753 1772 summus
785 1705 841 1772 ille
869 1707 987 1774 doctor
1009 1705 1141 1789 pietatis
1164 1721 1198 1771 et
1222 1726 1350 1772 morum
1372 1707 1384 1742 ³
1407 1710 1539 1791 culpare

368 1817 489 1883 bellurn
513 1817 556 1883 ob
569 1817 891 1900 incommoda‚quae
914 1817 990 1885 inde
1013 1831 1220 1901 sequuntur,
1243 1819 1339 1903 cujus
1363 1813 1540 1904 generis'et

369 1929 483 1996 caedes
505 1943 538 1996 et
559 1930 695 2014 praedae
715 1945 811 2013 sunt,
835 1930 1110 2017 timidorumjesse
1122 1930 1206 1996 dixit
1217 1949 1284 1996 non
1296 1930 1538 2018 religiosorum.

456 2041 555 2106 Hunc
577 2045 689 2129 igitur
710 2055 874 2108 terrorem
897 2046 1003 2107 animi
1024 2042 1240 2128 tenebrasque
1261 2062 1382 2107 necesse
1404 2058 1452 2108 est

456 2153 535 2220 Non
558 2153 653 2220 radii
675 2154 751 2219 solis
773 2175 876 2240 nequa
898 2153 1012 2220 lucida
1035 2153 1103 2220 tela
1125 2153 1193 2219 dia·

453 2266 676 2350 Discutiunt,
700 2265 756 2332 sed
777 2278 925 2331 naturae
946 2269 1062 2353 species
1086 2269 1249 2351 ratioque.
1272 2263 1285 2299 ⁴

409 2377 545 2462 Proprie
568 2379 653 2445 enim
672 2380 756 2457 ista,
784 2379 818 2445 ni
837 2376 959 2462 fallor,
982 2392 1098 2462 poetae
1123 2379 1226 2444 verba
1243 2379 1434 2462 usurpabo,
1461 2397 1538 2443 curn

366 2491 499 2556 omnino
522 2513 561 2557 ex
584 2492 655 2576 ipsa
673 2504 807 2558 naturae
829 2490 959 2575 specie,
983 2510 1049 2558 non
1071 2489 1202 2556 aliunde
1224 2491 1445 2574 quaerendum
1471 2489 1537 2565 sit,

366 2619 525 2686 quantum
560 2605 652 2686 aliis,
687 2618 845 2688 quantum
866 2605 963 2672 nobis
986 2605 1170 2670 debeamus.
1214 2604 1264 2671 Ita
1283 2604 1342 2671 fiet
1364 2619 1402 2671 ut
1423 2605 1537 2687 explo-

364 2733 435 2785 rato
463 2719 541 2786 belli
572 2739 608 2784 ac
644 2717 851 2803 potissimum
874 2718 1009 2803 praedae
1026 2718 1121 2802 jure,
1142 2716 1247 2782 omnis
1270 2737 1320 2782 res
1341 2717 1403 2783 ista
1424 2731 1535 2800 patere

364 2831 473 2900 cuivis
493 2832 618 2916 possit,
642 2832 700 2916 qui
723 2833 823 2900 nrodo
842 2850 942 2899 sensu
963 2829 1129 2898 communi
1148 2849 1215 2896 non
1236 2846 1354 2896 careat.

252 2952 350 3014 Arta-0
408 2943 446 3010 Id
466 2960 597 3029 autem,
621 2945 661 3012 de
683 2966 751 3030 quo
771 2945 961 3029 quaeritur,
983 2945 1047 3008 tale
1068 2957 1128 3010 est.
1176 2941 1263 3007 Cum
1282 2942 1322 3007 ab
1335 2960 1537 3024 annousque

368 3073 451 3139 1595
487 3058 603 3124 missae
638 3059 678 3124 ab
713 3057 901 3124 Hollandis-
924 3054 1144 3136 Zelandisque
1175 3053 1412 3120 mercatoribus
1435 3071 1536 3120 naves

363 3167 397 3232 in
430 3167 575 3235 diversas
603 3168 709 3236 Indici
742 3168 866 3234 Oceani
898 3167 1042 3246 insulas,
1076 3166 1116 3231 ab
1138 3165 1277 3250 imperio
1299 3165 1534 3231 Lusitanorum

362 3281 502 3359 liberas,
535 3281 802 3348 commerciorum
824 3281 926 3367 gratia
947 3280 1102 3362 itassent,
1125 3293 1243 3345 nautae
1264 3277 1376 3343 multis
1399 3296 1535 3344 suorum

362 3393 516 3460 caedibus
549 3393 683 3477 suisque
709 3392 857 3474 damnis,
891 3412 974 3477 quae
993 3410 1062 3493 ⁸per
1091 3389 1326 3457 Lusitanorum
1357 3387 1536 3476 calumnias

362 3522 418 3573 aut
442 3506 623 3574 emissarios
657 3506 911 3590 eorumdemque
933 3503 1102 3589 perfidiam
1127 3517 1160 3569 et
1181 3502 1249 3569 vim
1273 3501 1413 3585 denique
1445 3519 1536 3584 aper·

360 3636 425 3687 tam
466 3636 563 3703 atque
593 3635 765 3697 armatam.
799 3638 874 3685 cum
908 3618 971 3700 ipsi
1002 3632 1072 3684 turn
1105 3614 1213 3683 sociae
1248 3629 1360 3698 gentes
1394 3613 1536 3696 pertule-

360 3747 453 3814 rant,
476 3731 518 3798 wad
540 3731 698 3799 ultionem
722 3731 851 3797 tandem
875 3749 909 3796 se
933 3747 1160 3813 composuere.
1205 3726 1285 3794 Post
1305 3725 1433 3808 aliquot
1446 3724 1533 3791 edita

359 3845 514 3927 utrinque
535 3843 725 3911 hostilitatis
749 3845 896 3926 exempla
929 3859 1014 3908 anno
1041 3842 1123 3907 1602
1146 3837 1291 3920 accidit,
1320 3852 1359 3902 ut
1390 3837 1535 3922 Jacobus

360 3957 616 4026 Hemslrerckius
658 3955 754 4023 classi
797 3951 1094 4021 Amstelodamensi
1125 3965 1203 4018 octo
1231 3949 1365 4016 navium
1388 3946 1535 4046 praefec-

392 4232 494 4283 ¹Nurn.
515 4233 742 4296 19.sr.1)eut.7.
761 4242 786 4277 a.
820 4223 915 4276 'sam
932 4240 954 4276 r.
973 4237 1012 4281 1⁵·
1046 4223 1165 4273 Ambros.
1182 4224 1214 4273 de
1230 4223 1274 4272 off.
1290 4224 1308 4271 l.
1328 4235 1351 4271 r.
1366 4221 1458 4271 citatur
1471 4223 1533 4271 inc.

357 4337 395 4374 est
412 4324 514 4384 injusta.
534 4323 616 4388 [Haec
628 4336 681 4372 non
697 4323 813 4382 leguntur
829 4319 857 4368 in
873 4318 941 4366 libro
960 4315 1090 4365 Ambrosii
1108 4317 1140 4365 de
1155 4313 1264 4378 officiis,
1279 4327 1369 4364 verum
1386 4312 1496 4361 interm.
1506 4313 1532 4360 t.

336 4419 389 4467 ·ad
404 4429 444 4478 ps.
465 4419 520 4466 118.
537 4429 576 4466 vs.
595 4429 620 4464 a.
636 4412 703 4462 Vide
724 4423 810 4461 annot.
827 4412 859 4459 ad
879 4411 956 4459 Dect.
973 4410 1043 4458 Grtt.
1059 4421 1086 4469 p.
1105 4421 1130 4457 a.
1147 4419 1188 4466 as.
1206 4421 1231 4468 4„
1256 4404 1309 4469 aa]
1346 4402 1358 4437 ⁸
1375 4406 1484 4464 August.
1507 4416 1531 4451 c.

357 4509 440 4559 Faust.
458 4506 571 4557 Manich.
583 4508 601 4554 l.
620 4519 660 4554 aa.
678 4518 702 4553 c.
720 4516 762 4565 74,
781 4503 872 4553 citatur
886 4502 913 4551 in
928 4515 953 4551 c.
969 4501 1032 4563 quid
1049 4501 1174 4562 culpatur.
1202 4497 1291 4563 [Dect.
1310 4497 1380 4546 Grac.
1399 4511 1426 4557 p.
1445 4509 1472 4545 a.
1491 4507 1533 4553 as.

360 4614 382 4650 1.
400 4599 439 4666 4.]
474 4599 486 4632 ⁴
501 4600 623 4650 Lucreti.
640 4611 663 4646 a.
681 4595 732 4662 [vt.
750 4599 791 4653 58.
808 4594 880 4661 aqq.]
