3450 5434
352 636 415 699 292
657 635 703 680 DE
726 632 818 697 JURE
844 633 1028 680 PRAEDAE.
1054 635 1123 680 CAP
1148 635 1230 680 xlll.

354 788 558 870 trucidatus,
595 808 668 853 curn
702 803 807 853 tamen
843 807 910 852 non
944 788 1086 854 nesciam
1122 806 1219 867 eum,
1255 789 1313 871 qui
1348 787 1527 854 amicorum

354 901 490 985 injurias
521 899 751 982 persequitur‚
775 899 904 983 injure
928 898 994 963 dici
1017 918 1082 963 non
1106 919 1241 965 suorum
1264 900 1446 980 duntaxat,
1470 899 1530 964 sed

355 1031 430 1077 suas
463 1010 705 1092 quodammodo
738 1008 873 1094 injurias
904 1009 1058 1091 persequi
1080 1016 1114 1090 ¹,
1145 1031 1220 1076 eum
1243 1011 1382 1075 maxime
1405 1010 1438 1074 in
1462 1027 1529 1076 tarn

355 1121 547 1205 longinquis
569 1121 760 1205 regionibus
782 1121 899 1203 procul
923 1119 1069 1205 agnatis,
1092 1124 1208 1204 procul
1231 1123 1329 1189 domo
1352 1124 1531 1205 populares

356 1253 469 1298 omnes
501 1231 595 1314 quasi
628 1231 760 1298 intimos
791 1232 1067 1314 complectamur,
1093 1253 1198 1314 eoque
1221 1232 1349 1300 firmius
1371 1233 1533 1318 astringat

210 1367 238 1433 {¹¹
258 1366 341 1431 ωυρμ.
356 1345 483 1427 patria,
517 1363 585 1424 quo
616 1342 750 1427 longius
781 1342 927 1408 dissidet.
976 1343 1028 1408 Ne
1056 1343 1139 1409 illud
1162 1343 1295 1425 quidem
1319 1345 1531 1424 memorabo,

194 1421 341 1466 mm
357 1454 489 1537 quoties
520 1456 585 1539 jam
621 1469 695 1518 ante
728 1455 768 1519 ab
804 1453 913 1518 eadem
948 1453 1102 1518 societate
1141 1454 1232 1521 missi
1266 1457 1367 1520 duces
1401 1456 1532 1521 collatis

356 1565 507 1631 manibus
530 1565 635 1630 coacti
659 1563 781 1630 fuerint
802 1583 875 1629 cum
896 1563 1065 1630 Lusitanis
1085 1566 1272 1651 confligere.
1319 1567 1392 1650 lpse
1411 1566 1533 1633 Hems·

249 1705 253 1712 ·
356 1676 509 1743 kerckius
542 1677 679 1760 ejusque
710 1690 828 1741 nautae
861 1691 893 1741 et
925 1677 1079 1741 nauarchi
1113 1697 1197 1759 quae
1229 1697 1264 1742 ac
1298 1678 1408 1759 qualia
1441 1678 1532 1760 passi

359 1787 461 1854 sunt?
508 1787 703 1852 Fortunatas
734 1787 857 1852 insulas
888 1787 1102 1868 praetervecti
1133 1788 1191 1854 vix
1222 1804 1334 1871 erant,
1366 1788 1534 1855 cumillis

358 1899 511 1963 tredecim
544 1913 735 1963 armatarum
769 1898 902 1963 navium
937 1900 1051 1965 classis
1078 1898 1256 1981 Hispanico
1278 1899 1409 1966 obviam
1445 1899 1533 1966 lacta

357 2024 419 2075 est.
475 2008 615 2092 Hispani
657 2009 747 2091 quod
788 2029 838 2074 res
873 2024 940 2075 erat
969 2009 1176 2094 judicantes,
1210 2026 1243 2076 et
1273 2012 1413 2078 batavos
1444 2031 1533 2093 quos

356 2120 513 2186 videbant
533 2140 602 2185 esse
624 2135 656 2186 et
675 2120 798 2186 Indiam
818 2120 908 2203 peti,
934 2140 1000 2187 non
1019 2143 1052 2189 se
1071 2123 1326 2206 continuerunt,
1351 2123 1532 2205 quominus

358 2231 468 2296 statim
500 2231 614 2297 hostili
646 2252 736 2297 more
758 2232 978 2299 incurrerent:
1001 2253 1101 2299 naves
1126 2233 1340 2300 Hollandicae
1364 2233 1533 2318 perfossae

358 2343 479 2408 ictibus
514 2342 733 2409 machinarum
769 2345 1023 2426 scloporumque
1057 2360 1156 2428 atque
1180 2346 1276 2412 etiam
1299 2346 1449 2412 cominus
1471 2367 1532 2429 op·

357 2469 540 2539 pugnatae‚
565 2453 726 2520 interiecti
744 2474 818 2538 pars
836 2470 1034 2537 nautarum,
1056 2457 1218 2523 vulnerati
1235 2461 1433 2542 complures.
1457 2458 1532 2524 Nec

356 2569 495 2633 multum
520 2566 629 2632 aberat
651 2566 733 2648 quin
757 2567 868 2635 hostes
888 2567 1004 2650 navis,
1036 2569 1088 2634 cui
1112 2568 1230 2635 Rubro
1255 2569 1361 2635 Leoni
1385 2589 1530 2650 nomen,

355 2679 563 2761 potirentur,
595 2679 628 2743 ni
653 2678 855 2760 intempore
888 2679 1054 2762 suppetias
1078 2680 1224 2745 venisset
1246 2679 1530 2761 Hemskerckius‚

356 2790 413 2873 qui
438 2805 469 2855 et
491 2790 562 2873 ipse
583 2809 715 2869 eorum,
738 2809 822 2871 quos
854 2810 955 2872 penes
978 2811 1012 2857 se
1035 2791 1197 2873 habebat,
1231 2792 1313 2858 alios
1342 2793 1429 2860 vidit
1451 2812 1532 2859 con·

356 2901 523 2983 cidentes‚
556 2902 639 2966 alios
660 2900 813 2966 membris
837 2901 983 2967 mutilos.
1027 2902 1105 2989 Quo
1128 2903 1304 2968 certamine
1326 2906 1431 2970 coacti
1452 2922 1533 2971 sunt

358 3012 628 3080 Hemskerckiani
652 3027 683 3077 et
705 3014 860 3079 mercium
885 3029 916 3079 et
940 3014 1073 3080 navium
1097 3030 1130 3080 et
1141 3015 1227 3080 vitae
1240 3015 1328 3081 adire
1339 3016 1530 3084 discrimen.

356 3124 489 3211 Quibus
520 3123 617 3200 malis
638 3125 796 3206 accessit,
830 3126 921 3206 quod
951 3126 1045 3192 navis
1075 3127 1191 3192 Ruber
1222 3127 1291 3193 Leo
1321 3142 1410 3193 tanta
1439 3130 1532 3195 clade

301 3239 304 3244 ’
357 3237 504 3303 deserere
533 3239 666 3302 classem
698 3251 730 3300 et
746 3236 791 3306 ,in
818 3236 955 3319 patriam
985 3235 1088 3303 redire
1117 3253 1230 3304 coacta
1258 3255 1322 3305 est:
1358 3255 1426 3306 tum
1450 3262 1531 3308 vero

356 3348 450 3414 navis
473 3368 531 3431 ea,
555 3368 639 3430 quae
660 3368 678 3411 a
697 3347 857 3429 praetoria
881 3349 1022 3414 secunda
1042 3364 1130 3432 erat,
1156 3353 1256 3417 altero
1276 3366 1352 3434 post
1370 3353 1529 3435 praelium

358 3459 410 3524 die
432 3459 574 3524 immista
595 3458 712 3524 iterum
736 3458 893 3542 Hispanis
917 3461 974 3556 vix
996 3480 1124 3526 summo
1135 3462 1282 3544 periculo
1294 3483 1329 3528 se
1339 3463 1531 3546 expedivit,

357 3590 464 3652 neque
482 3590 562 3636 vero
580 3589 616 3635 se
636 3585 750 3652 postea
773 3590 846 3636 cum
867 3574 967 3638 classe
980 3571 1178 3638 Hollandica
1189 3575 1388 3660 conjungere
1401 3575 1531 3658 potuit,

358 3701 475 3768 magno
503 3682 543 3746 ad
570 3698 758 3766 susceptum
789 3683 849 3750 iter
871 3683 1089 3749 incommodo.
1137 3685 1236 3751 Facta
1257 3685 1389 3767 quidem
1413 3687 1494 3752 haec
1514 3707 1533 3752 a

359 3795 565 3860 Castellanis.
589 3795 654 3860 Sed
674 3796 707 3859 hi
727 3795 880 3860 nimirum
902 3796 950 3861 illi
973 3811 1071 3878 sunt,
1096 3797 1240 3879 quinon
1269 3817 1377 3883 regem
1404 3814 1531 3866 tantum

265 3959 268 3966 .
357 3908 528 3987 eumdem,
553 3907 610 3973 sed
632 3907 709 3972 belli
730 3927 844 3973 causas
866 3922 898 3973 et
910 3907 984 3974 odia
998 3908 1030 3973 in
1044 3908 1184 3974 Batavos
1194 3909 1379 3976 communia
1389 3911 1532 3977 habent:

358 4023 506 4102 quorum
521 4017 641 4085 auxilia
659 4037 677 4082 a
697 4018 868 4084 Lusitanis
887 4020 1043 4086 adversus
1063 4021 1203 4086 Batavos
1224 4021 1319 4088 etiam
1338 4043 1396 4105 per
1406 4022 1530 4090 Indiam

391 4305 399 4336 ¹
419 4305 488 4354 Guil.
506 4305 532 4352 in
550 4306 567 4352 l.
586 4307 630 4353 sed
649 4317 674 4352 et
690 4307 746 4353 hac.
762 4305 788 4352 ff.
806 4307 837 4353 de
855 4319 959 4365 procur.
972 4305 1015 4369 [D.
1035 4320 1058 4364 3.
1077 4319 1099 4364 ³·
1117 4305 1170 4371 as]
1191 4309 1244 4355 llal.
1263 4308 1320 4356 inl.
1341 4321 1362 4356 1.
1381 4311 1410 4356 C·
1428 4311 1459 4358 de
1476 4324 1531 4358 acc.

358 4395 401 4457 [C.
415 4409 439 4458 9.
455 4395 491 4457 a]
517 4397 559 4443 Gl.
582 4395 609 4444 in
626 4399 642 4443 l.
660 4397 757 4444 coloni.
776 4398 805 4444 C.
824 4397 916 4457 quibus
936 4411 966 4445 ex
986 4410 1054 4446 caus.
1072 4401 1124 4446 col.
1143 4397 1185 4460 [C.
1206 4411 1244 4446 rr.
1262 4411 1303 4460 49.
1320 4399 1356 4460 a]
1377 4403 1453 4448 Alex.
1470 4401 1495 4449 in
1513 4404 1531 4448 l.

356 4489 402 4534 ult.
419 4487 446 4534 ff.
464 4488 496 4534 de
513 4487 584 4547 publ.
601 4485 656 4544 jud.
677 4485 720 4550 [D.
738 4490 779 4547 48.
800 4488 834 4549 1.]
854 4500 879 4535 et
896 4488 921 4535 in
941 4490 957 4536 l.
976 4502 999 4536 a.
1017 4488 1042 4536 u.
1059 4489 1091 4536 de
1107 4501 1160 4537 acc.
1179 4487 1225 4552 [D.
1243 4493 1285 4550 48.
1301 4488 1337 4550 a]
