3450 5434
377 621 440 699 264
676 640 723 686 nn
747 642 840 705 June
868 640 1052 689 rnnnnnn.
1077 642 1159 689 can.
1185 642 1250 688 x11.

376 794 499 859 bellum
526 810 732 879 cogerentur.
778 796 853 862 Hoc
877 798 917 861 ab
939 796 1011 879 ipso
1032 795 1209 883 navigandi
1229 796 1325 864 initio
1350 812 1420 864 tota
1444 818 1550 865 rerum

229 908 364 1009 iii'i'ai:
378 906 477 972 series
498 921 531 971 et
550 906 759 992 longissimae
780 908 902 990 quietis
922 908 1078 991 patientia
1097 910 1317 977 demonstrat:
1340 909 1427 977 sicut
1446 910 1553 993 primo

228 1015 270 1061 W·
377 1018 466 1083 exitu
490 1019 634 1086 diximus
657 1040 755 1086 naves
776 1020 984 1086 Lusitanicas
1008 1035 1171 1103 quatuor,
1205 1042 1280 1087 cum
1307 1012 1475 1106 sigillatim
1496 1042 1550 1087 oc·

377 1146 546 1196 currerent
586 1146 696 1213 parata
737 1130 948 1213 cupientibus
986 1132 1128 1215 praeda,
1169 1132 1241 1198 sine
1271 1152 1357 1199 noxa
1390 1133 1548 1199 dimissas.

377 1243 456 1309 Fuit
487 1243 584 1308 ctiam
618 1264 692 1309 cum
723 1258 856 1325 captaa
884 1242 1054 1309 Lusitanis
1085 1245 1174 1309 ultro
1205 1243 1286 1327 ipsis
1317 1243 1548 1322 redderentur,

377 1355 468 1437 quod
489 1354 716 1438 Wolphardus
740 1355 947 1420 Harmannus
970 1352 1049 1421 fecit
1072 1354 1105 1421 in
1124 1355 1224 1437 navi,
1246 1356 1385 1420 carbella
1409 1353 1548 1433 dicitur,

377 1486 461 1549 quae
485 1467 744 1531 Femambucum
768 1466 866 1533 missa
892 1466 972 1532 citra
1004 1481 1211 1548 aequatorem
1241 1478 1438 1532 occurrerat.
1485 1464 1549 1529 Sed

376 1596 451 1642 cum
481 1577 613 1642 doceret
636 1576 836 1660 experientia
859 1577 1039 1643 Lusitanos
1063 1592 1154 1643 tanto
1177 1576 1333 1643 audacius
1355 1576 1388 1641 in
1410 1575 1548 1641 Batavos

377 1689 524 1769 saevire,
549 1704 708 1771 quantum
728 1689 941 1755 amovebatur
963 1688 1096 1754 talionis
1116 1703 1246 1770 metus,
1270 1687 1361 1770 quod
1378 1687 1547 1753 minimum

375 1799 440 1866 ferit
463 1802 525 1865 boc
544 1800 658 1866 Batavi
678 1815 869 1881 tentarunt,
894 1818 934 1866 an
956 1799 1106 1865 homines
1129 1818 1196 1865 non
1219 1799 1329 1865 minus
1350 1797 1439 1864 avari
1451 1816 1547 1880 quam

376 1912 525 1977 crudeles
558 1914 672 1977 saltem
705 1912 867 1976 bonorum
896 1912 1023 1995 iactura
1052 1910 1171 1977 adduci
1194 1925 1350 1992 possent,
1380 1924 1419 1975 ut
1439 1910 1494 1994 J'us
1517 1923 1548 1974 et

375 2043 487 2106 pacem
519 2025 675 2089 colerent.
722 2022 881 2105 Exempla
904 2020 1023 2117 referre
1053 2022 1291 2102 abstinentiae,
1314 2020 1379 2086 hoc
1403 2040 1484 2087 vero
1506 2018 1550 2085 sit

376 2134 493 2200 virtuti
526 2149 559 2199 et
589 2131 693 2200 famae
725 2133 856 2200 illorum
889 2133 1040 2218 injuriam
1073 2132 1196 2199 facere:
1221 2152 1324 2199 unum
1346 2146 1454 2197 tamen
1482 2148 1548 2197 non

376 2246 547 2325 reticebo,
570 2246 667 2329 cujus
689 2244 827 2310 historia
848 2265 922 2310 curn
944 2245 1080 2327 praedae
1098 2245 1203 2328 ipsius
1215 2259 1361 2326 tempore
1373 2244 1548 2327 conjuncta

231 2378 322 2424 rrum.
339 2371 439 2446 pest.
496 2357 582 2421 Cum
614 2375 672 2421 rex
698 2356 878 2437 Dammae,
912 2370 950 2422 ut
979 2355 1057 2421 alibi
1091 2356 1257 2438 diximus,
1289 2355 1408 2420 missos
1442 2354 1485 2419 ad
1513 2372 1548 2417 se
1702 2422 1703 2425 ,

230 2432 268 2531 ii'.
292 2444 363 2480 ‘'m‘'
376 2467 596 2551 negotiatores
625 2466 744 2551 viginti
767 2467 916 2550 captivos
941 2466 1124 2548 detineret,
1149 2480 1182 2531 et
1204 2486 1264 2548 pro
1287 2465 1451 2548 capitibus
1472 2478 1547 2529 octo
1702 2426 1703 2511 i

376 2578 518 2660 pretium
557 2577 772 2659 extorsisset,
810 2592 954 2643 caeteros
992 2579 1081 2643 nulla
1122 2576 1311 2644 conditione
1345 2575 1547 2654 dimitteret,
1702 2588 1703 2683 l

378 2688 657 2771 Hemslrerckius,
682 2688 739 2771 qui
758 2689 958 2771 prodendam
978 2708 1044 2754 non
1065 2688 1269 2754 existimabat
1281 2686 1426 2753 hominis
1438 2688 1548 2771 cuius-
1702 2684 1703 2719 ¹

378 2822 475 2885 quam
496 2800 611 2866 Batavi
630 2800 835 2879 libertatem,
859 2800 1047 2883 praesertim
1066 2820 1162 2882 quem
1183 2800 1258 2865 talis
1278 2798 1416 2883 perfidia
1436 2798 1470 2863 in
1491 2798 1549 2863 mi·

376 2914 491 2979 seriam
512 2911 750 2995 implicuisset,
775 2911 891 2977 ulcisci
913 2930 968 2977 eos
989 2911 1276 2995 pignorationibus
1295 2909 1422 2976 statuit.
1451 2910 1548 2976 Forte

375 3023 496 3089 accidit
518 3039 556 3089 ut
576 3024 660 3089 inter
678 3024 757 3088 alias
776 3042 877 3089 naves
893 3021 1040 3107 Jorensis
1063 3042 1128 3088 una
1151 3042 1191 3087 ex
1220 3021 1295 3101 his,
1325 3040 1410 3104 quae
1431 3021 1548 3104 juncae
1702 3084 1703 3107 ἦ

375 3150 557 3217 vocantur,
581 3135 750 3199 Dammam
771 3148 919 3216 peteret,
944 3153 1040 3215 quam
1064 3132 1319 3198 Hemskercltius
1336 3132 1546 3197 Dammanam

373 3260 466 3325 ratus
496 3265 563 3312 non
596 3246 686 3310 aliud
716 3264 814 3327 quam
844 3244 997 3311 detinuit.
1047 3242 1197 3310 Nuntios
1226 3244 1395 3308 Dammam
1427 3243 1469 3307 ad
1500 3262 1548 3306 re·

376 3377 448 3440 gem
472 3356 596 3436 mittit,
620 3376 678 3439 per
698 3375 783 3437 quos
805 3356 832 3420 si
855 3355 977 3437 reliqui
996 3374 1131 3422 suorum
1153 3353 1325 3420 duodecim
1346 3354 1548 3419 remitteren-
1702 3330 1703 3411 i

373 3484 449 3548 tur,
482 3466 725 3533 restitutionem
757 3466 850 3532 navis
884 3465 1029 3532 vicissim
1061 3480 1094 3531 et
1123 3465 1156 3529 in
1181 3480 1348 3547 posterum
1373 3464 1544 3529 amicitiam
1702 3528 1703 3531 ,

374 3578 560 3661 pollicetur.
584 3578 651 3643 Sed
670 3578 724 3643 ille
743 3579 854 3643 haere
873 3578 957 3643 nihil
978 3592 1109 3655 motus,
1130 3575 1224 3641 etiam
1249 3576 1411 3639 detentam
1432 3594 1545 3641 navem

373 3689 408 3755 vi
439 3703 559 3753 armata
589 3689 785 3755 custodibus
818 3688 941 3771 eripere
965 3702 1103 3753 conatus
1125 3700 1184 3752 est.
1231 3686 1309 3772 Quo
1329 3685 1403 3752 viso
1424 3685 1547 3769 placuit

373 3800 547 3867 consilium
578 3815 616 3865 ut
646 3820 767 3865 merces
799 3814 1047 3882 separarentur,
1079 3797 1232 3883 magister
1259 3796 1353 3865 navis
1381 3816 1458 3863 cum
1480 3796 1546 3879 ipsa

371 3911 448 3979 navi
478 3926 511 3976 et
539 3910 729 3977 hominibus
759 3910 968 3994 septuaginta
999 3910 1169 3974 Dammam
1207 3907 1413 3990 mitteretur,
1438 3908 1546 3974 addita

371 4022 573 4107 sponsione,
603 4037 643 4087 ut
665 4022 692 4086 si
715 4022 912 4087 Batavorum
934 4020 1161 4085 liberationem
1189 4018 1381 4103 perficeret,
1407 4020 1471 4102 ipsi
1491 4034 1545 4085 aut

371 4154 492 4201 merces
526 4133 759 4213 redderentur,
784 4146 840 4197 aut
873 4131 1036 4214 pretium,
1061 4131 1154 4213 quod
1175 4130 1323 4213 quinque
1348 4130 1455 4197 Catiis
1476 4129 1543 4196 auri

370 4245 606 4312 aestimaverat.
652 4244 737 4310 Cum
759 4243 878 4309 deinde
900 4243 1056 4325 temporis
1077 4243 1159 4308 ratio
1181 4257 1212 4307 et
1234 4261 1336 4323 aquae
1360 4240 1468 4307 dulcis
1490 4260 1543 4322 pe·

323 4426 330 4433 ,
369 4356 462 4424 nuria
484 4374 609 4424 mutare
633 4356 805 4423 stationem
830 4369 982 4439 cogeret,
1006 4354 1105 4420 Indos
1129 4372 1256 4431 omncs,
1281 4372 1365 4434 quos
1388 4370 1490 4434 penes
1509 4372 1542 4417 se

371 4470 535 4550 habebat,
560 4466 817 4534 Hemslrercleius
835 4463 868 4531 in
888 4484 963 4531 suas
983 4485 1148 4548 quemque
1165 4464 1258 4531 sedes
1275 4462 1425 4530 dimittit.
1449 4464 1541 4529 Duos
