3450 5434
328 542 393 587 120
614 539 662 584 DE
685 538 778 604 JURE
801 537 986 585 PRAEDAE.
1009 537 1089 585 CAP.
1113 536 1195 583 vlu.

327 711 477 774 expresse
496 691 654 758 convenit
674 706 713 757 ut
732 690 966 771 redderentur,
988 691 1069 757 haec
1090 703 1128 755 ut
1146 688 1225 756 belli
1245 688 1386 772 praemia
1407 706 1508 771 penes

326 821 528 884 possessores
550 817 681 868 manent
691 805 712 868 ¹.
744 801 887 868 Videtur
908 802 1024 887 igitur,
1044 821 1117 867 cum
1138 800 1290 885 pactione
1301 799 1507 865 efficiendum

327 912 370 979 sit
393 927 431 978 ut
460 912 684 995 recipiantur,
714 914 769 998 jus
800 932 973 979 commune
1004 914 1037 978 in
1070 911 1268 978 contrarium
1291 910 1506 994 praecedere:

303 1023 391 1111 ,hoc
413 1035 522 1089 autern
554 1022 645 1089 aliud
668 1043 738 1089 esse
760 1042 827 1089 non
847 1037 982 1107 potest,
1005 1042 1103 1106 quam
1130 1042 1170 1087 ex
1201 1021 1302 1087 tacito
1333 1020 1505 1088 civitatum

181 1101 498 1201 iiii⁰¹'‘¹‘c0nsensu.
544 1133 659 1199 Potest
689 1149 723 1200 et
755 1134 839 1200 illud
860 1134 963 1199 eidem
995 1133 1041 1198 rei
1074 1133 1272 1198 documento
1296 1150 1391 1213 esse,
1414 1132 1507 1213 quod

328 1262 440 1310 omnes
468 1263 522 1310 res
546 1264 631 1325 quae
654 1244 742 1310 bello
773 1244 947 1327 capiuntur
967 1258 1024 1309 aut
1047 1243 1080 1310 in
1103 1242 1306 1325 postliminio
1327 1256 1428 1321 sunt,
1449 1254 1508 1307 aut

328 1368 419 1419 extra
450 1352 702 1437 postliminium.
747 1354 787 1419 In
818 1354 870 1419 his
900 1374 985 1435 quae
1014 1352 1251 1437 postliminium
1275 1369 1341 1418 non
1361 1352 1506 1433 habent,

328 1484 403 1529 cum
421 1478 551 1547 recepta
570 1464 611 1528 ad
630 1464 757 1547 priores
774 1462 927 1531 dominos
948 1482 1013 1530 non
1030 1464 1185 1544 redeunt,
1204 1476 1330 1529 certum
1343 1477 1393 1529 est
1408 1461 1506 1528 amis·

327 1593 400 1640 sum
432 1593 501 1641 esse
528 1574 584 1658 jus
606 1573 743 1639 dominii
764 1575 945 1657 hostesque
976 1574 1128 1640 dominos
1148 1594 1183 1639 re
1202 1593 1279 1639 vera
1297 1571 1411 1639 factos.
1455 1571 1507 1638 Ea

329 1704 406 1751 vero
435 1704 519 1767 quae
548 1684 582 1751 in
603 1684 806 1767 postliminio
831 1699 910 1751 sunt
940 1684 1063 1750 nonin
1095 1683 1240 1751 dominio
1266 1683 1506 1767 permansisse,

327 1794 386 1861 sed
406 1794 440 1860 in
460 1794 642 1861 dominium
662 1795 792 1860 restitui
812 1794 958 1878 putanda
978 1810 1078 1877 sunt,
1098 1793 1175 1877 quia
1195 1792 1433 1876 postliminium
1455 1793 1506 1858 di·

327 1906 413 1971 citur
440 1906 496 1989 jus
527 1923 597 1970 esse
614 1905 661 1970 rei
692 1905 827 1972 amissae
854 1906 1078 1987 alienataeque
1107 1904 1312 1988 recipiendae
1332 1903 1368 1987 ²,
1392 1904 1437 1970 ita
1467 1918 1506 1969 ut

326 2029 457 2097 recepta
479 2034 539 2098 pro
570 2015 613 2081 iis
635 2016 838 2097 habeantur,
873 2015 967 2099 quasi
1001 2016 1113 2081 hostes
1135 2034 1314 2098 numquam
1343 2014 1384 2081 iis
1405 2014 1506 2097 potiti

328 2138 453 2191 essent:
468 2127 620 2207 clareque
631 2125 785 2191 traditum
796 2140 867 2206 est,
888 2126 946 2191 ubi
957 2125 1137 2192 dominium
1150 2126 1321 2207 retinetur,
1338 2124 1422 2192 nihil
1434 2142 1506 2193 esse

329 2255 413 2319 opus
442 2234 649 2318 postliminii.
693 2235 782 2300 Idem
812 2255 852 2301 ex
883 2256 922 2301 eo
957 2235 1068 2319 colligi
1099 2250 1234 2320 potest,
1258 2234 1338 2319 quia
1363 2236 1507 2303 redemta

329 2346 369 2410 ab
400 2345 553 2413 hostibus
581 2346 737 2411 dicuntur
765 2346 917 2428 protinus
947 2346 1018 2411 fieri
1041 2346 1251 2428 redimentis,
1274 2345 1333 2412 sed
1354 2344 1507 2413 offerenti

328 2456 469 2539 pretium
498 2457 553 2540 jus
572 2455 765 2539 postliminii
788 2456 869 2522 dari.
913 2457 1005 2523 Haec
1029 2472 1137 2523 autem
1160 2457 1270 2523 omnia
1291 2472 1356 2521 tam
1380 2476 1420 2521 ex
1440 2476 1507 2523 una

328 2582 442 2651 parte,
465 2586 563 2649 quam
585 2587 624 2632 ex
645 2568 745 2632 altera
768 2568 916 2633 obtinere
939 2568 1132 2651 apertissimi
1152 2568 1237 2653 juris
1260 2583 1310 2634 est
1323 2574 1348 2635 ⁸.
1372 2568 1420 2633 Et
1429 2587 1507 2633 sane

328 2678 419 2745 haud
437 2678 506 2745 scio
527 2698 567 2743 an
588 2680 655 2744 ulla
674 2678 719 2745 sit
740 2678 854 2761 natio,
880 2699 964 2763 quae
987 2679 1080 2745 aliter
1099 2678 1273 2746 existimet.
1308 2678 1394 2744 Nam
1419 2679 1506 2746 etin

329 2809 418 2857 sacra
439 2788 576 2856 historia
593 2788 712 2873 praeda
732 2789 872 2857 Davidis
892 2789 1013 2855 dicitur
1031 2789 1085 2867 id,
1106 2790 1196 2872 quod
1219 2790 1328 2856 David
1341 2789 1508 2855 Ameleci-

329 2900 396 2980 tis,
414 2900 616 2965 Amelecitae
636 2914 745 2965 autern
766 2898 836 2965 suis
856 2900 1010 2968 hostibus
1027 2900 1213 2983 eripuerant
1225 2898 1253 2965 ’τ
1272 2901 1358 2967 unde
1374 2914 1509 2985 apparet

331 3010 513 3077 dominium
541 3009 592 3075 bis
623 3028 694 3075 esse
725 3010 927 3082 translatum.
973 3011 1051 3076 Fuit
1073 3012 1136 3077 ista
1156 3010 1339 3078 doctissimi
1357 3010 1508 3095 Fulgosii

332 3120 516 3199 sententia,
547 3139 644 3201 quam
660 3120 761 3204 Jason
783 3120 968 3201 sequitur&
1014 3120 1156 3186 Romani
1178 3122 1310 3204 quidem
1332 3123 1510 3189 observan-

333 3230 448 3297 tissimi
480 3230 656 3313 aequitatis
686 3229 829 3313 apertius
854 3231 919 3296 hoc
940 3228 1047 3313 ipsum
1071 3231 1325 3312 constituerant,
1349 3252 1446 3316 quarn
1470 3248 1509 3298 ut

333 3340 495 3406 dubitatio
525 3340 765 3422 relinqueretur
787 3337 813 3408 ⁸.
855 3340 911 3407 Ne
945 3340 1108 3425 pontificii
1143 3342 1276 3425 quidem
1300 3343 1385 3428 juris
1407 3343 1509 3409 inter-

332 3466 442 3534 pretes
462 3450 473 3489 ⁷
495 3450 705 3518 dissentiunt.
751 3452 851 3519 Unde
876 3452 969 3536 sequi
989 3452 1123 3519 videtur
1144 3452 1337 3535 subditum,
1358 3454 1418 3537 qui
1437 3455 1509 3521 bel·

367 3697 411 3745 ι1.
435 3697 457 3745 si
480 3696 544 3758 quid
564 3696 684 3746 helluli.
707 3700 739 3747 de
757 3709 824 3759 capt.
843 3699 888 3762 [D.
907 3712 949 3761 49.
969 3711 1007 3755 rs.
1025 3697 1077 3763 28.]
1098 3696 1186 3757 cujac.
1205 3703 1244 3750 ad.
1263 3703 1282 3749 l.
1304 3700 1371 3757 511.
1390 3703 1507 3763 depset.

336 3786 380 3852 [1).
399 3802 423 3837 2.
447 3786 497 3851 ¹4]
518 3801 542 3836 et
558 3788 666 3838 observ.
683 3790 701 3836 1.
718 3802 757 3853 19.
781 3802 807 3845 n.
829 3801 854 3847 7.
887 3786 934 3837 ²1.
951 3788 1147 3850 postliminium.
1162 3790 1188 3839 ff.
1206 3792 1238 3839 de
1255 3802 1321 3852 sept.
1343 3792 1389 3855 [D.
1405 3806 1447 3855 49.
1466 3806 1506 3849 rs.

335 3879 388 3942 19.]
406 3878 462 3928 Cic.
479 3879 546 3938 Top.
565 3878 600 3940 [c.
623 3881 646 3926 8.
661 3882 683 3937 ξ.
701 3880 741 3937 56.
758 3877 808 3942 tq.]
829 3882 847 3929 1.
869 3880 896 3929 in
914 3877 990 3929 bello.
1009 3883 1031 3938 5.
1049 3890 1156 3929 caetera.
1176 3880 1202 3929 11.
1220 3894 1253 3930 eo
1269 3881 1310 3930 tit.
1329 3880 1360 3945 [1.
1379 3895 1419 3931 ra.
1436 3885 1450 3942 ὅ
1467 3881 1504 3947 6.]

332 3969 531 4019 1.nondubito.
553 3981 578 4018 et
599 3971 617 4018 1.
634 3971 729 4019 hostes.
751 3968 780 4033 [1.
805 3982 828 4028 7.
854 3981 879 4019 et
904 3972 922 4019 l.
948 3968 1000 4033 24.]
1022 3972 1046 4019 d.
1064 3972 1081 4019 1.
1099 3970 1126 4019 in
1144 3970 1221 4019 bello.
1240 3975 1261 4030 5.
1279 3972 1375 4033 siquis
1395 3985 1507 4023 servum.

334 4063 365 4126 [1.
385 4075 424 4110 ra.
442 4074 474 4109 eo
491 4060 532 4109 tit.
548 4063 571 4118 1.
588 4060 625 4122 7.]
660 4059 672 4093 ⁸
690 4062 756 4109 Fest.
772 4060 800 4108 in
819 4075 845 4110 v.
862 4060 1057 4110 Postliminium.
1075 4063 1100 4110 d.
1109 4063 1125 4109 1.
1141 4061 1167 4110 in
1182 4060 1259 4111 bello.
1267 4066 1290 4121 ς.
1298 4063 1507 4113 manumittendo.

337 4151 421 4216 [§.9.]
457 4151 646 4208 ⁴sam.1.30.
664 4164 705 4199 20.
738 4150 873 4210 ‘uterque
890 4153 921 4200 ad
936 4153 952 4199 1.
971 4164 1003 4200 ex
1020 4154 1071 4200 hoc
1088 4150 1151 4209 jure.
1169 4151 1195 4199 ff.
1214 4154 1245 4201 de
1262 4151 1320 4211 just.
1338 4166 1363 4202 et
1383 4152 1448 4211 iure.
1462 4152 1507 4217 [D.

338 4256 359 4291 1.
380 4257 402 4294 1.
424 4243 461 4305 5.]
496 4241 587 4291 ‘lust
611 4238 701 4302 quibus
723 4238 864 4299 medisina
886 4253 942 4302 pot.
959 4244 981 4300 ξ.
1000 4242 1044 4302 qui
1061 4239 1091 4290 eb
1107 4244 1173 4291 host.
1195 4241 1226 4307 [1.
1246 4256 1267 4293 1.
1288 4257 1326 4293 12.
1348 4248 1371 4303 ς.
1391 4242 1429 4309 5.]
1448 4244 1508 4307 Dig.

335 4336 366 4382 de
390 4346 457 4395 capt.
478 4344 535 4380 toto
555 4331 596 4381 tit.
616 4330 662 4395 [D.
685 4345 727 4394 49.
753 4331 804 4393 ¹9·]
839 4330 901 4393 ⁷·gl.
924 4332 950 4380 in
967 4346 991 4381 c.
1006 4330 1046 4391 ius
1063 4334 1184 4394 gentium.
1203 4334 1289 4395 [Dect.
1309 4336 1377 4383 Grat.
1395 4348 1421 4395 p.
1441 4348 1463 4384 r.
1484 4349 1506 4384 1.

335 4437 359 4484 4
377 4424 413 4487 9.]
432 4426 491 4473 Pan.
507 4426 540 4474 ad
557 4438 578 4472 c.
597 4424 672 4473 sicut.
691 4424 722 4471 de
740 4420 845 4481 jureiur.
