3450 5434
355 632 400 696 92
647 628 695 675 DE
717 628 811 694 June
836 627 1020 676 PRAEDAE.
1043 628 1124 675 CAP.
1147 626 1230 675 vul.

355 802 479 868 poenae
507 782 549 847 ad
575 782 698 849 bonum
728 782 889 849 duntaxat
917 782 1117 867 reipublicae
1139 782 1342 851 ordinantur.
1385 780 1427 847 Id
1446 800 1530 849 vero

297 888 304 897 ’
355 893 466 979 negari
485 906 607 976 potest.
651 892 736 959 Nam
757 909 934 976 poenarum
953 914 1050 961 causa
1070 894 1229 961 naturalis
1249 907 1321 973 est,
1344 890 1531 975 respublica

355 1022 436 1072 vero
458 1022 525 1071 non
547 1018 685 1085 natura,
705 1006 765 1071 sed
786 1025 826 1070 cx
848 1004 1014 1072 condicto.
1038 1004 1184 1073 Societas
1207 1004 1292 1072 enim
1315 1003 1449 1071 humani
1473 1022 1531 1087 ge·

356 1114 445 1183 neris
466 1135 486 1181 a
506 1129 644 1197 natura,
675 1115 786 1181 civilis
807 1131 937 1197 autem,
970 1136 1036 1200 qua
1058 1117 1156 1199 talis,
1180 1117 1220 1183 ab
1241 1116 1407 1183 instituto.
1450 1114 1531 1196 Ipse

269 1244 277 1265 ⁴
359 1227 557 1295 Aristoteles
576 1224 610 1307 ¹,
634 1246 702 1308 quo
720 1226 859 1293 maxime
880 1240 1013 1294 auctore
1034 1228 1195 1295 contraria
1212 1225 1373 1296 sententia
1392 1224 1530 1304 nititur,

358 1338 405 1405 ita
425 1338 558 1403 scribit:
572 1338 712 1421 ἄνθρωπος
730 1343 791 1422 γὰρ
809 1349 847 1423 τῇ
866 1342 955 1423 φύσει
974 1344 1174 1427 malmesb
1194 1346 1311 1422 μᾶλλον
1330 1341 1348 1416 ἢ
1371 1338 1531 1416 πολιτικόν,

357 1448 413 1535 ὅσῳ
434 1451 565 1533 arpbrepm
580 1451 633 1518 eal
649 1450 873 1533 &ammiserat
904 1454 979 1519 tiela
1002 1452 1112 1525 πόλεως
1132 1454 1181 1519 eei
1201 1450 1363 1519 remmia
1382 1449 1532 1529 καινότερον

356 1570 416 1635 τοῖς
437 1561 525 1645 ζῴοις.
568 1558 673 1624 Homo
692 1560 779 1623 enim
802 1544 991 1646 comagale'
1004 1563 1111 1647 magis
1140 1558 1300 1645 qm'ddam
1325 1571 1372 1623 est
1397 1570 1530 1622 natura

345 1687 458 1754 'quam
480 1669 599 1749 ciuile,
622 1682 747 1755 quanto
768 1669 898 1753 quidem
917 1682 949 1734 et
966 1673 1068 1756 prior
1086 1682 1119 1735 et
1139 1673 1245 1756 magis
1270 1670 1458 1735 necessaria
1480 1678 1530 1731 est

351 1778 496 1862 familia
523 1798 624 1864 quam
655 1782 777 1848 ciuitas
805 1793 837 1843 et
869 1780 983 1845 sobolis
1011 1783 1203 1865 procreatio
1225 1782 1354 1845 cunctis
1374 1780 1531 1843 animan-

359 1889 447 1953 tibus
474 1892 691 1955 communior.
735 1889 838 1957 Quod
870 1903 903 1954 et
934 1910 1008 1956 cum
1038 1889 1151 1957 divina
1188 1889 1323 1957 historia
1355 1886 1530 1955 consentit.
1567 1896 1573 1903 '

358 1998 453 2065 Deus
481 1999 566 2069 enim
597 2001 655 2082 qui
687 2014 804 2066 cuncta
832 2000 957 2067 creavit
977 2001 1010 2067 iu
1031 2021 1090 2069 sua
1111 1999 1334 2084 perfectione,
1357 2017 1424 2065 non
1445 2018 1532 2064 rem·

358 2108 522 2194 publicam
542 2110 665 2177 creauit
693 2111 753 2178 sed
774 2112 924 2179 homines
957 2112 1052 2179 duos.
1097 2112 1213 2195 Itaque
1241 2124 1367 2177 tantum
1390 2110 1531 2176 societas

358 2222 500 2287 bumana
517 2236 603 2302 erat,
619 2221 736 2289 civitas
753 2242 820 2288 non
840 2238 916 2288 erat.
963 2222 1074 2309 Quare
1094 2228 1127 2287 et
1144 2236 1240 2287 aucto
1259 2220 1367 2287 statim
1386 2221 1532 2287 humano

360 2348 478 2417 genere
495 2330 652 2399 naturalis
683 2348 827 2417 potestas
859 2352 959 2417 penes
980 2348 1087 2417 patres
1109 2329 1304 2399 familiarum
1327 2330 1414 2411 brit,
1435 2330 1532 2415 juxta

360 2440 541 2509 Homerum
559 2440 591 2507 ¹:

823 2556 983 2637 damnarier
1004 2558 1034 2623 lt
1054 2554 1175 2630 iecerat

658 2668 768 2733 aralius
788 2666 959 2749 tii'htdxou.

836 2775 937 2839 Soliti
950 2775 1012 2858 jus
1034 2772 1144 2840 dicere
1166 2776 1304 2858 quisque

664 2882 866 2971 Confugibus
881 2888 1076 2970 puerisque.
1128 2911 1135 2927 ·

403 2994 479 3060 Hos
500 2992 601 3079 igitur
622 3012 682 3075 pro
704 2993 757 3059 sui
778 2993 988 3078 familiaeque
1012 3013 1091 3061 suae
1110 2992 1357 3061 conservatione
1376 2993 1531 3078 jurisdic-

358 3104 483 3173 tionem
504 3118 544 3169 ut
565 3086 720 3169 inteinam
732 3150 745 3184 ‚
757 3104 802 3170 ita
823 3120 988 3171 externam
1010 3105 1165 3173 habuisse
1182 3119 1433 3171 consentaneum
1456 3122 1530 3187 est,

360 3214 447 3282 unde
465 3212 663 3280 domesticos
680 3213 889 3299 magistratus
907 3215 990 3283 dixit
1007 3217 1131 3283 Seneca
1149 3213 1171 3283 ¹.
1202 3216 1304 3304 Quod
1321 3230 1429 3283 autem
1445 3216 1532 3300 juris

360 3324 456 3391 initio
479 3322 568 3390 orbis
590 3338 664 3390 ante
681 3324 876 3393 constitutas
894 3325 1044 3393 civitates
1059 3326 1141 3409 fuit,
1164 3326 1249 3393 idem
1267 3341 1379 3410 postea
1396 3345 1531 3393 necesse

362 3450 413 3505 est
438 3434 596 3501 mansisse
626 3454 726 3519 penes
746 3456 802 3502 cos
824 3436 994 3520 homines,
1018 3437 1076 3520 qui
1094 3436 1217 3522 judicia
1237 3437 1300 3503 sibi
1320 3455 1387 3503 non
1407 3436 1531 3503 consti·

360 3559 518 3626 metunt,
542 3544 683 3628 quibus,
705 3562 744 3613 ut
764 3548 888 3615 Seneca
907 3547 919 3584 ⁴
938 3548 1105 3631 loquitur,
1126 3549 1200 3633 jura
1221 3546 1395 3633 distinguit
1412 3548 1531 3615 modus

361 3655 492 3724 virium.
536 3656 625 3722 Idem
637 3656 865 3744 Quintilianus
883 3663 894 3696 ⁵
913 3659 1048 3726 indIcat.
1093 3660 1143 3725 Ita
1165 3657 1253 3741 apud
1275 3656 1449 3725 Ombricos
1469 3658 1531 3723 ob-

361 3781 526 3833 servatum
554 3766 778 3835 Damascenus
795 3773 809 3809 ⁸
827 3784 942 3836 auctor
970 3784 1043 3851 est,
1074 3786 1112 3837 ut
1138 3790 1236 3836 manu
1259 3786 1295 3835 se
1317 3768 1459 3851 quisque
1479 3770 1531 3833 ul·

361 3877 557 3959 cisceretur‚
589 3894 762 3962 manetque
788 3894 934 3965 exparte
958 3880 1056 3947 hodie
1078 3881 1166 3964 apud
1189 3881 1360 3947 Sarmatas.
1404 3878 1475 3943 Irno
1499 3894 1532 3944 et

362 3988 542 4075 singulares
565 3988 639 4054 illae
659 3989 903 4073 dimicationes,
927 4011 1011 4074 quae
1032 3990 1132 4058 hodie
1152 3990 1247 4057 etiam
1266 3988 1378 4055 multis
1397 3988 1431 4054 in
1449 3988 1532 4054 locis

362 4185 552 4199 *-

396 4331 405 4364 ¹
424 4334 455 4381 de
471 4345 537 4381 mor.
554 4332 586 4381 ad
603 4330 706 4380 Nicom.
724 4334 741 4380 l.
759 4334 783 4381 8.
799 4346 823 4381 c.
843 4345 882 4394 14.
901 4332 939 4394 [p.
960 4334 1030 4383 rma.
1050 4346 1071 4382 ι.
1089 4347 1127 4383 vs.
1149 4332 1199 4397 17.]
1236 4330 1327 4395 ²[0d.
1344 4335 1362 4381 1.
1378 4347 1402 4395 9.
1420 4346 1458 4382 vs.
1476 4330 1530 4395 ⁶³·]

363 4423 423 4472 ⁸de
440 4422 525 4472 benef.
540 4424 558 4471 1.
576 4434 599 4480 a.
617 4434 641 4470 c.
658 4435 697 4471 ιι.
730 4420 1009 4481 ⁴aeira1.3.c.a.
1043 4423 1098 4473 ‘in
1119 4426 1224 4475 declam.
1250 4436 1287 4481 rs.
1308 4422 1362 4486 [ed.
1380 4422 1459 4482 bugd.
1480 4424 1533 4471 liat.

364 4527 387 4562 a.
404 4514 475 4569 roos.
490 4527 516 4574 p.
531 4526 585 4576 ¹90·
600 4512 680 4576 med]
714 4512 726 4546 ⁸
742 4513 813 4564 stob.
830 4512 870 4579 [ln
885 4514 961 4566 floril.
975 4518 991 4564 l.
1011 4528 1049 4565 ιο.
1064 4530 1090 4565 n.
1105 4514 1157 4578 70·]
