3450 5434
370 652 433 714 310
659 653 706 700 DE
729 653 823 719 JURE
849 653 1035 699 PRAEDAE·
1062 653 1144 699 CAl’a
1170 653 1244 700 XIV·

369 809 510 890 bantur,
543 829 618 876 cum
650 806 779 874 interim
805 806 941 888 batavi,
967 807 997 873 si
1021 807 1079 889 qui
1103 809 1137 873 in
1161 807 1305 874 hostium
1330 828 1446 876 manus
1470 825 1546 874 ante

368 936 546 1001 venerant,
569 919 775 987 foedissimis
788 918 1210 986 custodiismacerarentur.
1234 921 1389 986 Praedam
1400 921 1547 988 victores

369 1034 487 1098 sortito
511 1033 674 1098 divisere:
698 1046 731 1096 et
753 1045 878 1098 tantum
902 1046 992 1111 erat,
1016 1030 1104 1096 unde
1116 1049 1182 1096 non
1196 1031 1414 1114 prioramodo
1428 1033 1546 1098 damna

368 1145 515 1210 resarciri
546 1145 604 1210 sed
636 1157 668 1208 et
698 1142 776 1208 belli
804 1143 969 1224 impensae
990 1142 1198 1209 mediocriter
1217 1143 1376 1210 sustineri
1397 1159 1545 1227 possent„

368 1255 431 1320 His
455 1257 548 1322 malis
577 1256 684 1320 victae
709 1254 858 1320 civitates
880 1253 1118 1337 Germanicae,
1143 1275 1218 1320 curn
1242 1276 1358 1322 verum
1383 1277 1453 1323 esse
1477 1277 1545 1321 me·

368 1383 520 1447 tuerent,
541 1367 632 1450 quod
652 1367 702 1433 vir
724 1367 860 1431 eximiae
884 1367 972 1448 apud
994 1366 1070 1432 illos
1093 1367 1298 1432 auctoritatis
1318 1367 1546 1450 praedixerat,

368 1480 512 1545 Leonem
543 1481 583 1544 ab
613 1479 693 1562 ipsis
723 1478 865 1559 irritari,
899 1496 996 1558 quem
1020 1479 1119 1542 semel
1141 1477 1318 1544 excitatum
1340 1480 1429 1545 haud
1449 1478 1548 1545 facile

368 1592 537 1675 sopirent,
562 1592 603 1657 ad
625 1611 738 1675 pacem
759 1590 912 1656 orandam
935 1603 1109 1656 venerunt.
1155 1589 1227 1654 Nec
1249 1589 1423 1656 difficulter
1442 1591 1547 1675 impe·

368 1718 495 1769 trarunt
518 1705 558 1769 ab
581 1703 669 1784 illis,
693 1701 752 1784 qui
775 1703 808 1766 in
830 1703 921 1786 justa
943 1700 1070 1766 ultione
1091 1716 1123 1766 et
1144 1701 1275 1786 egregio
1296 1703 1448 1783 quamvis
1467 1705 1547 1769 belli

368 1834 523 1882 successu
544 1831 706 1898 patentem
729 1834 856 1896 semper
880 1814 1061 1880 habuerant
1085 1812 1228 1878 animum
1250 1813 1455 1880 concordiae.
1490 1815 1546 1880 Ne

367 1927 508 1994 sollicite
536 1926 635 1992 nimis
667 1941 798 1991 externa
834 1941 1047 2007 quaeramus:
1073 1924 1107 1989 in
1131 1926 1193 1990 hoc
1219 1945 1285 1990 uno
1309 1929 1461 2009 exemplo
1485 1927 1545 1992 do—

368 2039 504 2105 mestico
523 2041 627 2104 multa
647 2054 725 2104 sunt
742 2039 951 2103 documenta.
991 2036 1152 2102 Videmus
1173 2037 1206 2102 in
1226 2037 1438 2119 suscipiendo
1457 2039 1544 2104 bello

366 2151 546 2235 justitiam,
571 2151 605 2215 in
625 2150 768 2232 gerendo
789 2147 1039 2226 fortitudinem,
1064 2149 1097 2214 in
1117 2149 1311 2231 deponendo
1331 2147 1542 2231 aequitatem.

368 2261 473 2346 Igitur
492 2261 596 2326 eidem
617 2277 649 2326 et
668 2261 830 2327 vincendo
850 2260 1079 2326 misericordes
1099 2273 1131 2325 et
1148 2260 1543 2355 praedandoabstiuentes

367 2386 469 2439 erant.
515 2374 564 2438 At
594 2372 622 2438 si
654 2372 729 2454 quis
763 2392 813 2437 res
844 2373 973 2438 Indicas
998 2371 1134 2437 anobis
1165 2386 1238 2437 ante
1266 2372 1445 2455 descriptas
1467 2393 1542 2438 cum

368 2484 431 2552 ista
468 2485 652 2551 narratione
687 2482 857 2563 conferat,
899 2483 1043 2566 ejusdem
1088 2482 1211 2568 ingenii
1246 2503 1353 2548 mores
1387 2484 1542 2552 mansisse

368 2602 508 2662 centum
523 2612 556 2662 et
576 2597 744 2681 sexaginta
771 2610 848 2678 post
878 2614 980 2660 annos
1001 2595 1089 2660 haud
1111 2595 1211 2661 dubie
1235 2593 1403 2661 fatebitur.
1450 2597 1541 2662 Haec

368 2709 470 2793 lgitur
501 2709 638 2774 honesta
672 2725 721 2773 est
753 2706 860 2786 ultio,
895 2723 979 2788 quae
1010 2707 1094 2790 J'uris
1117 2705 1169 2772 sui
1192 2707 1415 2788 consequendi
1439 2709 1545 2792 gratia

367 2835 551 2903 comparata
575 2836 633 2885 est.
670 2820 763 2885 Hanc
788 2818 932 2884 eamdem
956 2833 1148 2882 mercatores
1175 2817 1289 2882 Batavi
1309 2816 1342 2883 in
1361 2818 1542 2886 Lusitanos

367 2933 483 2998 merito
517 2947 685 3014 usurpant.
731 2931 939 3019 Quamquam
960 2948 1027 2995 non
1060 2928 1192 2994 illorum
1228 2929 1386 2995 duntaxat
1419 2949 1542 3015 causa,

367 3046 425 3110 sed
456 3043 590 3127 publica
612 3059 645 3109 et
667 3042 832 3109 sociorum
865 3040 985 3127 agitur.
1034 3039 1193 3122 Publica,
1231 3055 1299 3106 tum
1325 3039 1404 3124 quia
1428 3063 1543 3128 magna

368 3156 476 3238 aliqua
499 3155 722 3241 negotiatione
745 3173 829 3236 opus
852 3169 926 3235 eat,
952 3173 1036 3236 quae
1060 3167 1093 3218 et
1115 3153 1243 3235 plebem
1266 3169 1298 3218 et
1318 3155 1434 3219 aerarii
1455 3155 1543 3222 vires

367 3281 552 3348 sustentet,
584 3283 654 3332 tum
688 3266 764 3349 quia
797 3280 926 3351 gentem
950 3265 1196 3347 Hispanorum,
1222 3285 1306 3346 quae
1334 3265 1368 3330 in
1391 3267 1543 3351 vestigiis

368 3379 494 3445 dirutae
527 3378 650 3462 patriae
686 3377 901 3442 dominationi
936 3377 1057 3442 solium
1091 3376 1157 3442 sibi
1192 3377 1323 3458 quaerit
1355 3379 1542 3460 collocare,

369 3491 493 3572 ubique
525 3505 682 3556 tetrarum
707 3504 740 3553 et
761 3487 903 3571 opprimi
927 3505 960 3553 et
990 3488 1091 3554 everti
1124 3487 1271 3554 omnium
1307 3489 1465 3570 interest,
1501 3509 1542 3556 ne

368 3602 500 3685 quando
523 3603 564 3668 ad
583 3601 786 3686 subigendos
808 3599 949 3666 Batavos
970 3615 1132 3667 exuemus
1155 3601 1251 3667 etiam
1271 3601 1361 3668 orbls
1379 3603 1542 3669 tributum

367 3713 513 3781 conferre
536 3730 682 3798 cogatur.
730 3713 839 3778 Etiam
864 3711 1053 3793 sociorum,
1082 3714 1146 3779 hoc
1179 3727 1228 3777 est
1263 3731 1374 3798 regum
1398 3716 1541 3798 populo·

367 3847 506 3909 rumque
538 3825 673 3906 Indiae,
706 3845 792 3907 quos
816 3823 967 3889 Lusitani
992 3825 1034 3889 ob
1059 3826 1121 3889 hoc
1146 3843 1270 3905 unum,
1297 3826 1390 3907 quod
1409 3825 1542 3892 batavis

366 3938 490 4006 inimici
514 3952 703 4016 nonaum,
728 3935 816 4002 ferro
841 3950 874 4001 et
896 3935 1033 4002 flammis
1055 3951 1314 4018 prosequuntur.
1359 3937 1541 4004 Testantur

365 4054 429 4117 hoc
442 4051 588 4117 Bantanti
601 4049 802 4133 periculum,
827 4047 1013 4114 Machianis
1026 4047 1169 4127 cineres,
1195 4047 1366 4114 Bachiunis
1380 4049 1539 4116 solitudo.

366 4164 437 4229 Has
460 4183 537 4248 ergo
560 4161 697 4246 injurias
721 4161 790 4226 sine
812 4179 937 4225 summa
958 4157 1089 4224 infamia
1111 4159 1276 4225 remittere
1297 4177 1393 4225 nemo
1415 4175 1537 4243 potest.

365 4276 458 4362 Quid
482 4275 567 4340 euim
592 4273 742 4356 turpius,
768 4293 865 4354 quam
892 4285 949 4336 aut
971 4271 1107 4353 patriam
1131 4271 1327 4352 nobiscum,
1352 4285 1410 4337 aut
1431 4272 1539 4338 socios

365 4409 424 4470 pro
436 4387 532 4453 nobis
545 4387 766 4470 periclitantes
779 4383 943 4469 prodere?
969 4382 1127 4450 Romanis
1140 4383 1218 4450 olim
1234 4383 1358 4449 dictum
1370 4384 1496 4451 scimus
1509 4395 1516 4427 ¹
1529 4409 1536 4448 :

366 4509 606 4517 -------ι-

400 4552 407 4582 ¹
426 4551 514 4598 Livius
530 4549 575 4596 lib.
594 4561 634 4596 ar.
655 4549 692 4610 [c.
711 4547 761 4611 ro]
