3450 5434
759 669 958 712 CONSPEC'I'US
980 669 1099 712 OPERis.

695 842 852 908 CAPUT
877 843 1135 910 SEPTIMUM.

583 972 627 1027 De
648 971 766 1026 materia
787 968 856 1026 belli
878 970 956 1026 circa
977 987 1061 1043 quarn
1083 982 1113 1028 et
1134 971 1163 1028 in
1186 988 1252 1043 qua.

788 1115 974 1167 ounns'rro
998 1117 1049 1162 vr.

371 1238 436 1295 Art.
468 1236 491 1292 1.
523 1236 605 1312 Quae
635 1234 672 1291 sit
698 1233 774 1305 iusta
793 1235 913 1292 materia
932 1235 1002 1292 belli
1024 1237 1103 1293 circa
1123 1252 1209 1307 quam
1231 1233 1426 1294 efficientibus
1448 1254 1501 1296 vo·

522 1314 665 1372 luntariis.

371 1421 437 1478 Art.
458 1418 497 1476 11.
519 1419 610 1510 'Quae
621 1417 658 1474 sit
669 1416 744 1490 justa
763 1417 882 1474 materia
901 1417 969 1474 belli
990 1418 1019 1474 in
1039 1434 1096 1491 qua
1115 1417 1306 1476 efficientibus
1317 1420 1501 1480 voluntariis.

371 1525 437 1581 Art.
458 1521 511 1581 111.
533 1523 614 1601 Quae
634 1521 671 1580 sit
693 1523 771 1595 justa
791 1522 909 1579 materia
931 1522 1000 1579 belli
1022 1522 1099 1578 circa
1121 1539 1205 1594 quarn
1227 1521 1361 1582 subditis.

373 1629 435 1684 Art.
457 1627 509 1684 IV.
531 1628 612 1704 Quae
640 1627 677 1683 sit
704 1625 779 1699 justa
801 1627 919 1683 materia
941 1625 1009 1683 belli
1032 1626 1061 1682 in
1084 1643 1140 1698 qua
1162 1625 1295 1692 subditis.

678 1730 876 1786 Corollariurn
899 1729 1077 1804 quaestionis
1099 1747 1142 1787 vr.

609 1834 655 1890 An
677 1831 764 1903 detur
784 1833 893 1890 bellurn
914 1833 1063 1905 utrimque
1083 1833 1191 1904 justurn

607 1936 675 1993 Art.
706 1935 729 1992 Ι.
761 1947 893 2008 respectu
914 1936 1163 2003 voluntariorum,

608 2041 674 2098 Art.
696 2039 734 2097 ΙΙ.
755 2051 889 2112 respectu
912 2037 1105 2097 subditorum.

697 2165 856 2230 ennon
882 2133 1133 2231 ocsiuunr.

586 2306 631 2363 De
652 2304 743 2363 forma
764 2302 833 2360 belli
855 2301 1032 2377 suscipiendi
1054 2303 1241 2384 gerendi-que.

781 2449 963 2500 QUAES'I'IO
983 2451 1049 2496 vrt.

368 2569 434 2626 Art.
476 2568 498 2626 1.
521 2569 602 2647 Quae
623 2569 661 2626 sit
680 2568 756 2642 justa
778 2569 870 2626 forma
891 2568 960 2627 belli
982 2569 1089 2642 privati
1111 2567 1300 2643 suscipiendi.

368 2673 434 2730 Art.
461 2672 499 2729 ΙΙ.
522 2673 603 2751 Quae
625 2673 662 2730 sit
681 2671 760 2745 justa
781 2672 874 2729 forma
894 2673 964 2730 belli
983 2671 1096 2746 publici
1112 2671 1300 2747 suscipiendi.

365 2777 432 2834 Art.
444 2777 498 2833 111.
520 2777 601 2855 Quae
623 2777 659 2833 sit
679 2776 755 2848 justa
773 2777 864 2834 forma
884 2776 953 2834 beili
969 2775 1089 2851 gerendi
1108 2779 1293 2835 voluntariis.

369 2881 435 2939 Art.
450 2882 502 2939 IV.
524 2881 605 2959 Quae
633 2881 671 2938 sit
694 2881 770 2954 justa
797 2881 888 2939 forma
911 2881 980 2938 belli
1018 2879 1138 2953 gerendi
1166 2879 1301 2939 subditis.

368 2986 483 3042 Coroli.
524 2985 547 3042 Ι.
568 2986 719 3062 Quatenus
741 2985 826 3041 liceat
847 2983 979 3042 subditos
1000 2984 1129 3041 hostium
1146 2982 1304 3042 offendere.

370 3089 483 3145 Coroll.
505 3086 545 3144 ΙΙ.
566 3089 613 3144 An
633 3084 719 3144 detur
738 3085 924 3159 depraedatio
945 3087 1092 3159 utrimque
1112 3086 1188 3159 justa
1209 3098 1343 3162 respectu
1369 3087 1500 3147 subdito-

569 3176 699 3248 rum‚et
720 3176 873 3238 quatenus.

369 3270 483 3328 Coroll.
492 3268 545 3328 ΙΙΙ.
565 3271 613 3328 An
625 3268 745 3344 praedae
763 3269 917 3343 acquisitio
927 3267 1002 3342 justa
1013 3270 1160 3343 utrimque
1171 3268 1274 3340 detur,
1301 3284 1330 3330 et
1347 3284 1500 3345 quatenus.

723 3394 886 3462 canus
910 3368 1106 3462 norrun.

804 3507 1026 3568 fflmffli

769 3644 955 3695 QUAESTIO
979 3645 1061 3690 VIII.

370 3763 435 3820 Art.
467 3763 491 3820 1.
512 3763 586 3840 Quis
613 3763 651 3820 sit
677 3762 771 3836 justus
797 3761 868 3820 belli
895 3761 959 3821 finis
988 3766 1174 3823 voluntariis.

369 3866 489 3924 Attii.
511 3866 584 3945 Quis
605 3867 642 3924 sit
656 3865 749 3938 iustus
770 3866 839 3923 belli
862 3865 927 3924 finis
947 3866 1080 3926 subditis.

697 3991 858 4059 CAPUT
889 3993 1130 4060 DECIMUM.

785 4149 971 4199 uunnsrro
996 4150 1044 4195 rx.

727 4267 785 4325 Cui
806 4265 909 4340 praeda
929 4267 1096 4340 acquiratur

368 4397 434 4454 Art.
466 4395 489 4453 Ι.
510 4397 539 4452 in
561 4395 639 4454 bello
658 4395 790 4469 privato,

368 4501 434 4557 Art.
467 4499 504 4556 ΙΙ.
535 4500 564 4556 in
587 4500 664 4557 bello
686 4499 814 4573 publico,
