3450 5434
344 618 406 681 174
657 617 704 665 DE
727 618 822 687 JURE
848 618 1032 665 annuunt.
1058 618 1139 667 ΟΜ).
1163 618 1213 665 xl.

340 773 419 839 olim
441 771 665 862 Veneticum
689 772 801 839 Indiae
824 770 956 855 populis
972 786 1140 839 mercatus
1162 773 1400 839 exercuerunt?
1426 774 1519 863 Quid

340 885 433 966 quod
461 903 549 951 nunc
580 884 676 950 etiam
707 887 807 951 altera
827 899 977 966 exparte
1001 884 1154 964 Arabes,
1178 887 1339 951 exaltem
1364 886 1519 954 Sinenses

339 996 381 1061 ad
397 996 541 1062 eamdem
561 995 814 1080 negotiationem
836 994 1063 1061 concurrunt?
1087 996 1309 1062 Audebuntne
1327 996 1435 1063 adhuc
1448 997 1518 1062 Lu·

338 1106 436 1172 sitani
459 1108 533 1191 ejus
556 1122 680 1190 partem
703 1106 776 1173 aliis
797 1124 942 1190 negare,
966 1106 1059 1187 quod
1081 1105 1144 1189 ipsi
1168 1122 1275 1173 toturn
1295 1126 1354 1173 nec
1375 1108 1517 1191 habent,

340 1238 400 1283 nec
431 1219 549 1285 habere
570 1217 734 1301 possunt?
755 1216 827 1302 Jam
849 1236 928 1283 vero
953 1232 986 1282 et
1009 1216 1092 1283 illud
1112 1217 1260 1299 accedit,
1285 1218 1376 1300 quod
1394 1220 1518 1285 multae

338 1329 412 1395 istis
433 1329 637 1413 temporibus
658 1329 815 1394 Indorum
834 1327 985 1394 nationes
1008 1328 1245 1395 Lusitanorum
1267 1348 1333 1393 non
1357 1348 1518 1397 commer-

338 1440 386 1507 cia
418 1454 570 1521 tantum,
594 1441 653 1507 sed
675 1421 863 1505 contactum
889 1437 985 1505 etiarn
1009 1454 1244 1523 aspectumque
1268 1441 1516 1509 aversabantur.

337 1551 418 1616 Non
445 1551 531 1618 enim
561 1551 638 1617 illic·
661 1566 699 1617 ut
728 1564 925 1617 mercatores
955 1549 1180 1634 aspiciuntur,
1214 1551 1273 1617 sed
1300 1566 1337 1617 ut
1370 1567 1517 1635 raptores

338 1662 459 1743 alieni,
494 1681 706 1746 oppressores
735 1662 896 1729 humanae
928 1660 1111 1741 libertatis,
1146 1681 1213 1727 non
1245 1661 1380 1727 avaritia
1403 1663 1513 1729 minus

338 1794 435 1855 quam
456 1773 644 1839 dominandi
667 1773 824 1856 cupidine
848 1774 1039 1857 flagrantes:
1065 1772 1110 1837 ita
1132 1786 1172 1837 ut
1192 1771 1259 1838 illis
1270 1790 1366 1838 nemo
1378 1788 1513 1854 utatur,

336 1884 401 1952 nisi
422 1899 587 1966 quatenus
608 1904 717 1949 carere
739 1900 805 1950 non
825 1898 946 1968 potest.
992 1882 1079 1948 Nam
1102 1882 1255 1949 Lusitani
1278 1884 1514 1967 cumprimum

338 1995 372 2060 in
395 2016 464 2061 eam
477 1996 567 2061 orbis
578 2011 702 2079 partem
714 2010 890 2075 venerunt,
915 1994 1056 2061 coloniis
1067 1993 1264 2076 arcibusque
1275 1994 1418 2077 positis,
1435 1997 1515 2079 (nec

337 2106 422 2173 enim
446 2106 598 2173 videbant
620 2106 700 2174 satis
720 2105 916 2191 indigenae,
941 2105 1022 2189 quid
1045 2104 1118 2171 istis
1129 2104 1410 2173 exstructionibus
1421 2122 1513 2189 pete·

337 2221 446 2303 retur)
466 2218 615 2301 proxima
634 2238 785 2299 quaeque
806 2217 840 2283 in
864 2216 1036 2284 servitium
1058 2232 1235 2283 traxerunt.
1281 2215 1361 2283 Mox
1384 2218 1515 2283 domes·

335 2328 413 2395 ticis
441 2330 596 2395 Indorum
627 2328 722 2394 bellis
751 2328 928 2411 permixti,
953 2347 1095 2411 quorum
1118 2328 1182 2411 ipsi
1203 2330 1397 2411 plerumque
1420 2328 1515 2395 insti·

337 2429 469 2526 gatores
503 2456 617 2521 erant,
649 2440 684 2505 in
710 2454 834 2524 partem
858 2440 1017 2507 victoriae
1040 2456 1217 2507 venerunt:
1241 2439 1366 2522 quibus
1388 2439 1514 2507 artibus

337 2566 466 2618 auctam
498 2552 678 2635 potentiam
712 2551 831 2618 deinde
856 2552 890 2617 in
922 2549 997 2616 illos
1019 2552 1211 2633 vertebant,
1240 2570 1383 2633 quorum
1417 2570 1513 2634 opera

335 2662 507 2729 vicissent.
552 2664 602 2728 lta
634 2662 804 2729 collocatis
833 2662 954 2745 passim
988 2661 1160 2745 praesidiis
1189 2661 1367 2727 maritimae
1397 2678 1513 2745 poten·

336 2773 401 2839 tiae
432 2774 572 2855 fiducia,
605 2790 724 2841 cuncta
754 2774 806 2841 sui
837 2772 1012 2841 formidine
1037 2771 1223 2855 implerunt.
1269 2772 1356 2838 Nam
1384 2773 1513 2841 incom-

335 2885 490 2969 parabilis
511 2889 659 2969 exempla
679 2885 858 2970 perfidiae,
882 2904 1057 2968 puerorum
1069 2900 1101 2949 et
1119 2881 1312 2950 feminarum
1325 2884 1511 2968 principum

336 2996 499 3077 laniatus,
533 2996 653 3063 infesta
680 2996 916 3063 Lusitanorum
948 2994 1118 3063 veneficiis
1141 3014 1262 3081 regna,
1287 2996 1511 3062 crudelitatem

336 3107 371 3173 in
410 3107 559 3175 subditas
599 3108 772 3189 sociasque
811 3122 925 3192 gentes
958 3106 1205 3187 detestabilem,
1236 3104 1461 3190 Hispanorum
1495 3128 1513 3173 e

268 3281 273 3290 .
335 3217 467 3303 scriptis
498 3237 596 3301 quam
628 3218 738 3285 verbis
765 3218 847 3285 meis
870 3218 994 3285 discere
1016 3219 1170 3283 lectorem
1194 3219 1290 3283 malo.
1337 3216 1511 3284 Testatum

336 3330 423 3397 enim
454 3331 533 3397 volo
565 3349 631 3396 non
661 3345 698 3396 ut
717 3330 883 3397 nationem
908 3332 1007 3396 ullam
1034 3328 1217 3395 maledictis
1239 3328 1454 3412 insequerer,
1478 3329 1511 3395 in

335 3442 424 3509 hunc
453 3439 584 3508 dicendi
612 3462 761 3526 campum
785 3463 836 3508 mc
857 3441 1080 3525 processisse,
1105 3440 1162 3506 sed
1185 3455 1222 3506 ut
1243 3438 1387 3507 facinora
1406 3440 1512 3526 aperi-

334 3572 424 3633 rem,
445 3572 586 3635 quorum
605 3553 755 3620 notitiam
779 3573 876 3621 causa
899 3551 1071 3619 desiderat.
1118 3552 1229 3640 Quare
1252 3566 1285 3617 et
1304 3552 1420 3619 merito
1442 3572 1510 3618 earn

334 3664 462 3731 veniam
498 3662 701 3748 impetrabo,
725 3686 821 3749 quarn
851 3664 1017 3751 litigantes
1039 3666 1170 3744 solent,
1195 3682 1268 3729 cum
1292 3663 1510 3731 adversarium

334 3792 393 3843 aut
423 3790 525 3843 testes
555 3776 588 3841 in
617 3796 653 3843 se
676 3779 855 3861 productos
883 3776 1063 3843 refellendo
1085 3775 1205 3861 injuria
1227 3774 1350 3840 afficere
1372 3794 1440 3842 non
1460 3775 1512 3840 vi·

335 3889 466 3956 dentur.
512 3889 561 3954 lta
581 3907 657 3954 sane
677 3889 826 3972 plerique
842 3888 1011 3974 judicant,
1036 3886 1064 3953 si
1085 3908 1137 3953 res
1160 3887 1192 3952 in
1214 3887 1362 3953 America
1385 3887 1512 3953 Castel-

332 4003 481 4067 lanorum
516 4014 549 4067 et
583 3998 819 4065 Lusitanorum
856 3999 944 4082 apud
977 3999 1078 4065 Indos
1107 3998 1343 4079 conferantur,
1378 3998 1510 4067 illorum

333 4113 549 4195 violentiam,
581 4111 700 4178 horum
729 4109 899 4195 perfidiam
925 4112 1031 4177 multo
1054 4109 1265 4195 insigniorem
1286 4109 1377 4177 fore:
1401 4128 1512 4193 neque

332 4225 418 4292 enim
439 4224 608 4293 Lusitanis
628 4223 737 4291 minus
757 4241 828 4289 esse
849 4220 1016 4302 malitiae,
1039 4221 1098 4287 sed
1117 4220 1312 4288 Castellanis
1323 4223 1399 4305 plus
1410 4220 1510 4287 animi

332 4352 365 4403 et
394 4337 532 4404 roboris.
578 4336 669 4402 Haec
694 4335 795 4421 igitur
814 4332 906 4400 Indis
927 4333 995 4399 odii
1015 4352 1132 4410 causa,
1156 4332 1287 4399 Batavis
1315 4332 1510 4417 navigandi:

333 4468 401 4532 quo
425 4470 464 4517 ex
483 4463 629 4532 tempore
651 4447 735 4513 nilril
756 4462 821 4513 tarn
845 4444 981 4530 impium
1003 4460 1135 4529 tamque
1146 4443 1304 4511 nefarium
1317 4443 1406 4528 fuit,
1419 4444 1512 4527 quod

1667 2389 1675 2405 δ’
