3450 5434
497 654 544 700 nt:
567 654 662 719 JURE
687 654 874 701 Pannonia.
900 656 979 701 GAP.
1006 658 1069 702 ΧΗ.
1297 661 1356 722 231

186 821 302 889 potum
324 826 365 873 ex
384 805 530 873 flumine.
575 808 676 873 Ratio
694 822 828 891 apparet
850 809 951 891 quia,
975 830 1049 877 curn
1079 811 1177 877 unius
1200 811 1245 878 rei
1266 827 1361 879 natu·

185 918 296 984 taliter
318 938 400 985 usus
416 902 525 984 essent
542 918 682 999 diversi,
702 940 777 985 eum
797 921 955 987 duntaxat
975 936 1088 1007 gentes
1106 922 1257 990 divisisse
1278 926 1362 990 inter

186 1050 222 1095 se
242 1030 412 1111 videntur,
436 1029 495 1111 qui
513 1029 585 1096 sine
603 1032 802 1115 proprietate
822 1033 991 1098 commode
1015 1034 1126 1099 haberi
1147 1055 1214 1101 non
1234 1052 1360 1117 posset,

187 1157 303 1207 contra
333 1155 441 1207 autem
472 1162 546 1207 eum
575 1141 760 1225 recepisse,
785 1162 843 1225 per
868 1164 964 1225 quem
988 1144 1113 1211 domini
1136 1146 1284 1211 conditio
1307 1147 1361 1211 de-

185 1253 286 1318 terior
305 1273 371 1319 non
391 1268 478 1319 esset
494 1252 614 1319 sutura.
639 1253 763 1319 Omnes
782 1254 884 1338 igitur
903 1254 1018 1321 vident
1038 1276 1128 1335 eum,
1148 1257 1207 1339 qui
1226 1259 1361 1323 alterum

187 1363 342 1449 navigare
373 1364 568 1446 prohibeat,
600 1367 693 1431 nullo
721 1365 795 1449 jure
819 1364 971 1448 defendi,
995 1387 1069 1433 curn
1094 1370 1242 1435 eumdem
1266 1370 1361 1433 etiam

187 1476 378 1559 injuriarum
410 1476 513 1541 teneri
546 1476 712 1559 Ulpianus
733 1482 741 1515 ²
762 1476 904 1558 dixerit,
930 1478 984 1543 alii
1009 1494 1116 1545 autem
1142 1480 1237 1547 etiarn
1261 1480 1363 1546 inter-

192 1585 312 1651 dictum
335 1585 418 1651 utile
439 1587 609 1669 prohibito
634 1603 820 1671 competere
844 1589 1115 1656 existimaverint.
1163 1591 1208 1655 Et
1230 1591 1278 1656 sic
1302 1590 1362 1657 Ba·
1398 1606 1408 1619 “

193 1709 339 1762 uvorum
362 1697 502 1763 intentio
526 1699 691 1765 communi
713 1700 788 1783 jure
799 1700 941 1781 nititur,
964 1720 1040 1766 cum
1053 1700 1216 1767 fateantur
1227 1700 1362 1768 omnes¹

193 1808 380 1888 permissum
411 1809 549 1875 cuilibet
579 1809 614 1875 in
645 1810 726 1875 mari
749 1809 902 1895 navigare
926 1811 1022 1877 etiam
1048 1832 1065 1877 a
1088 1815 1182 1879 nullo
1211 1813 1362 1897 Principe

195 1918 358 1999 impetrata
389 1900 540 1985 licentia:
574 1922 666 2002 quod
698 1935 731 1986 et
761 1921 891 2005 legibus
923 1923 1114 2007 llispanieis
1133 1927 1145 1961 ⁸
1165 1925 1284 1992 diserte
1308 1946 1363 1991 cx·

194 2048 341 2111 pressum
364 2046 426 2097 est.

236 2140 378 2209 Donatio
409 2141 581 2210 Pontificis
612 2142 816 2224 Alexandri,
849 2164 934 2227 quae
963 2144 1174 2213 aLusitanis
1197 2166 1283 2213 mare
1307 2164 1364 2215 aut

192 2251 249 2337 jus
273 2254 444 2340 navigandi
472 2255 554 2323 solis
580 2254 643 2321 sibi
667 2254 938 2336 vindicantibus,
962 2276 1035 2323 cunr
1059 2257 1259 2325 inventionis
1282 2258 1364 2325 deli·

194 2363 260 2427 ciat
286 2366 429 2446 titulus,
463 2365 608 2431 seeundo
640 2367 715 2432 loco
750 2366 868 2432 adduci
900 2382 1028 2450 potest,
1051 2368 1131 2435 satis
1154 2369 1257 2435 exiis
1280 2389 1364 2451 quae

125 2472 134 2483 ⁴
193 2477 381 2542 antedicta
412 2492 490 2543 sunt
521 2476 674 2550 vanitatis
697 2477 918 2545 convincitur.
961 2478 1107 2545 Donatio
1131 2478 1215 2545 enim
1237 2482 1363 2545 nullum

194 2586 293 2651 habet
310 2602 509 2654 momentum
534 2588 567 2652 in
591 2588 689 2655 rebus
713 2604 804 2654 extra
826 2588 1055 2655 commercium
1079 2589 1209 2672 positis.
1255 2590 1364 2677 Quare

195 2716 269 2763 curn
301 2718 384 2763 nare
414 2714 473 2763 aut
499 2701 554 2783 jus
578 2698 611 2764 in
635 2719 674 2764 eo
698 2698 873 2783 navigandi
897 2700 1065 2782 proprium
1087 2702 1170 2766 nulli
1194 2702 1364 2767 hominum

195 2827 266 2874 esse
288 2809 412 2891 possit,
436 2810 588 2892 sequitur
608 2830 718 2893 neque
745 2810 814 2876 dari
838 2830 856 2875 a
880 2809 1041 2876 Pontifice
1063 2830 1170 2893 neque
1193 2830 1210 2877 a
1231 2811 1365 2879 Lusita·

193 2919 244 2985 nis
268 2922 366 3004 accipi
389 2920 545 3004 potuisse.
590 2922 759 2987 Praeterea
783 2942 855 2988 cum
879 2942 976 3005 supra
1000 2924 1135 2987 relatum
1161 2923 1204 2987 sit
1225 2943 1265 2987 ex
1287 2944 1364 3005 pru-

194 3031 375 3097 dentiorum
409 3032 590 3111 sententia,
624 3034 743 3123 Papam
771 3053 838 3099 non
867 3052 938 3099 esse
962 3031 1131 3099 dominum
1153 3035 1363 3117 temporalem

192 3142 298 3209 totius
330 3143 437 3223 orbis,
471 3164 513 3209 ne
541 3144 638 3209 maris
662 3143 795 3226 quidem
820 3164 890 3210 esse
914 3144 991 3211 satis
1015 3144 1227 3230 intelligitur:
1252 3166 1364 3228 quarn-

194 3270 291 3334 quam
325 3254 382 3319 etsi
412 3254 446 3319 id
477 3255 736 3335 concederetur,
759 3271 867 3322 tamen
889 3257 943 3340 jus
967 3275 1129 3323 annexum
1153 3257 1364 3325 Pontificatui

194 3363 227 3427 in
250 3384 358 3449 regern
379 3366 522 3448 aliquem
546 3380 603 3431 aut
625 3368 784 3449 populum
808 3387 869 3450 pro
892 3382 983 3451 parte
1005 3370 1095 3433 nulla
1117 3367 1286 3435 transferri
1310 3370 1365 3436 de-

194 3476 344 3557 buisset,
367 3476 452 3543 sicut
480 3497 539 3543 nec
562 3477 737 3560 imperator
758 3493 871 3560 posset
894 3478 1021 3562 imperii
1045 3478 1097 3545 sui
1120 3481 1307 3563 provincias
1331 3480 1364 3547 in

193 3605 273 3652 suos
303 3606 382 3653 usus
409 3605 599 3654 convertere
631 3604 689 3653 aut
720 3609 780 3671 pro
803 3609 866 3655 suo
889 3590 1023 3655 arbitrio
1047 3590 1186 3657 alienare
1209 3596 1232 3657 ⁴.
1279 3592 1366 3658 Illud

192 3700 305 3763 saltem
337 3718 429 3764 nemo
460 3714 637 3783 negaturus
658 3715 731 3779 est,
755 3699 810 3764 cui
833 3699 960 3783 aliquid
987 3700 1030 3767 sit
1053 3698 1197 3782 frontis,
1220 3722 1293 3769 cum
1310 3705 1365 3787 jus

194 3808 386 3891 disponendi
409 3810 440 3875 in
462 3811 697 3893 temporalibus
709 3810 862 3877 Pontifici
884 3830 979 3877 nemo
1000 3814 1179 3893 concedat,
1196 3814 1260 3879 nisi
1281 3814 1365 3880 forte

193 4010 376 4022 —.-—-....-

226 4128 271 4177 ι1.
289 4117 312 4177 a.
330 4134 351 4189 5.
369 4132 390 4178 si
414 4130 471 4190 quis
495 4131 520 4178 in
543 4132 614 4179 marl.
633 4133 658 4180 ff.
676 4132 788 4193 nequid
806 4134 831 4180 in
849 4135 910 4180 loco
929 4130 998 4193 publ.
1017 4135 1120 4195 [D.43.
1140 4136 1163 4181 8.
1187 4148 1210 4181 a.
1228 4134 1248 4195 §.
1266 4132 1302 4196 9.]
1325 4136 1365 4182 Gl.

192 4221 224 4267 ad
248 4223 265 4267 l.
292 4234 313 4268 1.
337 4221 363 4268 ff.
386 4235 412 4269 ut
437 4223 463 4269 in
490 4222 592 4270 flumine
610 4224 726 4281 publico.
746 4224 790 4284 [D.
807 4237 848 4285 43.
871 4225 920 4286 14.]
957 4222 1055 4273 'Bald
1074 4226 1099 4272 in
1118 4229 1134 4273 l.
1153 4225 1214 4273 irem
1232 4224 1322 4285 lapilli.
1341 4238 1364 4282 3.

191 4313 243 4357 col.
267 4310 293 4358 ff.
319 4313 350 4359 de
373 4326 423 4360 ret.
448 4313 501 4361 div.
529 4312 572 4375 [D.
601 4326 621 4361 t.
648 4318 670 4361 8.
699 4314 733 4375 3.]
763 4315 907 4363 Rodericus
934 4314 1037 4363 Zuarlus
1061 4316 1187 4375 Hispanus
1206 4315 1233 4362 in
1251 4329 1322 4363 cons.
1344 4330 1366 4364 t.

191 4404 223 4449 de
247 4414 294 4450 usu
318 4402 401 4451 maris.
436 4402 447 4436 ⁸
470 4419 496 4464 p.
519 4417 541 4462 3.
568 4405 607 4453 tit.
632 4408 672 4453 28.
691 4409 708 4453 l.
731 4420 767 4452 10.
785 4419 810 4453 ct
831 4420 868 4454 ra.
913 4406 1008 4453 ⁴Vlct.
1037 4406 1079 4453 ubi
1107 4418 1175 4465 supr.
1203 4420 1226 4454 n.
1253 4408 1292 4454 ao.
1321 4408 1365 4469 [dc

192 4492 258 4541 indis
280 4508 300 4540 1.
318 4507 379 4542 sect.
399 4508 422 4541 a.
439 4509 464 4542 rr.
485 4494 518 4556 r.]
