<?xml version="1.0" encoding="UTF-8"?>
<!DOCTYPE html PUBLIC "-//W3C//DTD XHTML 1.0 Transitional//EN"
    "http://www.w3.org/TR/xhtml1/DTD/xhtml1-transitional.dtd">
<html xmlns="http://www.w3.org/1999/xhtml" xml:lang="en" lang="en">
 <head>
  <title>
</title>
<meta http-equiv="Content-Type" content="text/html;charset=utf-8" />
  <meta name='ocr-system' content='tesseract 3.04.00' />
  <meta name='ocr-capabilities' content='ocr_page ocr_carea ocr_par ocr_line ocrx_word'/>
</head>
<body>
  <div class='ocr_page' id='page_1' title='image "./ledroitdeprised02hamagoog_0379.png"; bbox 0 0 3450 5434; ppageno 0'>
   <div class='ocr_carea' id='block_1_1' title="bbox 706 629 1392 690">
    <p class='ocr_par' dir='ltr' id='par_1_1' title="bbox 706 629 1392 690">
     <span class='ocr_line' id='line_1_1' title="bbox 706 629 1392 690; baseline 0 -19"><span class='ocrx_word' id='word_1_1' title='bbox 706 629 915 672; x_wconf 74' lang='lat' dir='ltr'><strong>uocumuurrr.</strong></span> <span class='ocrx_word' id='word_1_2' title='bbox 1334 631 1392 690; x_wconf 81' lang='lat'><strong>357</strong></span> 
     </span>
    </p>
   </div>
   <div class='ocr_carea' id='block_1_2' title="bbox 218 801 1391 2742">
    <p class='ocr_par' dir='ltr' id='par_1_2' title="bbox 218 801 1391 2206">
     <span class='ocr_line' id='line_1_2' title="bbox 223 801 1391 879; baseline 0.005 -20"><span class='ocrx_word' id='word_1_3' title='bbox 223 817 281 859; x_wconf 90' lang='lat' dir='ltr'><strong>non</strong></span> <span class='ocrx_word' id='word_1_4' title='bbox 304 803 334 860; x_wconf 93' lang='lat' dir='ltr'><strong>in</strong></span> <span class='ocrx_word' id='word_1_5' title='bbox 356 820 445 862; x_wconf 91' lang='lat' dir='ltr'><strong>meam</strong></span> <span class='ocrx_word' id='word_1_6' title='bbox 474 803 573 878; x_wconf 90' lang='lat' dir='ltr'><strong>potius</strong></span> <span class='ocrx_word' id='word_1_7' title='bbox 600 820 701 862; x_wconf 87' lang='lat' dir='ltr'><strong>navem</strong></span> <span class='ocrx_word' id='word_1_8' title='bbox 731 802 878 873; x_wconf 81' lang='lat' dir='ltr'><strong>incidisti,</strong></span> <span class='ocrx_word' id='word_1_9' title='bbox 906 819 965 876; x_wconf 92' lang='lat' dir='ltr'><strong>quo</strong></span> <span class='ocrx_word' id='word_1_10' title='bbox 986 803 1074 878; x_wconf 84' lang='lat' dir='ltr'><strong>magis</strong></span> <span class='ocrx_word' id='word_1_11' title='bbox 1095 801 1231 873; x_wconf 91' lang='lat' dir='ltr'><strong>vidisses,</strong></span> <span class='ocrx_word' id='word_1_12' title='bbox 1251 816 1391 879; x_wconf 88' lang='lat' dir='ltr'><strong>quantum</strong></span> 
     </span>
     <span class='ocr_line' id='line_1_3' title="bbox 221 905 1390 980; baseline 0.004 -17"><span class='ocrx_word' id='word_1_13' title='bbox 221 905 309 965; x_wconf 89' lang='lat' dir='ltr'><strong>distet</strong></span> <span class='ocrx_word' id='word_1_14' title='bbox 329 910 415 966; x_wconf 91' lang='lat' dir='ltr'><strong>unius</strong></span> <span class='ocrx_word' id='word_1_15' title='bbox 437 910 518 967; x_wconf 90' lang='lat' dir='ltr'><strong>navis</strong></span> <span class='ocrx_word' id='word_1_16' title='bbox 539 906 668 966; x_wconf 86' lang='lat' dir='ltr'><strong>defensio</strong></span> <span class='ocrx_word' id='word_1_17' title='bbox 689 918 718 966; x_wconf 91' lang='lat' dir='ltr'><strong>et</strong></span> <span class='ocrx_word' id='word_1_18' title='bbox 739 909 867 966; x_wconf 91' lang='lat' dir='ltr'><strong>alterius.</strong></span> <span class='ocrx_word' id='word_1_19' title='bbox 889 907 949 966; x_wconf 89' lang='lat' dir='ltr'><strong>Res</strong></span> <span class='ocrx_word' id='word_1_20' title='bbox 970 923 1044 980; x_wconf 88' lang='lat' dir='ltr'><strong>quae</strong></span> <span class='ocrx_word' id='word_1_21' title='bbox 1066 907 1218 966; x_wconf 85' lang='lat' dir='ltr'><strong>[iollandis</strong></span> <span class='ocrx_word' id='word_1_22' title='bbox 1234 909 1390 969; x_wconf 88' lang='lat' dir='ltr'><strong>Macaimte</strong></span> 
     </span>
     <span class='ocr_line' id='line_1_4' title="bbox 220 1011 1390 1085; baseline 0.003 -17"><span class='ocrx_word' id='word_1_23' title='bbox 220 1011 344 1081; x_wconf 87' lang='lat' dir='ltr'><strong>accidit,</strong></span> <span class='ocrx_word' id='word_1_24' title='bbox 378 1028 423 1069; x_wconf 91' lang='lat' dir='ltr'><strong>me</strong></span> <span class='ocrx_word' id='word_1_25' title='bbox 451 1014 638 1070; x_wconf 88' lang='lat' dir='ltr'><strong>vehementer</strong></span> <span class='ocrx_word' id='word_1_26' title='bbox 666 1011 839 1081; x_wconf 90' lang='lat' dir='ltr'><strong>conturbat,</strong></span> <span class='ocrx_word' id='word_1_27' title='bbox 873 1012 1041 1085; x_wconf 87' lang='lat' dir='ltr'><strong>praesertim</strong></span> <span class='ocrx_word' id='word_1_28' title='bbox 1069 1028 1134 1069; x_wconf 91' lang='lat' dir='ltr'><strong>cum</strong></span> <span class='ocrx_word' id='word_1_29' title='bbox 1163 1027 1263 1085; x_wconf 90' lang='lat' dir='ltr'><strong>parum</strong></span> <span class='ocrx_word' id='word_1_30' title='bbox 1291 1029 1390 1071; x_wconf 88' lang='lat' dir='ltr'><strong>causae</strong></span> 
     </span>
     <span class='ocr_line' id='line_1_5' title="bbox 220 1113 1390 1189; baseline 0.002 -17"><span class='ocrx_word' id='word_1_31' title='bbox 220 1126 309 1184; x_wconf 88' lang='lat' dir='ltr'><strong>esset,</strong></span> <span class='ocrx_word' id='word_1_32' title='bbox 330 1131 419 1188; x_wconf 90' lang='lat' dir='ltr'><strong>quare</strong></span> <span class='ocrx_word' id='word_1_33' title='bbox 440 1126 497 1174; x_wconf 87' lang='lat' dir='ltr'><strong>tam</strong></span> <span class='ocrx_word' id='word_1_34' title='bbox 518 1115 666 1173; x_wconf 82' lang='lat' dir='ltr'><strong>atrocibus</strong></span> <span class='ocrx_word' id='word_1_35' title='bbox 687 1115 789 1188; x_wconf 85' lang='lat' dir='ltr'><strong>poenis</strong></span> <span class='ocrx_word' id='word_1_36' title='bbox 810 1118 1017 1189; x_wconf 86' lang='lat' dir='ltr'>plecterentur.</span> <span class='ocrx_word' id='word_1_37' title='bbox 1040 1113 1095 1172; x_wconf 85' lang='lat' dir='ltr'><strong>Sed</strong></span> <span class='ocrx_word' id='word_1_38' title='bbox 1114 1130 1168 1188; x_wconf 92' lang='lat' dir='ltr'><strong>pro</strong></span> <span class='ocrx_word' id='word_1_39' title='bbox 1179 1127 1261 1174; x_wconf 91' lang='lat' dir='ltr'><strong>certo</strong></span> <span class='ocrx_word' id='word_1_40' title='bbox 1271 1115 1390 1187; x_wconf 91' lang='lat' dir='ltr'><strong>habeas,</strong></span> 
     </span>
     <span class='ocr_line' id='line_1_6' title="bbox 219 1219 1390 1294; baseline 0.003 -20"><span class='ocrx_word' id='word_1_41' title='bbox 219 1228 367 1276; x_wconf 82' lang='lat' dir='ltr'><strong>auctorem</strong></span> <span class='ocrx_word' id='word_1_42' title='bbox 397 1219 533 1276; x_wconf 86' lang='lat' dir='ltr'><strong>facinoris</strong></span> <span class='ocrx_word' id='word_1_43' title='bbox 561 1219 616 1292; x_wconf 85' lang='lat' dir='ltr'><strong>jam</strong></span> <span class='ocrx_word' id='word_1_44' title='bbox 643 1219 778 1277; x_wconf 89' lang='lat' dir='ltr'><strong>vinetum</strong></span> <span class='ocrx_word' id='word_1_45' title='bbox 807 1219 837 1276; x_wconf 92' lang='lat' dir='ltr'><strong>in</strong></span> <span class='ocrx_word' id='word_1_46' title='bbox 870 1234 984 1276; x_wconf 87' lang='lat' dir='ltr'><strong>carcere</strong></span> <span class='ocrx_word' id='word_1_47' title='bbox 1005 1219 1097 1276; x_wconf 87' lang='lat' dir='ltr'><strong>teneri</strong></span> <span class='ocrx_word' id='word_1_48' title='bbox 1118 1230 1148 1276; x_wconf 89' lang='lat' dir='ltr'><strong>et</strong></span> <span class='ocrx_word' id='word_1_49' title='bbox 1169 1235 1274 1292; x_wconf 87' lang='lat' dir='ltr'><strong>poenas</strong></span> <span class='ocrx_word' id='word_1_50' title='bbox 1295 1221 1390 1294; x_wconf 88' lang='lat' dir='ltr'><strong>capite</strong></span> 
     </span>
     <span class='ocr_line' id='line_1_7' title="bbox 220 1320 1391 1395; baseline 0.001 -16"><span class='ocrx_word' id='word_1_51' title='bbox 220 1320 364 1380; x_wconf 88' lang='lat' dir='ltr'><strong>daturum.</strong></span> <span class='ocrx_word' id='word_1_52' title='bbox 406 1323 482 1395; x_wconf 84' lang='lat' dir='ltr'><strong>Erga</strong></span> <span class='ocrx_word' id='word_1_53' title='bbox 512 1321 691 1391; x_wconf 88' lang='lat' dir='ltr'><strong>Hollandos,</strong></span> <span class='ocrx_word' id='word_1_54' title='bbox 721 1323 774 1395; x_wconf 92' lang='lat' dir='ltr'><strong>qui</strong></span> <span class='ocrx_word' id='word_1_55' title='bbox 804 1323 862 1379; x_wconf 91' lang='lat' dir='ltr'><strong>huc</strong></span> <span class='ocrx_word' id='word_1_56' title='bbox 889 1338 995 1380; x_wconf 86' lang='lat' dir='ltr'><strong>venere</strong></span> <span class='ocrx_word' id='word_1_57' title='bbox 1015 1338 1032 1380; x_wconf 91' lang='lat' dir='ltr'><strong>e</strong></span> <span class='ocrx_word' id='word_1_58' title='bbox 1053 1337 1142 1395; x_wconf 88' lang='lat' dir='ltr'><strong>regno</strong></span> <span class='ocrx_word' id='word_1_59' title='bbox 1174 1323 1285 1380; x_wconf 87' lang='lat' dir='ltr'><strong>Sinensi</strong></span> <span class='ocrx_word' id='word_1_60' title='bbox 1306 1325 1391 1380; x_wconf 87' lang='lat' dir='ltr'><strong>vela</strong></span> 
     </span>
     <span class='ocr_line' id='line_1_8' title="bbox 219 1424 1389 1499; baseline 0.002 -17"><span class='ocrx_word' id='word_1_61' title='bbox 219 1426 366 1484; x_wconf 90' lang='lat' dir='ltr'><strong>Moluccis</strong></span> <span class='ocrx_word' id='word_1_62' title='bbox 385 1426 479 1483; x_wconf 92' lang='lat' dir='ltr'><strong>bonus</strong></span> <span class='ocrx_word' id='word_1_63' title='bbox 500 1424 700 1499; x_wconf 82' lang='lat' dir='ltr'><strong>benignusque</strong></span> <span class='ocrx_word' id='word_1_64' title='bbox 720 1425 762 1484; x_wconf 88' lang='lat' dir='ltr'><strong>fui</strong></span> <span class='ocrx_word' id='word_1_65' title='bbox 783 1437 812 1484; x_wconf 90' lang='lat' dir='ltr'><strong>et</strong></span> <span class='ocrx_word' id='word_1_66' title='bbox 833 1441 941 1484; x_wconf 86' lang='lat' dir='ltr'><strong>merces</strong></span> <span class='ocrx_word' id='word_1_67' title='bbox 962 1442 1061 1484; x_wconf 90' lang='lat' dir='ltr'><strong>eorum</strong></span> <span class='ocrx_word' id='word_1_68' title='bbox 1083 1441 1181 1484; x_wconf 93' lang='lat' dir='ltr'><strong>omnes</strong></span> <span class='ocrx_word' id='word_1_69' title='bbox 1202 1428 1267 1486; x_wconf 90' lang='lat' dir='ltr'><strong>erni.</strong></span> <span class='ocrx_word' id='word_1_70' title='bbox 1305 1427 1389 1486; x_wconf 86' lang='lat' dir='ltr'><strong>Hanc</strong></span> 
     </span>
     <span class='ocr_line' id='line_1_9' title="bbox 221 1528 1389 1603; baseline 0.003 -18"><span class='ocrx_word' id='word_1_71' title='bbox 221 1529 274 1586; x_wconf 92' lang='lat' dir='ltr'><strong>tibi</strong></span> <span class='ocrx_word' id='word_1_72' title='bbox 303 1545 405 1586; x_wconf 87' lang='lat' dir='ltr'><strong>navem</strong></span> <span class='ocrx_word' id='word_1_73' title='bbox 434 1530 539 1600; x_wconf 88' lang='lat' dir='ltr'><strong>mitto,</strong></span> <span class='ocrx_word' id='word_1_74' title='bbox 567 1530 652 1587; x_wconf 90' lang='lat' dir='ltr'><strong>simui</strong></span> <span class='ocrx_word' id='word_1_75' title='bbox 681 1545 747 1587; x_wconf 92' lang='lat' dir='ltr'><strong>cum</strong></span> <span class='ocrx_word' id='word_1_76' title='bbox 778 1528 951 1599; x_wconf 89' lang='lat' dir='ltr'><strong>Hollandis‚</strong></span> <span class='ocrx_word' id='word_1_77' title='bbox 978 1546 1051 1603; x_wconf 94' lang='lat' dir='ltr'><strong>quos</strong></span> <span class='ocrx_word' id='word_1_78' title='bbox 1072 1530 1238 1588; x_wconf 86' lang='lat' dir='ltr'><strong>hominibus</strong></span> <span class='ocrx_word' id='word_1_79' title='bbox 1260 1529 1295 1588; x_wconf 88' lang='lat' dir='ltr'><strong>de</strong></span> <span class='ocrx_word' id='word_1_80' title='bbox 1317 1546 1389 1588; x_wconf 88' lang='lat' dir='ltr'><strong>nave</strong></span> 
     </span>
     <span class='ocr_line' id='line_1_10' title="bbox 219 1631 1389 1708; baseline 0.003 -19"><span class='ocrx_word' id='word_1_81' title='bbox 219 1632 387 1690; x_wconf 86' lang='lat' dir='ltr'><strong>Lusitanica</strong></span> <span class='ocrx_word' id='word_1_82' title='bbox 414 1633 445 1690; x_wconf 93' lang='lat' dir='ltr'><strong>in</strong></span> <span class='ocrx_word' id='word_1_83' title='bbox 472 1633 577 1690; x_wconf 88' lang='lat' dir='ltr'><strong>itinere</strong></span> <span class='ocrx_word' id='word_1_84' title='bbox 604 1631 640 1689; x_wconf 88' lang='lat' dir='ltr'><strong>ad</strong></span> <span class='ocrx_word' id='word_1_85' title='bbox 669 1649 721 1691; x_wconf 93' lang='lat' dir='ltr'><strong>nos</strong></span> <span class='ocrx_word' id='word_1_86' title='bbox 749 1632 893 1706; x_wconf 90' lang='lat' dir='ltr'><strong>praesidio</strong></span> <span class='ocrx_word' id='word_1_87' title='bbox 920 1631 1043 1703; x_wconf 85' lang='lat' dir='ltr'><strong>dedisti,</strong></span> <span class='ocrx_word' id='word_1_88' title='bbox 1068 1647 1098 1691; x_wconf 89' lang='lat' dir='ltr'><strong>et</strong></span> <span class='ocrx_word' id='word_1_89' title='bbox 1118 1651 1247 1707; x_wconf 88' lang='lat' dir='ltr'><strong>magnam</strong></span> <span class='ocrx_word' id='word_1_90' title='bbox 1269 1637 1389 1708; x_wconf 83' lang='lat' dir='ltr'><strong>gratiam</strong></span> 
     </span>
     <span class='ocr_line' id='line_1_11' title="bbox 219 1735 1389 1811; baseline 0.004 -20"><span class='ocrx_word' id='word_1_91' title='bbox 219 1735 275 1792; x_wconf 92' lang='lat' dir='ltr'><strong>tibi</strong></span> <span class='ocrx_word' id='word_1_92' title='bbox 304 1736 431 1806; x_wconf 89' lang='lat' dir='ltr'><strong>habebo,</strong></span> <span class='ocrx_word' id='word_1_93' title='bbox 460 1737 483 1792; x_wconf 94' lang='lat' dir='ltr'><strong>si</strong></span> <span class='ocrx_word' id='word_1_94' title='bbox 504 1736 574 1793; x_wconf 90' lang='lat' dir='ltr'><strong>mihi</strong></span> <span class='ocrx_word' id='word_1_95' title='bbox 600 1737 709 1793; x_wconf 89' lang='lat' dir='ltr'><strong>miseris</strong></span> <span class='ocrx_word' id='word_1_96' title='bbox 730 1736 949 1810; x_wconf 88' lang='lat' dir='ltr'><strong>presbyterum,</strong></span> <span class='ocrx_word' id='word_1_97' title='bbox 969 1736 1086 1796; x_wconf 89' lang='lat' dir='ltr'><strong>fratrem</strong></span> <span class='ocrx_word' id='word_1_98' title='bbox 1109 1738 1288 1808; x_wconf 81' lang='lat' dir='ltr'><strong>Antonium,</strong></span> <span class='ocrx_word' id='word_1_99' title='bbox 1310 1755 1389 1811; x_wconf 89' lang='lat' dir='ltr'><strong>prae-</strong></span> 
     </span>
     <span class='ocr_line' id='line_1_12' title="bbox 220 1838 1389 1914; baseline 0.003 -19"><span class='ocrx_word' id='word_1_100' title='bbox 220 1838 327 1897; x_wconf 87' lang='lat' dir='ltr'><strong>fectum</strong></span> <span class='ocrx_word' id='word_1_101' title='bbox 355 1840 436 1896; x_wconf 89' lang='lat' dir='ltr'><strong>navis</strong></span> <span class='ocrx_word' id='word_1_102' title='bbox 457 1850 487 1896; x_wconf 91' lang='lat' dir='ltr'><strong>et</strong></span> <span class='ocrx_word' id='word_1_103' title='bbox 508 1840 635 1912; x_wconf 91' lang='lat' dir='ltr'><strong>reliquos</strong></span> <span class='ocrx_word' id='word_1_104' title='bbox 661 1841 835 1909; x_wconf 86' lang='lat' dir='ltr'><strong>Lusitanos,</strong></span> <span class='ocrx_word' id='word_1_105' title='bbox 862 1857 938 1914; x_wconf 89' lang='lat' dir='ltr'><strong>quos</strong></span> <span class='ocrx_word' id='word_1_106' title='bbox 965 1838 1059 1899; x_wconf 91' lang='lat' dir='ltr'><strong>adhuc</strong></span> <span class='ocrx_word' id='word_1_107' title='bbox 1090 1841 1119 1899; x_wconf 91' lang='lat' dir='ltr'><strong>in</strong></span> <span class='ocrx_word' id='word_1_108' title='bbox 1140 1841 1265 1899; x_wconf 90' lang='lat' dir='ltr'><strong>vinculis</strong></span> <span class='ocrx_word' id='word_1_109' title='bbox 1287 1841 1389 1912; x_wconf 91' lang='lat' dir='ltr'><strong>habes,</strong></span> 
     </span>
     <span class='ocr_line' id='line_1_13' title="bbox 219 1943 1388 2018; baseline 0.003 -19"><span class='ocrx_word' id='word_1_110' title='bbox 219 1953 249 2000; x_wconf 91' lang='lat' dir='ltr'><strong>et</strong></span> <span class='ocrx_word' id='word_1_111' title='bbox 279 1959 345 2000; x_wconf 90' lang='lat' dir='ltr'><strong>cum</strong></span> <span class='ocrx_word' id='word_1_112' title='bbox 377 1958 443 2015; x_wconf 89' lang='lat' dir='ltr'><strong>rege</strong></span> <span class='ocrx_word' id='word_1_113' title='bbox 474 1959 555 2016; x_wconf 88' lang='lat' dir='ltr'><strong>agas,</strong></span> <span class='ocrx_word' id='word_1_114' title='bbox 586 1955 619 2001; x_wconf 91' lang='lat' dir='ltr'><strong>ut</strong></span> <span class='ocrx_word' id='word_1_115' title='bbox 650 1959 817 2018; x_wconf 85' lang='lat' dir='ltr'><strong>recuperem</strong></span> <span class='ocrx_word' id='word_1_116' title='bbox 849 1943 996 2011; x_wconf 89' lang='lat' dir='ltr'><strong>homines,</strong></span> <span class='ocrx_word' id='word_1_117' title='bbox 1028 1959 1100 2017; x_wconf 92' lang='lat' dir='ltr'><strong>quos</strong></span> <span class='ocrx_word' id='word_1_118' title='bbox 1132 1943 1327 2002; x_wconf 86' lang='lat' dir='ltr'><strong>Malaccenses</strong></span> <span class='ocrx_word' id='word_1_119' title='bbox 1359 1945 1388 2002; x_wconf 89' lang='lat' dir='ltr'><strong>in</strong></span> 
     </span>
     <span class='ocr_line' id='line_1_14' title="bbox 218 2044 1390 2121; baseline 0.002 -19"><span class='ocrx_word' id='word_1_120' title='bbox 218 2044 305 2118; x_wconf 89' lang='lat' dir='ltr'><strong>junca</strong></span> <span class='ocrx_word' id='word_1_121' title='bbox 333 2046 446 2104; x_wconf 91' lang='lat' dir='ltr'><strong>Sinensi</strong></span> <span class='ocrx_word' id='word_1_122' title='bbox 474 2058 633 2120; x_wconf 88' lang='lat' dir='ltr'><strong>ceperunt,</strong></span> <span class='ocrx_word' id='word_1_123' title='bbox 661 2048 752 2120; x_wconf 90' lang='lat' dir='ltr'><strong>iisque</strong></span> <span class='ocrx_word' id='word_1_124' title='bbox 777 2045 929 2105; x_wconf 85' lang='lat' dir='ltr'><strong>confirmes</strong></span> <span class='ocrx_word' id='word_1_125' title='bbox 951 2047 980 2104; x_wconf 90' lang='lat' dir='ltr'><strong>in</strong></span> <span class='ocrx_word' id='word_1_126' title='bbox 1002 2046 1106 2104; x_wconf 90' lang='lat' dir='ltr'><strong>itinere</strong></span> <span class='ocrx_word' id='word_1_127' title='bbox 1127 2047 1163 2104; x_wconf 90' lang='lat' dir='ltr'><strong>ab</strong></span> <span class='ocrx_word' id='word_1_128' title='bbox 1183 2048 1262 2105; x_wconf 89' lang='lat' dir='ltr'><strong>omni</strong></span> <span class='ocrx_word' id='word_1_129' title='bbox 1284 2047 1390 2121; x_wconf 83' lang='lat' dir='ltr'><strong>injuria</strong></span> 
     </span>
     <span class='ocr_line' id='line_1_15' title="bbox 221 2149 394 2206; baseline 0 0"><span class='ocrx_word' id='word_1_130' title='bbox 221 2160 300 2206; x_wconf 89' lang='lat' dir='ltr'><strong>tutos</strong></span> <span class='ocrx_word' id='word_1_131' title='bbox 322 2149 394 2206; x_wconf 85' lang='lat' dir='ltr'><strong>fore.</strong></span> 
     </span>
    </p>

    <p class='ocr_par' dir='ltr' id='par_1_3' title="bbox 219 2251 1390 2430">
     <span class='ocr_line' id='line_1_16' title="bbox 260 2251 1390 2314; baseline 0.005 -6"><span class='ocrx_word' id='word_1_132' title='bbox 260 2252 340 2310; x_wconf 89' lang='lat' dir='ltr'><strong>Haec</strong></span> <span class='ocrx_word' id='word_1_133' title='bbox 373 2253 457 2310; x_wconf 91' lang='lat' dir='ltr'><strong>vobis</strong></span> <span class='ocrx_word' id='word_1_134' title='bbox 491 2253 667 2313; x_wconf 89' lang='lat' dir='ltr'><strong>documento</strong></span> <span class='ocrx_word' id='word_1_135' title='bbox 700 2254 759 2313; x_wconf 90' lang='lat' dir='ltr'><strong>sint</strong></span> <span class='ocrx_word' id='word_1_136' title='bbox 787 2254 864 2312; x_wconf 87' lang='lat' dir='ltr'><strong>facta</strong></span> <span class='ocrx_word' id='word_1_137' title='bbox 892 2265 989 2312; x_wconf 89' lang='lat' dir='ltr'><strong>nostra</strong></span> <span class='ocrx_word' id='word_1_138' title='bbox 1015 2269 1081 2312; x_wconf 89' lang='lat' dir='ltr'><strong>cunr</strong></span> <span class='ocrx_word' id='word_1_139' title='bbox 1109 2251 1196 2312; x_wconf 91' lang='lat' dir='ltr'><strong>dictis</strong></span> <span class='ocrx_word' id='word_1_140' title='bbox 1223 2255 1390 2314; x_wconf 89' lang='lat' dir='ltr'><strong>convenire.</strong></span> 
     </span>
     <span class='ocr_line' id='line_1_17' title="bbox 219 2355 1390 2430; baseline 0.001 -17"><span class='ocrx_word' id='word_1_141' title='bbox 219 2356 361 2414; x_wconf 89' lang='lat' dir='ltr'><strong>Dominus</strong></span> <span class='ocrx_word' id='word_1_142' title='bbox 382 2358 461 2415; x_wconf 90' lang='lat' dir='ltr'><strong>Deus</strong></span> <span class='ocrx_word' id='word_1_143' title='bbox 480 2373 534 2416; x_wconf 91' lang='lat' dir='ltr'><strong>vos</strong></span> <span class='ocrx_word' id='word_1_144' title='bbox 554 2360 647 2415; x_wconf 87' lang='lat' dir='ltr'><strong>salvos</strong></span> <span class='ocrx_word' id='word_1_145' title='bbox 668 2358 752 2416; x_wconf 84' lang='lat' dir='ltr'><strong>faxit.</strong></span> <span class='ocrx_word' id='word_1_146' title='bbox 792 2357 960 2427; x_wconf 88' lang='lat' dir='ltr'><strong>Malaccae,</strong></span> <span class='ocrx_word' id='word_1_147' title='bbox 980 2355 1009 2414; x_wconf 94' lang='lat' dir='ltr'><strong>d.</strong></span> <span class='ocrx_word' id='word_1_148' title='bbox 1029 2373 1058 2430; x_wconf 90' lang='lat'><strong>9.</strong></span> <span class='ocrx_word' id='word_1_149' title='bbox 1074 2357 1193 2426; x_wconf 89' lang='lat' dir='ltr'><strong>Martii,</strong></span> <span class='ocrx_word' id='word_1_150' title='bbox 1213 2374 1290 2415; x_wconf 85' lang='lat' dir='ltr'><strong>anno</strong></span> <span class='ocrx_word' id='word_1_151' title='bbox 1305 2359 1390 2429; x_wconf 87' lang='lat'>1603.</span> 
     </span>
    </p>

    <p class='ocr_par' dir='ltr' id='par_1_4' title="bbox 921 2457 1309 2532">
     <span class='ocr_line' id='line_1_18' title="bbox 921 2457 1309 2532; baseline 0 -16"><span class='ocrx_word' id='word_1_152' title='bbox 921 2459 1033 2516; x_wconf 86' lang='lat' dir='ltr'><strong>Fernao</strong></span> <span class='ocrx_word' id='word_1_153' title='bbox 1053 2457 1099 2516; x_wconf 88' lang='lat' dir='ltr'><strong>dai</strong></span> <span class='ocrx_word' id='word_1_154' title='bbox 1122 2461 1309 2532; x_wconf 88' lang='lat' dir='ltr'><strong>Buquerque.</strong></span> 
     </span>
    </p>

    <p class='ocr_par' dir='ltr' id='par_1_5' title="bbox 256 2557 1388 2638">
     <span class='ocr_line' id='line_1_19' title="bbox 256 2557 1388 2638; baseline 0.002 -20"><span class='ocrx_word' id='word_1_155' title='bbox 256 2557 433 2638; x_wconf 91' lang='lat' dir='ltr'><strong>(Inscriptio</strong></span> <span class='ocrx_word' id='word_1_156' title='bbox 448 2571 525 2620; x_wconf 78' lang='lat' dir='ltr'><strong>erata</strong></span> <span class='ocrx_word' id='word_1_157' title='bbox 547 2560 656 2634; x_wconf 90' lang='lat' dir='ltr'><strong>Jacobo</strong></span> <span class='ocrx_word' id='word_1_158' title='bbox 669 2560 894 2630; x_wconf 87' lang='lat' dir='ltr'><strong>Hemskerckio‚</strong></span> <span class='ocrx_word' id='word_1_159' title='bbox 915 2560 1061 2634; x_wconf 88' lang='lat' dir='ltr'><strong>praefecto</strong></span> <span class='ocrx_word' id='word_1_160' title='bbox 1073 2563 1169 2620; x_wconf 85' lang='lat' dir='ltr'><strong>classis</strong></span> <span class='ocrx_word' id='word_1_161' title='bbox 1182 2560 1388 2631; x_wconf 88' lang='lat' dir='ltr'><strong>Holiandicae‚</strong></span> 
     </span>
    </p>

    <p class='ocr_par' dir='ltr' id='par_1_6' title="bbox 219 2661 981 2742">
     <span class='ocr_line' id='line_1_20' title="bbox 219 2661 981 2742; baseline 0.001 -21"><span class='ocrx_word' id='word_1_162' title='bbox 219 2665 288 2722; x_wconf 87' lang='lat' dir='ltr'><strong>haec</strong></span> <span class='ocrx_word' id='word_1_163' title='bbox 308 2665 431 2739; x_wconf 90' lang='lat' dir='ltr'><strong>epistola</strong></span> <span class='ocrx_word' id='word_1_164' title='bbox 449 2665 578 2724; x_wconf 90' lang='lat' dir='ltr'><strong>mittitur</strong></span> <span class='ocrx_word' id='word_1_165' title='bbox 599 2682 614 2720; x_wconf 92' lang='lat' dir='ltr'><strong>a</strong></span> <span class='ocrx_word' id='word_1_166' title='bbox 635 2663 781 2737; x_wconf 84' lang='lat' dir='ltr'><strong>praefecto</strong></span> <span class='ocrx_word' id='word_1_167' title='bbox 802 2661 981 2742; x_wconf 87' lang='lat' dir='ltr'><strong>Malaccae).</strong></span> 
     </span>
    </p>
   </div>
   <div class='ocr_carea' id='block_1_3' title="bbox 706 2845 902 2856">
    <p class='ocr_par' dir='ltr' id='par_1_7' title="bbox 706 2845 902 2856">
     <span class='ocr_line' id='line_1_21' title="bbox 706 2845 902 2856; baseline 0.02 -4"><span class='ocrx_word' id='word_1_168' title='bbox 706 2845 902 2856; x_wconf 73' lang='lat'><em>——-—...</em></span> 
     </span>
    </p>
   </div>
   <div class='ocr_carea' id='block_1_4' title="bbox 749 2973 855 3075">
    <p class='ocr_par' dir='ltr' id='par_1_8' title="bbox 749 2973 855 3075">
     <span class='ocr_line' id='line_1_22' title="bbox 749 2973 855 3075; baseline 0.009 -4"><span class='ocrx_word' id='word_1_169' title='bbox 749 2973 855 3075; x_wconf 91' lang='lat' dir='ltr'><strong>VH.</strong></span> 
     </span>
    </p>
   </div>
   <div class='ocr_carea' id='block_1_5' title="bbox 461 3217 1149 3394">
    <p class='ocr_par' dir='ltr' id='par_1_9' title="bbox 461 3217 1149 3394">
     <span class='ocr_line' id='line_1_23' title="bbox 461 3217 1149 3289; baseline 0 -15"><span class='ocrx_word' id='word_1_170' title='bbox 461 3217 614 3275; x_wconf 80' lang='lat' dir='ltr'><strong>Errsrotn</strong></span> <span class='ocrx_word' id='word_1_171' title='bbox 636 3233 759 3276; x_wconf 71' lang='lat' dir='ltr'><strong>aurunt</strong></span> <span class='ocrx_word' id='word_1_172' title='bbox 781 3233 917 3289; x_wconf 78' lang='lat' dir='ltr'><strong>tJusnsm</strong></span> <span class='ocrx_word' id='word_1_173' title='bbox 940 3232 980 3274; x_wconf 80' lang='lat' dir='ltr'><strong>ao</strong></span> <span class='ocrx_word' id='word_1_174' title='bbox 1003 3231 1149 3275; x_wconf 78' lang='lat' dir='ltr'><strong>aunuum.</strong></span> 
     </span>
     <span class='ocr_line' id='line_1_24' title="bbox 625 3318 972 3394; baseline -0.006 -14"><span class='ocrx_word' id='word_1_175' title='bbox 625 3324 662 3380; x_wconf 88' lang='lat' dir='ltr'><strong>A.</strong></span> <span class='ocrx_word' id='word_1_176' title='bbox 686 3322 772 3394; x_wconf 81' lang='lat'><strong>1603.</strong></span> <span class='ocrx_word' id='word_1_177' title='bbox 792 3318 902 3378; x_wconf 77' lang='lat' dir='ltr'><strong>Maur.</strong></span> <span class='ocrx_word' id='word_1_178' title='bbox 925 3322 972 3380; x_wconf 84' lang='lat'><strong>26.</strong></span> 
     </span>
    </p>
   </div>
   <div class='ocr_carea' id='block_1_6' title="bbox 711 3505 897 3514">
    <p class='ocr_par' dir='ltr' id='par_1_10' title="bbox 711 3505 897 3514">
     <span class='ocr_line' id='line_1_25' title="bbox 711 3505 897 3514; baseline 0.005 -1"><span class='ocrx_word' id='word_1_179' title='bbox 711 3505 897 3514; x_wconf 78' lang='lat'>————-</span> 
     </span>
    </p>
   </div>
   <div class='ocr_carea' id='block_1_7' title="bbox 176 3619 1386 4524">
    <p class='ocr_par' dir='ltr' id='par_1_11' title="bbox 176 3619 1386 4524">
     <span class='ocr_line' id='line_1_26' title="bbox 255 3619 1386 3696; baseline -0.001 -16"><span class='ocrx_word' id='word_1_180' title='bbox 255 3622 382 3680; x_wconf 81' lang='lat' dir='ltr'><strong>Litteras</strong></span> <span class='ocrx_word' id='word_1_181' title='bbox 403 3633 466 3679; x_wconf 88' lang='lat' dir='ltr'><strong>tuas</strong></span> <span class='ocrx_word' id='word_1_182' title='bbox 488 3639 555 3680; x_wconf 88' lang='lat' dir='ltr'><strong>cum</strong></span> <span class='ocrx_word' id='word_1_183' title='bbox 577 3638 681 3695; x_wconf 83' lang='lat' dir='ltr'><strong>magno</strong></span> <span class='ocrx_word' id='word_1_184' title='bbox 701 3622 806 3696; x_wconf 88' lang='lat' dir='ltr'><strong>gaudio</strong></span> <span class='ocrx_word' id='word_1_185' title='bbox 827 3623 945 3694; x_wconf 87' lang='lat' dir='ltr'><strong>accepi,</strong></span> <span class='ocrx_word' id='word_1_186' title='bbox 965 3638 981 3680; x_wconf 91' lang='lat' dir='ltr'><strong>e</strong></span> <span class='ocrx_word' id='word_1_187' title='bbox 1002 3621 1108 3694; x_wconf 90' lang='lat' dir='ltr'><strong>quibus</strong></span> <span class='ocrx_word' id='word_1_188' title='bbox 1129 3621 1199 3678; x_wconf 90' lang='lat' dir='ltr'><strong>mihi</strong></span> <span class='ocrx_word' id='word_1_189' title='bbox 1221 3623 1312 3694; x_wconf 88' lang='lat' dir='ltr'><strong>palam</strong></span> <span class='ocrx_word' id='word_1_190' title='bbox 1335 3619 1386 3691; x_wconf 87' lang='lat' dir='ltr'><strong>fit,</strong></span> 
     </span>
     <span class='ocr_line' id='line_1_27' title="bbox 215 3722 1385 3798; baseline 0 -18"><span class='ocrx_word' id='word_1_191' title='bbox 215 3741 299 3795; x_wconf 87' lang='lat' dir='ltr'><strong>quam</strong></span> <span class='ocrx_word' id='word_1_192' title='bbox 327 3723 468 3798; x_wconf 88' lang='lat' dir='ltr'><strong>benignus</strong></span> <span class='ocrx_word' id='word_1_193' title='bbox 497 3723 586 3783; x_wconf 86' lang='lat' dir='ltr'><strong>fueris</strong></span> <span class='ocrx_word' id='word_1_194' title='bbox 613 3740 679 3797; x_wconf 90' lang='lat' dir='ltr'><strong>erga</strong></span> <span class='ocrx_word' id='word_1_195' title='bbox 708 3725 837 3781; x_wconf 91' lang='lat' dir='ltr'><strong>homines</strong></span> <span class='ocrx_word' id='word_1_196' title='bbox 867 3722 903 3782; x_wconf 93' lang='lat' dir='ltr'><strong>de</strong></span> <span class='ocrx_word' id='word_1_197' title='bbox 931 3741 1002 3782; x_wconf 90' lang='lat' dir='ltr'><strong>nave</strong></span> <span class='ocrx_word' id='word_1_198' title='bbox 1032 3736 1124 3797; x_wconf 90' lang='lat' dir='ltr'><strong>capta.</strong></span> <span class='ocrx_word' id='word_1_199' title='bbox 1166 3724 1231 3781; x_wconf 91' lang='lat' dir='ltr'><strong>Hoc</strong></span> <span class='ocrx_word' id='word_1_200' title='bbox 1252 3725 1328 3782; x_wconf 91' lang='lat' dir='ltr'><strong>enim</strong></span> <span class='ocrx_word' id='word_1_201' title='bbox 1351 3724 1385 3780; x_wconf 92' lang='lat' dir='ltr'><strong>ab</strong></span> 
     </span>
     <span class='ocr_line' id='line_1_28' title="bbox 216 3825 1385 3902; baseline -0.001 -18"><span class='ocrx_word' id='word_1_202' title='bbox 216 3828 389 3902; x_wconf 86' lang='lat' dir='ltr'><strong>imperatore</strong></span> <span class='ocrx_word' id='word_1_203' title='bbox 419 3839 449 3885; x_wconf 92' lang='lat' dir='ltr'><strong>et</strong></span> <span class='ocrx_word' id='word_1_204' title='bbox 481 3828 627 3900; x_wconf 85' lang='lat' dir='ltr'><strong>praefecto</strong></span> <span class='ocrx_word' id='word_1_205' title='bbox 658 3829 763 3884; x_wconf 91' lang='lat' dir='ltr'><strong>merito</strong></span> <span class='ocrx_word' id='word_1_206' title='bbox 794 3837 995 3900; x_wconf 83' lang='lat' dir='ltr'><strong>exspectatur,</strong></span> <span class='ocrx_word' id='word_1_207' title='bbox 1034 3843 1087 3884; x_wconf 85' lang='lat' dir='ltr'><strong>nec</strong></span> <span class='ocrx_word' id='word_1_208' title='bbox 1119 3827 1179 3900; x_wconf 88' lang='lat' dir='ltr'><strong>ipse</strong></span> <span class='ocrx_word' id='word_1_209' title='bbox 1209 3827 1267 3884; x_wconf 83' lang='lat' dir='ltr'><strong>alio</strong></span> <span class='ocrx_word' id='word_1_210' title='bbox 1298 3825 1385 3883; x_wconf 92' lang='lat' dir='ltr'><strong>modo</strong></span> 
     </span>
     <span class='ocr_line' id='line_1_29' title="bbox 214 3929 1384 4005; baseline -0.001 -17"><span class='ocrx_word' id='word_1_211' title='bbox 214 3948 311 4005; x_wconf 86' lang='lat' dir='ltr'><strong>agam,</strong></span> <span class='ocrx_word' id='word_1_212' title='bbox 340 3933 364 3988; x_wconf 93' lang='lat' dir='ltr'><strong>si</strong></span> <span class='ocrx_word' id='word_1_213' title='bbox 394 3930 511 4004; x_wconf 91' lang='lat' dir='ltr'><strong>quando</strong></span> <span class='ocrx_word' id='word_1_214' title='bbox 542 3930 609 4002; x_wconf 90' lang='lat' dir='ltr'><strong>fiet,</strong></span> <span class='ocrx_word' id='word_1_215' title='bbox 639 3942 673 3989; x_wconf 90' lang='lat' dir='ltr'><strong>ut</strong></span> <span class='ocrx_word' id='word_1_216' title='bbox 705 3929 917 3989; x_wconf 90' lang='lat' dir='ltr'><strong>Hollatrdorum</strong></span> <span class='ocrx_word' id='word_1_217' title='bbox 949 3931 1052 4004; x_wconf 87' lang='lat' dir='ltr'><strong>aliquis</strong></span> <span class='ocrx_word' id='word_1_218' title='bbox 1084 3931 1114 3987; x_wconf 92' lang='lat' dir='ltr'><strong>in</strong></span> <span class='ocrx_word' id='word_1_219' title='bbox 1146 3931 1204 3988; x_wconf 91' lang='lat' dir='ltr'><strong>hoc</strong></span> <span class='ocrx_word' id='word_1_220' title='bbox 1236 3933 1384 3988; x_wconf 87' lang='lat' dir='ltr'><strong>castellum</strong></span> 
     </span>
     <span class='ocr_line' id='line_1_30' title="bbox 176 4032 1384 4115; baseline -0.002 -23"><span class='ocrx_word' id='word_1_221' title='bbox 176 4053 182 4062; x_wconf 85' lang='grc'>’</span> <span class='ocrx_word' id='word_1_222' title='bbox 214 4034 379 4093; x_wconf 89' lang='lat' dir='ltr'><strong>inducatur.</strong></span> <span class='ocrx_word' id='word_1_223' title='bbox 420 4034 509 4115; x_wconf 90' lang='lat' dir='ltr'><strong>Quod</strong></span> <span class='ocrx_word' id='word_1_224' title='bbox 528 4052 600 4093; x_wconf 88' lang='lat' dir='ltr'><strong>vero</strong></span> <span class='ocrx_word' id='word_1_225' title='bbox 620 4035 721 4093; x_wconf 90' lang='lat' dir='ltr'><strong>scribis</strong></span> <span class='ocrx_word' id='word_1_226' title='bbox 742 4034 777 4092; x_wconf 91' lang='lat' dir='ltr'><strong>de</strong></span> <span class='ocrx_word' id='word_1_227' title='bbox 798 4035 965 4093; x_wconf 91' lang='lat' dir='ltr'><strong>hominibus</strong></span> <span class='ocrx_word' id='word_1_228' title='bbox 985 4035 1105 4102; x_wconf 88' lang='lat' dir='ltr'><strong>vestris,</strong></span> <span class='ocrx_word' id='word_1_229' title='bbox 1126 4035 1177 4107; x_wconf 92' lang='lat' dir='ltr'><strong>qui</strong></span> <span class='ocrx_word' id='word_1_230' title='bbox 1199 4034 1275 4108; x_wconf 87' lang='lat' dir='ltr'><strong>apud</strong></span> <span class='ocrx_word' id='word_1_231' title='bbox 1297 4032 1384 4091; x_wconf 93' lang='lat' dir='ltr'><strong>Indos</strong></span> 
     </span>
     <span class='ocr_line' id='line_1_31' title="bbox 215 4137 1383 4214; baseline 0 -18"><span class='ocrx_word' id='word_1_232' title='bbox 215 4138 244 4196; x_wconf 90' lang='lat' dir='ltr'><strong>in</strong></span> <span class='ocrx_word' id='word_1_233' title='bbox 267 4140 368 4196; x_wconf 90' lang='lat' dir='ltr'><strong>insulis</strong></span> <span class='ocrx_word' id='word_1_234' title='bbox 398 4139 543 4214; x_wconf 88' lang='lat' dir='ltr'><strong>Japonicis</strong></span> <span class='ocrx_word' id='word_1_235' title='bbox 573 4138 699 4213; x_wconf 84' lang='lat' dir='ltr'><strong>degunt,</strong></span> <span class='ocrx_word' id='word_1_236' title='bbox 729 4141 767 4197; x_wconf 94' lang='lat' dir='ltr'><strong>D.</strong></span> <span class='ocrx_word' id='word_1_237' title='bbox 795 4139 929 4197; x_wconf 87' lang='lat' dir='ltr'><strong>Vicarius</strong></span> <span class='ocrx_word' id='word_1_238' title='bbox 950 4139 1046 4197; x_wconf 90' lang='lat' dir='ltr'><strong>omnia</strong></span> <span class='ocrx_word' id='word_1_239' title='bbox 1067 4137 1153 4207; x_wconf 83' lang='lat' dir='ltr'><strong>facit,</strong></span> <span class='ocrx_word' id='word_1_240' title='bbox 1173 4153 1248 4211; x_wconf 86' lang='lat' dir='ltr'><strong>quae</strong></span> <span class='ocrx_word' id='word_1_241' title='bbox 1269 4147 1383 4212; x_wconf 86' lang='lat' dir='ltr'><strong>potest,</strong></span> 
     </span>
     <span class='ocr_line' id='line_1_32' title="bbox 213 4240 1383 4317; baseline -0.001 -17"><span class='ocrx_word' id='word_1_242' title='bbox 213 4254 247 4300; x_wconf 92' lang='lat' dir='ltr'><strong>ut</strong></span> <span class='ocrx_word' id='word_1_243' title='bbox 267 4243 325 4301; x_wconf 92' lang='lat' dir='ltr'><strong>illis</strong></span> <span class='ocrx_word' id='word_1_244' title='bbox 346 4243 485 4315; x_wconf 86' lang='lat' dir='ltr'><strong>benesit;</strong></span> <span class='ocrx_word' id='word_1_245' title='bbox 506 4242 581 4302; x_wconf 90' lang='lat' dir='ltr'><strong>idem</strong></span> <span class='ocrx_word' id='word_1_246' title='bbox 596 4245 751 4317; x_wconf 85' lang='lat' dir='ltr'><strong>aegerrime</strong></span> <span class='ocrx_word' id='word_1_247' title='bbox 762 4243 820 4302; x_wconf 91' lang='lat' dir='ltr'><strong>fert</strong></span> <span class='ocrx_word' id='word_1_248' title='bbox 830 4244 1000 4301; x_wconf 90' lang='lat' dir='ltr'><strong>sententiam</strong></span> <span class='ocrx_word' id='word_1_249' title='bbox 1012 4241 1048 4300; x_wconf 89' lang='lat' dir='ltr'><strong>de</strong></span> <span class='ocrx_word' id='word_1_250' title='bbox 1060 4240 1214 4300; x_wconf 87' lang='lat' dir='ltr'><strong>Hollandis</strong></span> <span class='ocrx_word' id='word_1_251' title='bbox 1225 4243 1383 4300; x_wconf 83' lang='lat' dir='ltr'><strong>Macaitnte</strong></span> 
     </span>
     <span class='ocr_line' id='line_1_33' title="bbox 212 4345 1383 4421; baseline 0 -17"><span class='ocrx_word' id='word_1_252' title='bbox 212 4350 298 4404; x_wconf 89' lang='lat' dir='ltr'><strong>latam</strong></span> <span class='ocrx_word' id='word_1_253' title='bbox 319 4359 349 4405; x_wconf 89' lang='lat' dir='ltr'><strong>et</strong></span> <span class='ocrx_word' id='word_1_254' title='bbox 370 4358 587 4421; x_wconf 86' lang='lat' dir='ltr'><strong>procuratorem</strong></span> <span class='ocrx_word' id='word_1_255' title='bbox 607 4345 712 4420; x_wconf 81' lang='lat' dir='ltr'><strong>judicii</strong></span> <span class='ocrx_word' id='word_1_256' title='bbox 733 4349 865 4406; x_wconf 89' lang='lat' dir='ltr'><strong>vinctum</strong></span> <span class='ocrx_word' id='word_1_257' title='bbox 888 4348 917 4405; x_wconf 90' lang='lat' dir='ltr'><strong>iu</strong></span> <span class='ocrx_word' id='word_1_258' title='bbox 939 4362 1080 4405; x_wconf 88' lang='lat' dir='ltr'><strong>carcerem</strong></span> <span class='ocrx_word' id='word_1_259' title='bbox 1102 4345 1207 4404; x_wconf 91' lang='lat' dir='ltr'><strong>abduci</strong></span> <span class='ocrx_word' id='word_1_260' title='bbox 1228 4345 1329 4419; x_wconf 87' lang='lat' dir='ltr'><strong>jussit,</strong></span> <span class='ocrx_word' id='word_1_261' title='bbox 1349 4356 1383 4404; x_wconf 92' lang='lat' dir='ltr'><strong>ut</strong></span> 
     </span>
     <span class='ocr_line' id='line_1_34' title="bbox 212 4449 1382 4524; baseline -0.002 -16"><span class='ocrx_word' id='word_1_262' title='bbox 212 4451 339 4524; x_wconf 85' lang='lat' dir='ltr'><strong>graviter</strong></span> <span class='ocrx_word' id='word_1_263' title='bbox 371 4452 400 4509; x_wconf 93' lang='lat' dir='ltr'><strong>in</strong></span> <span class='ocrx_word' id='word_1_264' title='bbox 433 4469 497 4510; x_wconf 92' lang='lat' dir='ltr'><strong>eum</strong></span> <span class='ocrx_word' id='word_1_265' title='bbox 528 4449 779 4510; x_wconf 87' lang='lat' dir='ltr'><strong>animadverteret.</strong></span> <span class='ocrx_word' id='word_1_266' title='bbox 831 4451 878 4509; x_wconf 92' lang='lat' dir='ltr'><strong>Tu</strong></span> <span class='ocrx_word' id='word_1_267' title='bbox 911 4451 999 4524; x_wconf 85' lang='lat' dir='ltr'><strong>igitur</strong></span> <span class='ocrx_word' id='word_1_268' title='bbox 1034 4451 1094 4508; x_wconf 85' lang='lat' dir='ltr'><strong>noli</strong></span> <span class='ocrx_word' id='word_1_269' title='bbox 1127 4450 1211 4508; x_wconf 91' lang='lat' dir='ltr'><strong>irasci</strong></span> <span class='ocrx_word' id='word_1_270' title='bbox 1242 4449 1382 4508; x_wconf 89' lang='lat' dir='ltr'><strong>universis</strong></span> 
     </span>
    </p>
   </div>
   <div class='ocr_carea' id='block_1_8' title="bbox 0 0 1730 5434">
    <p class='ocr_par' dir='ltr' id='par_1_12' title="bbox 0 0 1730 5434">
     <span class='ocr_line' id='line_1_35' title="bbox 0 0 1730 5434; baseline 0 3"><span class='ocrx_word' id='word_1_271' title='bbox 0 0 1730 5434; x_wconf 95' lang='lat' dir='ltr'><strong> </strong></span> 
     </span>
    </p>
   </div>
  </div>
 </body>
</html>
