3450 5434
526 645 573 693 nu
596 646 691 713 June
716 647 902 696 ramanae.
927 649 1007 697 car.
1031 650 1067 697 x.
1314 646 1377 711 145

198 800 245 867 Et
258 800 294 866 hi
304 820 322 865 e
331 800 459 867 diversa
474 814 656 884 temporum
668 800 809 880 ratione,
826 816 884 869 aut
893 817 993 885 prout
1002 802 1065 886 ipsi
1076 802 1196 883 famae,
1210 802 1376 887 religioni,

196 910 367 978 ambitioni
376 910 581 989 serviebant,
602 911 732 978 diverse
750 911 802 977 usi
822 913 1040 995 reperiuntur.
1086 915 1155 1001 Qui
1174 914 1373 981 sanctissimi

197 1021 310 1089 haberi
338 1022 495 1088 volebant
520 1023 671 1105 praedam
698 1042 765 1088 non
793 1022 1021 1107 attingebant,
1048 1026 1105 1091 sed
1134 1024 1206 1092 sive
1236 1024 1375 1108 pecunIa

197 1148 267 1199 erar
285 1132 320 1197 in
338 1133 477 1216 praeda,
502 1152 571 1197 eam
591 1133 753 1215 iubebant
770 1149 977 1215 quaestorem
995 1135 1111 1218 populi
1135 1136 1277 1202 Romani
1300 1155 1375 1219 per-

197 1242 327 1326 cipere,
350 1244 421 1311 sire
442 1261 495 1309 res
517 1243 623 1323 aliae,
647 1263 702 1310 eas
723 1264 780 1327 per
803 1258 1009 1326 quaestorem
1033 1247 1096 1311 sub
1119 1248 1212 1313 hasta
1234 1266 1374 1313 venum-

197 1354 281 1421 dari.
313 1353 493 1420 Redactam
512 1354 588 1421 inde
606 1354 779 1438 pecuniam
795 1369 874 1422 sunt
896 1356 977 1437 qui¹
991 1357 1229 1422 manubiarum
1239 1357 1373 1425 nomine

197 1463 375 1549 significari
395 1466 524 1531 volunt
568 1464 619 1530 Ea
639 1464 756 1530 deinde
777 1464 811 1531 in
831 1465 990 1532 aerarium
1011 1486 1069 1549 per
1087 1482 1295 1549 quaestorem
1315 1468 1373 1535 de·

196 1572 383 1657 ferebatur,
415 1574 507 1658 prius
540 1589 670 1656 tamen,
700 1575 728 1639 si
758 1574 918 1658 triumphi
947 1596 997 1641 res
1028 1592 1136 1660 esset,
1164 1578 1297 1660 publice
1320 1597 1373 1643 os·

195 1699 329 1751 tentata.
373 1685 425 1751 Iu
451 1685 627 1768 Pomch'us
645 1684 743 1751 fecit:
771 1685 922 1751 Pecunia
946 1686 1129 1773 Tigranis,
1152 1690 1255 1752 sicuti
1274 1688 1372 1752 Pom-

191 1797 267 1882 pejo
288 1800 390 1861 moris
412 1810 510 1877 erat,
531 1796 676 1862 notanda
698 1812 777 1862 sunt
797 1798 879 1862 haec
900 1796 1000 1862 verba
1022 1797 1143 1882 Velleji
1163 1797 1197 1878 ²,
1229 1796 1373 1863 redacta

194 1910 233 1970 in
255 1910 441 1991 quaestoris
457 1919 654 1991 potestatem
678 1926 718 1970 ac
734 1906 882 1993 publicis
904 1906 1072 1993 descripta
1095 1907 1218 1973 literis.
1247 1908 1300 1973 Ita
1319 1908 1371 1975 M.

195 2014 332 2083 Tullius
350 2023 362 2057 ³
380 2015 415 2082 in
441 2017 528 2081 bello
547 2015 720 2097 Parthico,
744 2016 804 2098 qui
823 2016 893 2100 ipse
912 2016 954 2083 in·
965 2017 1069 2083 literis
1093 2018 1134 2083 ad
1153 2017 1370 2085 Sallustium:

194 2125 251 2191 De
273 2125 407 2212 praeda
431 2148 504 2192 mea
516 2140 659 2213 praeter
675 2140 865 2213 quaestores
888 2129 1055 2210 urbanos,
1086 2126 1126 2194 td
1143 2141 1190 2193 est
1206 2129 1369 2215 populum

196 2236 410 2318 Romanum,
433 2240 623 2301 teruncium
646 2258 704 2301 nec
716 2240 860 2323 attigit,
883 2259 941 2303 nee
951 2250 1110 2303 tacturus
1121 2252 1170 2302 est
1181 2242 1371 2323 quisquam.

195 2348 241 2413 Id
262 2361 370 2413 autern
393 2347 498 2412 veteri
530 2346 699 2429 republica
727 2346 975 2415 usitatissimum
1009 2346 1095 2429 fuit,
1118 2350 1214 2433 qu'us
1248 2368 1371 2416 rnorem

196 2457 333 2524 Plautus
352 2464 365 2501 ⁶
383 2455 579 2540 respiciens:

220 2568 325 2634 Nune
347 2570 434 2633 hanc
450 2567 618 2655 praedam
642 2589 764 2634 omnem
779 2570 855 2654 jam
879 2567 927 2635 ad
947 2582 1153 2655 quaestorem
1176 2568 1338 2655 deferam.

239 2678 286 2745 Et
304 2678 345 2744 de
363 2677 554 2744 bominibus
570 2677 713 2761 captivis
724 2688 754 2743 ¹:

419 2785 507 2871 Quos
529 2792 594 2853 emi
615 2787 655 2855 de
671 2788 805 2875 praeda
828 2787 868 2854 de
890 2789 1136 2874 quaestoribus.

237 2900 285 2966 lli
306 2915 413 2966 autern
436 2912 535 2978 sunt,
559 2899 618 2980 qui
637 2901 700 2966 sub
719 2919 840 2966 corona
858 2898 985 2965 venditi
995 2898 1160 2966 dicuntur.
1183 2898 1253 2965 Alii
1264 2914 1371 2966 autem

194 3030 263 3078 non
281 3009 446 3093 quaestori
466 3009 598 3088 dabant,
625 3010 683 3075 sed
701 3008 763 3093 ipsi
784 3010 972 3076 vendebant
993 3024 1025 3075 et
1046 3008 1080 3075 in
1105 3010 1265 3076 aerarium
1284 3009 1370 3075 refe-

194 3122 330 3202 rebant,
352 3136 392 3187 ut
413 3140 453 3186 ex
474 3119 607 3201 verbis,
626 3140 711 3203 quae
732 3122 821 3204 apud
839 3120 1124 3189 Halicamasseum
1148 3120 1181 3186 in
1195 3120 1305 3187 eadem
1318 3141 1372 3187 ac·

193 3232 363 3299 cusatione
385 3245 588 3314 sequuntur,
610 3229 706 3297 facile
728 3231 866 3316 intelligi
886 3247 1005 3315 potest.
1028 3232 1080 3297 Ita
1091 3231 1216 3316 Regem
1228 3230 1373 3314 Tarqui-

194 3342 285 3408 nium
302 3344 368 3426 jam
387 3342 465 3407 olim
482 3340 582 3407 victis
600 3339 731 3408 Sabinis
760 3342 911 3424 praedam
942 3341 1159 3425 captivosque
1187 3340 1326 3407 Romam
1350 3348 1372 3419 †

195 3502 402 3519 .......
424 3471 499 3518 mus
517 3458 550 3517 ⁸:
571 3451 762 3517 Romulium
786 3466 819 3517 et
839 3452 1017 3517 Veturium
1040 3454 1193 3520 consules
1219 3453 1370 3535 praedam

194 3582 235 3628 err
245 3561 375 3645 Aequis
386 3562 572 3629 vendidisse
591 3610 761 3628 ......
784 3562 925 3645 inopiam
938 3562 1071 3643 aerarii,
1093 3581 1187 3647 aegre
1198 3562 1232 3626 id
1241 3560 1369 3629 ferente

194 3672 340 3738 exercitu
350 3672 374 3738 ².
398 3672 463 3738 Sed
481 3692 556 3737 curn
576 3672 609 3738 in
629 3672 767 3737 historia
784 3672 933 3737 Romana
943 3671 1027 3738 nihil
1037 3669 1245 3753 frequentius
1255 3691 1371 3738 occur·

194 3797 257 3861 rat,
280 3798 441 3865 quantum
460 3802 501 3849 err
510 3781 637 3849 Italicis
648 3781 812 3866 primurn,
836 3781 954 3848 deinde
967 3780 1135 3848 Africanis
1147 3795 1180 3847 et
1191 3781 1369 3861 Asiaticis,

227 3979 319 4029 'nell
341 3982 361 4028 l.
385 3992 423 4039 rs.
447 3994 470 4031 c.
494 3993 535 4039 aa.
569 3977 728 4043 ¹1.2.[e
750 3976 891 4045 eoum]
928 3976 1142 4029 'adlamla
1162 3977 1216 4041 [ep.
1237 3977 1368 4039 17.§.4]

190 4069 311 4119 ⁴Baccb.
327 4068 380 4132 [va.
397 4072 481 4133 rona]
515 4070 617 4131 'Cape
635 4070 686 4133 [vs.
704 4069 757 4132 μ]
791 4068 1075 4131 ‘Liv.1.r.[e.37.]
1110 4066 1368 4128 ⁷Liv.1.a.[e.sr.]

224 4161 307 4221 ¹5ch
324 4154 351 4208 in
375 4160 467 4209 codice
490 4158 615 4209 vocabula
631 4160 680 4208 tria
697 4160 820 4220 temporie
838 4157 931 4216 iniuria
948 4159 1088 4220 perierunt.
1121 4157 1206 4206 Noble
1223 4168 1307 4204 tamen
1324 4158 1369 4205 ad·

190 4250 279 4299 bibitis
305 4249 405 4299 duobus
429 4250 499 4299 Livii
524 4250 604 4313 locis,
629 4250 722 4310 quibos
748 4248 853 4298 Grotius
870 4249 964 4307 utitur,
983 4250 1015 4298 de
1032 4248 1119 4298 verbis
1137 4245 1191 4304 eius
1210 4244 1286 4294 facile
1305 4258 1369 4294 eon·

192 4352 257 4388 aare
281 4350 376 4401 potest.
411 4340 550 4401 scripserat
575 4340 643 4389 enirn
668 4341 718 4390 lrar
745 4339 910 4400 Tarquinium
936 4338 987 4397 jam
1006 4338 1068 4387 olim
1086 4336 1165 4387 vlcrls
1183 4334 1280 4385 sabinis
1296 4348 1369 4397 prae-

191 4432 248 4479 dam
264 4429 433 4491 captivosque
449 4431 550 4480 Roman
565 4429 662 4480 meiere
678 4430 797 4495 luimus,
813 4430 961 4479 Romulum
978 4440 1003 4477 et
1020 4426 1282 4477 veturiumcorrsules
1292 4438 1367 4487 prae·

192 4522 250 4570 dm
266 4532 299 4569 ex
317 4520 413 4581 Aequis
431 4520 595 4582 vendidisse,
609 4529 717 4587 propter
733 4520 847 4583 inopiam
864 4520 965 4569 aerarii.
1048 4554 1049 4558 ,

1200 4626 1238 4673 10
