3450 5434
536 643 593 698 ‚nn
616 641 709 708 June
736 641 919 690 renense.
943 643 1022 691 cnr.
1046 643 1094 691 tv.
1363 643 1408 708 45

237 801 372 865 alterum
392 797 518 863 laedere
536 812 701 872 vetamur,
740 797 924 864 servandae
947 797 1030 864 enim
1053 812 1131 864 sunt
1153 799 1239 883 leges
1261 797 1409 884 singulae

237 910 270 975 in
299 931 359 978 suo
390 908 512 977 ordine.
560 909 687 994 Regula
705 924 811 976 autem
832 889 900 976 ista
914 909 938 988 ¹,
962 931 1026 973 non
1045 901 1158 974 deum
1177 913 1224 991 ei,
1246 913 1304 974 cui
1322 909 1411 996 quod

230 1023 309 1108 plus
340 1035 387 1088 cst
420 1021 516 1105 licet,
542 1020 580 1087 td
614 1020 703 1107 quod
723 1025 831 1087 minus
854 1035 901 1087 est
924 1042 988 1086 non
1011 1018 1130 1101 licere,
1154 1039 1219 1086 una
1241 1036 1274 1086 et
1298 1022 1406 1086 eadem

235 1133 430 1200 certitudine
462 1132 579 1198 nititur
610 1147 708 1214 atque
740 1132 795 1198 illa
825 1131 1147 1211 mathematicorum,
1183 1135 1218 1197 in
1252 1154 1286 1196 eo
1320 1131 1409 1217 quod

229 1246 308 1332 plus
340 1259 406 1325 est,
431 1243 469 1310 id
489 1242 577 1330 quod
598 1249 705 1310 minus
729 1258 776 1320 est
793 1258 952 1330 perpetuo
977 1248 1102 1313 inesse:
1127 1262 1225 1326 quam
1250 1258 1282 1309 et
1305 1243 1406 1327 ipsam

234 1373 320 1423 recte
349 1354 576 1441 jurisconsulti
599 1361 611 1398 ¹
634 1370 809 1438 usurpant,
843 1355 965 1438 quippe
997 1375 1071 1420 cum
1099 1374 1165 1421 non
1193 1353 1349 1421 minorem
1374 1353 1406 1420 in

232 1471 305 1554 jure
329 1471 437 1536 locum
460 1468 578 1533 habeat
600 1465 823 1550 proportionis
844 1465 1049 1546 observatio,
1077 1486 1174 1547 quam
1198 1464 1232 1529 in
1255 1486 1407 1533 numero·

233 1600 304 1646 rum
328 1595 361 1646 et
382 1578 642 1664 magnitudinum
666 1577 936 1646 dimensionibus.
960 1578 1094 1665 Quanto
1118 1592 1224 1643 autem
1249 1592 1299 1646 est
1317 1576 1407 1661 prior

233 1690 265 1756 in
288 1691 414 1762 ratione
435 1692 594 1758 bonorum
614 1689 683 1758 vita
702 1709 798 1773 quam
819 1688 1066 1773 possessiones,
1090 1703 1181 1755 tanto
1205 1705 1254 1755 est
1274 1687 1405 1774 gravius

234 1801 379 1868 occidere
411 1823 507 1885 quarn
539 1801 685 1886 praedari
708 1800 730 1867 ⁸.
781 1801 867 1867 Cum
899 1800 1000 1886 igitur
1031 1799 1198 1866 homicidii
1231 1819 1306 1866 teus
1340 1821 1405 1867 non

232 1913 293 1995 sit,
317 1913 376 1996 qui
398 1914 562 1981 hominem
584 1915 675 1999 justo
699 1912 732 1980 in
752 1914 839 1980 bello
863 1910 1045 1995 interfecit,
1069 1913 1174 1978 multo
1197 1911 1306 1978 minus
1326 1909 1405 1978 furti

232 2040 380 2108 tenetur,
404 2027 463 2108 qui
485 2047 551 2092 rem
574 2023 682 2092 aufert
699 2023 862 2092 hostilem.
908 2023 1028 2090 Cicero
1047 2023 1201 2108 ⁴:Neque
1219 2036 1266 2088 cst
1285 2037 1405 2089 contra

233 2151 395 2203 naturam
415 2137 559 2224 spoliare
581 2158 679 2218 cum,
713 2141 742 2202 si
759 2140 883 2223 possis,
904 2156 997 2221 quem
1014 2137 1182 2201 honestum
1209 2149 1255 2201 est
1276 2156 1404 2201 necare.

232 2248 335 2335 Quod
357 2264 389 2316 et
410 2248 528 2334 passim
549 2247 776 2332 jurisconsulti
800 2250 812 2286 ⁵
835 2246 1046 2321 tradiderunt.
1087 2247 1133 2313 Et
1152 2266 1249 2314 causa
1272 2247 1405 2329 quidem

230 2379 288 2426 cur
311 2359 414 2428 hostis
437 2381 472 2427 re
494 2381 553 2428 sua
575 2358 696 2444 privari
718 2359 834 2426 debeat
852 2359 931 2425 satis
947 2360 1013 2443 jam
1033 2374 1176 2442 apparet.
1221 2360 1277 2425 An
1297 2372 1404 2424 autem

230 2471 344 2538 iisdem
377 2472 505 2558 legibus
537 2471 727 2556 simpliciter
757 2470 914 2555 inspectis
941 2485 1098 2553 sequatur
1116 2484 1328 2554 occupantem
1347 2470 1406 2535 do-

230 2582 366 2648 minium
387 2582 616 2666 irrevocabile,
637 2582 797 2667 disputari
815 2597 936 2666 potest.
960 2574 1140 2648 Videbitur
1159 2580 1244 2648 enim
1263 2583 1404 2648 nonnul-

231 2693 271 2760 lis
294 2693 330 2775 ⁸,
357 2715 431 2762 cum
458 2695 547 2780 prior
574 2695 727 2762 dominus
747 2695 820 2779 jure
839 2693 988 2777 privatus
1011 2692 1073 2774 sit,
1097 2712 1167 2759 esse
1189 2713 1256 2759 rem
1280 2692 1404 2758 nullius

125 2859 136 2872 ,
230 2820 328 2889 atque
347 2808 448 2890 adeo,
474 2807 560 2874 sicut
578 2824 720 2889 caetera,
745 2806 814 2872 lieri
833 2803 929 2890 primi
938 2803 1158 2888 possessoris:
1183 2803 1275 2885 quod
1293 2803 1404 2869 Nerva

231 2914 320 2980 filius
340 2931 373 2981 et
393 2932 470 3000 post
490 2937 563 2984 eum
584 2915 729 2984 Paulus⁷
751 2915 891 2984 sensisse
914 2915 1088 2999 videntur,
1112 2934 1185 2982 curn
1207 2916 1295 2980 hello
1311 2930 1404 2997 capta

1416 2607 1486 2654 Nova
1501 2605 1539 2653 de-

1417 2661 1526 2707 clareto.

229 3025 270 3092 iis
297 3027 396 3094 rebus
423 3044 653 3110 annumerant,
687 3049 770 3111 quae
792 3049 867 3095 cum
885 3027 1010 3096 nullius
1031 3043 1105 3093 ante
1127 3025 1273 3106 fuerint,
1299 3023 1328 3090 ei
1352 3045 1403 3090 ac·
1504 3062 1506 3065 ·

230 3137 406 3220 quiruntur
425 3140 632 3226 naturaliter,
657 3139 715 3224 qui
733 3139 859 3224 primus
877 3161 986 3207 earum
1004 3137 1247 3223 possessionem
1266 3147 1404 3203 nanctus

230 3248 281 3316 sit.
328 3249 427 3316 Ratio
451 3266 558 3317 autem
581 3251 635 3318 illa
658 3251 766 3318 statim
791 3267 978 3332 succurret,
1002 3271 1098 3333 quam
1122 3249 1221 3316 modo
1240 3247 1402 3329 diximus,

230 3360 306 3443 quia
336 3363 425 3446 leges
455 3363 658 3446 superiores,
692 3383 775 3445 quae
800 3378 877 3430 sunt
899 3365 940 3430 de
961 3365 1051 3430 bono
1071 3378 1210 3443 nostro,
1233 3360 1403 3445 oppositae

228 3471 456 3555 inferioribus,
480 3476 568 3542 bono
588 3474 693 3541 alieno
714 3477 822 3541 locum
841 3494 908 3542 non
929 3473 1064 3541 faciunt.
1110 3473 1185 3538 Nec
1205 3471 1295 3539 aliud
1311 3492 1402 3556 spec·

192 3605 202 3614 ·
228 3599 313 3650 tasse
336 3584 454 3651 Cicero
474 3583 486 3620 ⁸
507 3585 660 3668 videtur,
684 3585 712 3653 si
733 3586 809 3669 quis
820 3586 993 3672 diligenter
1005 3585 1212 3666 consideret,
1235 3604 1309 3651 cum
1323 3583 1402 3650 dicit

230 3693 378 3760 Cassium
401 3696 589 3782 profectum
619 3703 655 3764 in
686 3697 832 3764 alienam
857 3702 1088 3784 prouinciam,
1123 3701 1152 3763 si
1186 3699 1329 3762 homines
1360 3695 1404 3762 le·

261 4001 305 4050 ¹1.
321 4015 373 4050 non
389 4003 557 4053 debet.ll‘.de
571 4017 622 4065 reg.
637 4003 686 4062 jur.
703 4005 747 4068 [D.
764 4017 803 4062 so.
821 4017 859 4064 17.
878 4005 930 4068 au]
966 4002 1011 4054 ²1.
1029 4006 1056 4054 in
1073 4019 1114 4054 eo.
1131 4005 1157 4053 ff.
1175 4006 1207 4054 de
1226 4002 1339 4066 repiur.
1357 4003 1401 4066 [D.

227 4105 267 4148 50·
287 4106 325 4152 17.
345 4095 412 4157 110.]
431 4105 457 4144 et
474 4108 525 4156 reg.
542 4093 591 4152 jur.
610 4108 649 4153 ⁵³·
669 4096 807 4158 [Decretal.
828 4097 855 4145 in
874 4097 898 4144 ό.
917 4109 942 4153 5.
962 4097 1013 4159 ra]
1048 4094 1094 4145 ¹1.
1111 4095 1244 4146 sancimus.
1264 4095 1293 4143 C.
1305 4096 1337 4143 de
1351 4106 1402 4143 tac.

226 4187 291 4232 ecel.
309 4185 352 4246 [C.
374 4199 395 4234 1.
414 4199 437 4234 n.
456 4186 508 4248 au]
542 4185 603 4235 ⁴de
620 4187 663 4236 off.
681 4190 697 4236 l.
717 4201 741 4246 s.
760 4188 796 4250 [c.
813 4189 837 4236 ό.
855 4191 878 4246 5.
896 4186 949 4252 aa]
985 4187 1055 4237 ⁶⁶1.
1070 4189 1116 4236 ult.
1134 4185 1161 4235 in
1180 4199 1203 4234 c.
1215 4186 1246 4235 de
1259 4184 1333 4234 milit.
1348 4197 1401 4234 vas.

226 4275 270 4334 qui
289 4288 357 4324 cont.
376 4277 415 4339 [F.
434 4291 457 4326 a.
476 4278 528 4340 an]
547 4279 617 4326 Bald.
635 4278 661 4327 in
679 4280 696 4327 l.
717 4279 781 4328 nc,
792 4281 857 4328 unde
871 4279 907 4328 vi.
925 4279 969 4340 [C-
981 4282 1005 4328 8.
1017 4279 1055 4341 4.]
1067 4293 1092 4328 ιι.
1107 4280 1146 4335 58.
1163 4277 1214 4339 Jas.
1225 4276 1253 4324 in
1264 4279 1282 4324 l.
1294 4288 1322 4324 ut
1333 4276 1396 4325 vim.

226 4365 251 4413 ff·
269 4369 300 4416 de
316 4365 376 4424 iust-
394 4378 418 4416 et
436 4367 499 4425 iure.
518 4369 562 4430 [D.
577 4383 598 4418 1.
613 4383 634 4418 r.
648 4369 683 4432 ³·]
699 4385 724 4420 ιι.
739 4382 777 4429 17.
794 4373 826 4419 Et
837 4371 931 4430 passim
946 4371 973 4420 in
984 4368 1137 4432 argumentis
1149 4382 1163 4416 a
1174 4367 1292 4429 personis
1305 4368 1337 4415 ad
1351 4380 1401 4416 res.

225 4456 313 4506 ‘vide
331 4471 404 4520 supra
422 4472 444 4507 c.
463 4461 569 4509 nadl.
588 4473 611 4508 a.
645 4458 690 4510 ⁷1.
707 4474 729 4510 1.
743 4461 768 4523 ς.
789 4461 854 4510 uis.
873 4463 905 4511 de
922 4475 979 4522 aeq.
996 4475 1065 4522 poss.
1084 4461 1128 4522 [D.
1145 4472 1186 4522 41.
1199 4459 1353 4521 aJetsart.
1365 4458 1391 4505 ib

226 4547 252 4596 ln
269 4561 331 4598 aum.
365 4549 377 4582 ⁸
394 4549 458 4600 Phil.
478 4564 517 4600 ιι.
535 4551 571 4612 [c.
593 4565 631 4601 ra.
648 4555 670 4610 ς.
687 4553 740 4615 an]
