3450 5434
703 651 912 695 DOCUMENTA.
1335 657 1351 712 3
1356 657 1373 714 5
1379 658 1389 698 1

220 822 355 892 navium,
384 839 459 898 quae
489 822 525 882 ad
557 822 668 883 ludiam
699 826 880 884 orientalem
906 827 1137 899 navigaverunt,
1157 845 1192 887 ac
1214 828 1392 902 praefectum

219 942 316 985 earum
348 927 487 1000 jacobum
517 929 774 1004 Hemskerckium,
795 946 895 988 omnes
916 932 1073 1004 petitores,
1094 941 1122 990 et
1144 931 1179 989 ab
1200 935 1289 989 altera
1311 945 1393 1006 parte

220 1045 287 1100 eos,
317 1032 367 1104 qui
398 1031 474 1090 bona
493 1043 523 1090 et
545 1048 690 1090 caraccam
713 1034 742 1091 S.
764 1035 950 1092 Catharinam
972 1033 1110 1093 adversus
1133 1037 1272 1108 petitores
1294 1033 1392 1094 defen-

220 1131 312 1203 dunt,
343 1135 394 1208 qui
426 1145 521 1194 tamen
553 1137 635 1194 citati
668 1153 727 1194 non
760 1137 974 1211 responderunt
1005 1149 1094 1212 atque
1116 1137 1182 1196 ideo
1204 1151 1392 1198 contumaces

220 1236 356 1296 censendi
388 1251 474 1310 sunta
505 1241 644 1313 petitores
676 1241 760 1298 nobis
790 1240 1042 1312 demonstrarunt,
1066 1243 1238 1301 Societatem
1261 1241 1391 1300 Indicam

219 1357 297 1398 anno
331 1343 402 1402 1601
437 1360 524 1400 naves
553 1356 624 1401 octo
644 1346 768 1413 misisse,
789 1346 896 1420 quibus
918 1346 1042 1420 jacobus
1065 1346 1290 1404 Hemskerckius
1311 1362 1392 1420 prae·

219 1445 331 1518 positus
351 1445 425 1515 fuit,
445 1457 479 1505 ut
500 1448 530 1504 in
553 1446 635 1505 India
657 1448 801 1506 Orientali
822 1451 924 1507 aliisve
945 1451 1033 1517 iocis,
1054 1450 1076 1506 si
1099 1453 1230 1507 locorum
1248 1448 1391 1524 praesides

219 1560 406 1622 paterentur,
437 1553 663 1622 negotiationem
694 1565 882 1622 exercerent,
914 1569 1019 1625 eosque
1045 1570 1060 1610 a
1082 1553 1219 1626 Principe
1248 1552 1392 1610 Mauritio

219 1651 372 1711 codicillos
406 1654 584 1725 obtinuisse,
621 1671 672 1729 per
709 1673 782 1729 quos
819 1673 879 1714 non
917 1659 1009 1714 solum
1042 1657 1111 1714 licet
1143 1656 1310 1729 praefecto,
1342 1653 1391 1714 sed

218 1757 305 1814 etiam
324 1757 442 1829 jubetur
463 1757 617 1817 defendere
637 1776 667 1816 se
687 1757 823 1818 adversus
842 1777 959 1830 ornnes,
979 1761 1029 1832 qui
1059 1761 1089 1817 in
1117 1760 1221 1818 itinere
1247 1761 1390 1818 molestias

219 1873 319 1918 creent
339 1864 386 1919 vel
418 1875 560 1932 noceant,
591 1874 620 1920 et
641 1873 768 1936 potestas
789 1862 895 1932 datur,
927 1875 960 1922 ut
982 1864 1005 1920 si
1026 1862 1097 1936 quid
1120 1862 1216 1920 damni
1238 1865 1311 1936 passi
1333 1865 1391 1921 sint

219 1966 433 2023 restitutionem
463 1977 614 2039 quaerant.
656 1967 733 2024 Cum
765 1979 859 2025 autem
892 1967 1054 2040 praefectus
1082 1983 1148 2024 curn
1170 1967 1248 2024 hisce
1270 1967 1391 2024 navibus

218 2070 277 2127 suis
299 2071 404 2128 insulas
433 2071 570 2128 Canarias
597 2081 816 2144 praetervectus
836 2072 892 2144 jam
914 2081 1005 2139 esset,
1025 2073 1155 2128 occurrit
1177 2072 1202 2128 ei
1224 2069 1390 2143 quindecim

218 2175 335 2231 navium
357 2176 452 2231 classis
475 2175 648 2248 Hispanica,
669 2176 743 2233 bene
763 2186 870 2233 armata
892 2186 921 2234 et
943 2176 1102 2246 instructa,
1124 2177 1274 2248 ipsumque
1295 2176 1391 2233 statim

219 2293 348 2351 aggressa
369 2289 422 2337 est.
463 2280 503 2336 Et
523 2297 580 2336 una
600 2297 638 2338 ex
650 2281 707 2338 illis
718 2280 860 2347 navibus,
883 2281 998 2338 nomine
1010 2279 1108 2338 Rubri
1120 2280 1243 2346 Leonis,
1265 2280 1391 2336 hostiurn

219 2385 371 2441 tormentis
401 2395 458 2441 tam
490 2385 617 2454 graviter
648 2386 771 2441 lacerata
802 2394 864 2452 est,
896 2395 930 2441 ut
962 2383 1108 2441 navarcho
1137 2394 1166 2440 et
1193 2383 1391 2456 compluribus

219 2487 383 2544 hominibus
413 2487 518 2543 occisis
548 2487 671 2559 aliisque
702 2488 801 2544 multis
828 2489 989 2544 vulneratis
1018 2485 1054 2542 ab
1076 2487 1181 2543 itinere
1202 2487 1339 2542 absistere
1361 2497 1390 2542 et

219 2588 335 2648 domum
357 2590 465 2647 reverti
486 2601 588 2648 coacta
609 2591 657 2647 sit.
699 2590 743 2647 lta
764 2589 927 2663 praefectus
948 2591 976 2646 in
1000 2589 1056 2646 hoc
1078 2589 1205 2663 praelio,
1234 2599 1267 2647 ut
1289 2604 1389 2646 navem

219 2695 293 2751 hanc
324 2692 514 2762 defenderet,
543 2694 604 2766 ipse
635 2709 701 2751 cum
732 2710 782 2752 sua
813 2710 887 2751 nave
918 2695 1034 2766 suisque
1065 2692 1198 2750 omnibus
1230 2692 1389 2765 periclitari

219 2806 337 2855 coactus
358 2808 418 2867 est,
439 2814 498 2870 quo
518 2808 548 2854 et
566 2798 625 2887 yiri
647 2799 761 2872 aliquot
781 2797 842 2870 ejus
864 2797 1011 2855 interfecti
1034 2806 1121 2854 sunta
1143 2798 1234 2853 altero
1256 2794 1302 2853 die
1324 2807 1390 2868 post

216 2902 303 2959 etiam
333 2903 458 2974 legatum
491 2918 572 2959 suum
602 2903 715 2959 amisit:
747 2902 770 2957 is
797 2901 874 2958 enim
907 2917 973 2958 cum
1006 2903 1083 2958 solus
1117 2901 1193 2957 inter
1214 2915 1300 2956 naves
1323 2899 1390 2956 His·

219 3006 335 3079 panicas
376 3003 534 3062 aberrasset
575 3016 605 3064 et
634 3021 693 3062 non
727 3005 783 3062 nisi
815 3020 919 3077 magno
951 3005 1083 3077 periculo
1114 3002 1265 3086 evaderet,
1296 3002 1390 3060 donec

219 3111 388 3168 Bantamum
409 3120 529 3167 venerat
548 3107 584 3166 ad
611 3109 850 3167 Hemskercirium
879 3106 973 3166 redire
994 3119 1023 3165 et
1044 3109 1100 3165 iter
1128 3123 1185 3165 una
1217 3106 1309 3164 facere
1331 3123 1388 3164 non

218 3215 327 3287 potuit.
368 3213 592 3271 Hemslrercitius
612 3229 684 3270 vero
706 3223 739 3270 ut
761 3214 931 3269 Bantamum
953 3211 1090 3279 accessit,
1119 3210 1155 3266 ab
1182 3211 1286 3268 incolis
1307 3209 1390 3268 audi-

218 3319 279 3386 vit,
311 3334 396 3390 quam
427 3317 536 3374 acriter
565 3316 647 3373 brevi
679 3329 746 3374 ante
777 3315 974 3389 depugnatum
999 3326 1072 3372 esset
1093 3315 1169 3372 inter
1191 3317 1307 3372 classem
1329 3317 1389 3372 Lu-

218 3422 377 3478 sitanorum
408 3418 483 3478 duce
514 3418 631 3478 Andrea
663 3417 831 3478 Furtadone
851 3431 881 3478 et
902 3421 1032 3493 quinque
1064 3436 1150 3477 naves
1182 3418 1389 3488 Hollandicas,

219 3525 327 3599 quibus
357 3526 536 3597 praepositus
567 3535 629 3582 erat
654 3523 849 3599 Wolphardus
880 3525 1080 3594 Harmannus;
1101 3526 1216 3581 classem
1238 3539 1309 3582 veto
1330 3525 1390 3582 Lu-

219 3630 377 3688 sitanorum
398 3629 454 3686 boc
476 3626 640 3686 mandatum
662 3628 810 3702 habuisse,
831 3639 865 3685 ut
886 3640 915 3684 et
934 3643 1020 3684 naves
1043 3625 1254 3685 Hollandotum
1275 3643 1391 3696 omnes,

218 3746 248 3793 et
280 3732 385 3803 lndos,
419 3734 472 3807 qui
503 3749 569 3791 cum
602 3730 755 3789 Hollandis
786 3732 1023 3804 negotiarentur,
1055 3729 1171 3802 penitus
1203 3728 1328 3788 deleret:
1360 3742 1389 3789 et

218 3839 286 3896 satis
312 3847 427 3895 constat
454 3853 503 3894 eos
532 3836 633 3894 urbem
665 3837 696 3892 in
725 3844 896 3909 potestatem
928 3849 1004 3891 suam
1035 3831 1202 3890 redacturos
1232 3833 1336 3902 fuisse,
1366 3836 1389 3890 si

218 3960 233 4000 a
264 3941 352 4000 dictis
382 3942 513 4015 quinque
544 3940 665 3998 navibus
696 3957 755 3996 non
786 3937 928 4012 prohibiti
967 3947 1071 3995 essent.
1120 3937 1184 3994 Nec
1215 3939 1285 3996 latet
1317 3955 1389 4007 nos,

217 4045 289 4120 quid
321 4057 386 4119 post
417 4046 613 4102 commiserint
645 4045 675 4101 in
707 4043 808 4101 insulis
831 4044 906 4100 Hito
937 4053 967 4100 et
998 4041 1149 4108 umbone,
1190 4041 1240 4099 ubi
1272 4042 1389 4101 miseros

219 4150 327 4208 incolas
358 4149 486 4222 graviter
517 4158 741 4222 oppresserunt:
778 4149 864 4206 etiarn
901 4148 1022 4204 insulam
1055 4145 1215 4216 Mathiam,
1253 4162 1326 4220 quae
1358 4147 1387 4204 in

218 4254 293 4328 regis
324 4253 509 4310 Ternatensis
541 4251 671 4309 dominio
700 4262 763 4321 est,
794 4248 930 4308 incendio
961 4246 1096 4306 delerunt
1127 4260 1157 4306 et
1187 4266 1253 4306 cum
1285 4251 1388 4309 incolis

218 4374 337 4432 quoque
357 4358 476 4431 pessime
496 4366 628 4429 egerunt.
650 4354 728 4412 idern
750 4354 843 4412 facere
865 4365 1015 4412 tentarunt
1035 4354 1065 4410 in
1089 4353 1148 4425 ipsa
1171 4352 1316 4422 Ternate,
1337 4355 1388 4412 ubi

218 4461 291 4520 duae
322 4478 409 4520 naves
439 4461 497 4519 illis
528 4458 657 4518 subsidio
684 4470 829 4517 venerunt
859 4459 895 4516 ab
927 4457 998 4517 urbe
1029 4456 1179 4527 Manilha,
1200 4455 1280 4530 quod
1301 4471 1388 4533 caput
