3450 5434
523 624 570 669 DF.
594 623 688 691 June:
713 623 901 670 PRAEDAE·
927 623 1005 669 CAP.
1031 624 1080 669 x1.
1313 624 1373 687 199

200 794 327 845 caetera
358 779 429 863 ejus
451 776 587 844 ditionis
611 777 733 861 oppida
755 777 967 843 munimentis
990 776 1156 857 invalida,
1180 790 1250 841 tum
1273 796 1374 860 pagos

200 908 315 956 omnes
347 888 535 972 irrumpunt
572 903 783 972 vastantque.
838 890 876 955 In
911 888 1060 954 homines
1095 887 1204 951 eadem
1238 886 1375 953 saevitia

201 1015 358 1084 usurpata
391 1016 461 1082 est,
504 1020 600 1083 quam
641 1020 737 1083 saepe
771 998 924 1066 civitates
958 998 1107 1083 Belgicae
1141 998 1180 1063 ab
1217 998 1374 1081 Hispanis

199 1131 371 1195 perpessae
401 1125 491 1177 sunt.
536 1111 574 1175 In
607 1109 763 1177 caedibus
793 1129 861 1177 non
896 1129 994 1177 sexus
1018 1112 1147 1190 ullum,
1171 1128 1237 1176 non
1260 1110 1374 1175 aetatis

200 1222 394 1301 discrimen,
428 1221 530 1288 occisi
562 1222 683 1305 passim
707 1237 741 1288 et
762 1220 906 1288 infantes
930 1237 963 1286 et
985 1219 1144 1288 feminae:
1181 1240 1240 1287 nec
1274 1220 1375 1285 occisi

201 1348 348 1399 tantum:
382 1334 438 1399 alii
469 1348 600 1399 teneros
630 1347 721 1399 artus
752 1348 923 1416 parentum
956 1348 1031 1398 ante
1063 1352 1120 1399 ora
1152 1331 1374 1409 dissecabant,

201 1445 256 1509 alii
291 1444 542 1530 praegnantium
578 1447 671 1511 alvos
703 1459 735 1509 et
766 1442 966 1510 certissimae
999 1442 1206 1510 innocentiae
1240 1462 1375 1525 corpora

202 1556 319 1639 gladiis
349 1555 593 1621 scrutabantur.
640 1554 730 1620 Haec
761 1571 839 1638 post
861 1556 1008 1637 exempla
1030 1574 1103 1636 pars
1126 1552 1375 1639 indigenarum,

202 1666 327 1748 quibus
358 1665 514 1749 temporis
546 1665 752 1751 indulgentia
784 1663 895 1749 fugam
930 1664 1149 1749 largiebatur,
1172 1664 1296 1730 relictis
1319 1684 1375 1746 pe·

202 1777 335 1844 natibus
357 1775 566 1859 fortunisque
588 1776 710 1857 avitis,
742 1775 776 1843 in
800 1779 873 1843 loca
896 1776 1023 1842 deserta
1047 1790 1080 1841 et
1101 1790 1159 1841 aut
1181 1774 1275 1841 silvis
1299 1776 1374 1840 bor-

201 1887 326 1968 rentia,
357 1904 414 1953 aut
445 1889 615 1954 montibus
644 1889 781 1971 abrupta
803 1906 838 1954 se
860 1887 1056 1954 conferunt:
1079 1906 1153 1968 pars
1177 1886 1209 1952 in
1233 1885 1373 1953 vicinam

203 1994 343 2062 insulam
378 1996 496 2063 Ceram
530 2011 711 2063 transeunt.
756 1997 883 2064 Eodem
923 1996 1010 2063 forte
1044 1997 1196 2065 Batavum
1231 1999 1373 2063 celocem

205 2106 434 2189 Wolphardus
457 2107 606 2173 miserat:
630 2106 701 2190 ipse
723 2127 762 2173 eo
785 2123 932 2191 tempore
954 2109 1042 2191 apud
1064 2108 1205 2175 Bandam
1229 2108 1375 2174 moraba-

201 2232 268 2283 tur.
313 2217 431 2304 Legati
463 2218 727 2285 Ambonensium
759 2218 857 2299 laeti,
891 2235 929 2285 ut
961 2220 1046 2286 inter
1078 2234 1182 2286 tantas
1206 2219 1376 2299 miserias,

203 2326 338 2393 inventa
359 2349 436 2395 cum
459 2331 569 2396 celoce
591 2329 733 2395 Bandam
756 2328 1023 2413 proficiscuntur.
1048 2328 1195 2396 Admissi
1219 2330 1259 2394 arl
1284 2350 1376 2413 prae·

203 2436 326 2504 fectum
350 2460 390 2506 eo
410 2443 531 2523 vultu,
553 2460 652 2522 quem
683 2459 836 2523 praesens
868 2439 999 2507 fortuna
1028 2439 1167 2522 fecerat,
1202 2440 1375 2506 interrum-

102 2605 119 2626 ,,
202 2550 358 2633 pentibus
383 2552 480 2617 etiam
499 2551 659 2633 lacrimis,
683 2571 768 2633 quae
795 2551 858 2617 sibi
888 2550 1082 2617 accidissent
1111 2567 1374 2617 commemorant.

204 2661 367 2740 Addunt,
390 2662 483 2743 quod
504 2663 583 2729 satis
607 2663 800 2745 constabat,
825 2662 973 2729 evenisse
996 2663 1076 2727 haec
1098 2661 1183 2744 sibi,
1209 2662 1288 2743 quia
1315 2663 1376 2727 Ba-

203 2787 300 2838 tavos
321 2772 524 2838 commerciis
556 2774 747 2839 coluissent„
793 2772 939 2838 Orabant
960 2772 1061 2857 igitur
1083 2793 1139 2855 per
1160 2772 1292 2851 Deum,
1317 2772 1374 2853 qui

205 2897 269 2947 tam
305 2882 414 2949 felices
436 2884 548 2949 oceani
572 2902 712 2965 cursus,
737 2882 796 2966 qui
819 2898 883 2947 tam
906 2882 1055 2967 egregios
1078 2882 1143 2947 illis
1165 2902 1204 2947 ex
1227 2882 1376 2965 Hispano

203 2994 392 3076 triumphos
422 2993 617 3080 largiretur,
651 3014 709 3077 per
729 2993 892 3078 justitiam
918 2994 1157 3059 Hollandoruna
1182 2992 1376 3077 negotiatio-

204 3104 304 3169 nibus
323 3105 510 3191 cognitam,
542 3126 601 3188 per
631 3105 718 3171 illam
745 3104 861 3187 fidem,
887 3125 984 3186 quam
1004 3104 1133 3189 judicio
1159 3103 1262 3169 secuti
1286 3124 1375 3170 nunc

205 3216 357 3281 ultimum
391 3215 547 3282 haberent
579 3218 678 3282 rebus
710 3215 849 3300 perditis
882 3216 1090 3297 subsidium,
1130 3235 1170 3281 ne
1205 3234 1238 3282 se
1272 3216 1376 3300 patria

205 3341 352 3392 extorres
393 3341 592 3411 egentesque
629 3347 737 3392 rernm
778 3326 948 3408 omnium,
982 3327 1210 3395 crudelissimo
1245 3327 1378 3411 insuper

206 3438 295 3504 hosti
314 3438 494 3504 ludibrium
514 3438 631 3506 debere
649 3453 846 3521 paterentur.
870 3438 1031 3525 Quemvis
1051 3438 1233 3519 hominem,
1257 3440 1376 3505 nedum

207 3549 434 3631 Hollandum,
467 3552 530 3615 hoc
560 3565 610 3615 est
631 3548 742 3615 mitem
775 3565 890 3616 natura
913 3570 949 3615 ac
972 3549 1214 3617 misericordem
1247 3572 1378 3618 movere

207 3662 288 3727 haec
321 3659 433 3743 potuit
462 3660 586 3727 oratio:
619 3681 680 3727 nec
711 3661 828 3727 leviter
859 3680 935 3727 sane
969 3661 1154 3726 indoluerat
1176 3661 1378 3744 praefectus:

205 3772 266 3837 sed
287 3770 422 3838 videbat
442 3791 509 3838 non
532 3792 629 3856 posse
651 3771 783 3838 illorum
795 3790 892 3838 causa
905 3770 1013 3836 omitti
1026 3772 1207 3837 mandatam
1220 3772 1378 3857 imprimis

204 3883 473 3967 negotiationem.
497 3884 542 3949 Et
561 3884 638 3948 anni
656 3899 788 3966 tempus
806 3882 971 3949 mercandi
991 3882 1191 3967 diligentiam
1211 3885 1377 3968 poscebat.

207 3995 356 4061 Excusat
389 3994 491 4078 igitur
523 4014 583 4076 se,
619 4010 652 4061 et
683 4014 811 4078 sperare
845 3994 891 4060 ait
924 3994 1083 4061 ultionem
1117 3994 1377 4063 Ambonensium

207 4104 354 4189 Principi
377 4105 490 4189 reique
511 4105 663 4189 publicae
687 4104 883 4173 Batavorum
908 4106 999 4173 cordi
1022 4104 1102 4173 fore.
1148 4107 1250 4193 Quod
1275 4126 1376 4174 unum

207 4216 292 4283 ratio
315 4218 470 4301 temporis
488 4217 717 4301 permittebat,
741 4218 914 4301 captivos,
939 4236 1024 4301 quos
1050 4217 1173 4300 praelio
1195 4217 1227 4281 in
1248 4218 1378 4287 Sundae

207 4327 368 4412 angustiis
388 4329 564 4396 commisso
587 4345 702 4394 nactus
723 4327 853 4412 fuerat,
877 4328 1052 4413 ipsumque
1074 4329 1158 4393 inter
1180 4328 1254 4395 illos
1278 4330 1378 4396 Fran·

205 4438 329 4506 ciscum
352 4440 593 4524 Sousam,sine
604 4440 710 4523 pretio
734 4440 855 4507 liberos
874 4440 907 4507 in
931 4442 1115 4507 Ambonam
1137 4440 1177 4505 ad
1199 4441 1377 4507 Lusitanos
