3450 5434
511 624 558 669 DE
581 622 675 690 Juxta
701 622 887 669 PRAEDAE·
916 623 996 670 CAP.
1022 625 1057 668 X.
1184 690 1193 709 k
1308 628 1367 689 137

196 782 308 844 animo
337 780 453 863 utique
484 791 616 857 nostro,
650 753 786 864 eorpore
819 775 874 844 vel
905 791 1016 842 nostro
1047 780 1103 845 vel
1132 780 1256 845 alieno.
1304 778 1370 844 Sed

192 890 331 956 alienum
352 909 473 971 corpus
495 888 540 954 ita
561 888 690 954 demum
711 902 825 953 nostro
847 887 957 952 animo
978 888 1018 952 ad
1038 887 1254 955 ministerium
1279 905 1368 972 apta·

193 1000 305 1080 bitur,
328 999 357 1065 si
382 1014 415 1065 et
435 998 539 1082 ipsius
558 998 686 1065 animus
713 998 864 1065 accedat:
888 999 951 1064 hoc
972 1013 1021 1065 est
1039 998 1067 1064 si
1087 1000 1273 1065 mandatum
1297 1019 1368 1066 sus-

192 1111 314 1195 ceperit
333 1113 357 1177 ¹.
403 1111 449 1176 Et
480 1110 527 1175 sic
550 1109 796 1193 intelligendum
820 1124 870 1175 est
892 1110 984 1191 quod
1006 1110 1127 1176 dicitur
1149 1129 1245 1193 posse
1269 1130 1367 1194 quem

192 1243 251 1305 per
281 1222 403 1302 alium,
436 1221 528 1303 quod
557 1235 667 1303 potest
695 1219 800 1286 facere
832 1240 891 1304 per
913 1240 947 1285 se
971 1220 1078 1304 ipsum
1099 1228 1131 1285 ²:
1166 1236 1198 1287 et
1230 1222 1288 1304 qui
1311 1242 1370 1305 per

192 1333 291 1399 alium
314 1332 413 1414 facit,
434 1332 568 1415 perinde
591 1332 703 1398 haberi
725 1352 762 1396 ac
784 1331 812 1397 si
834 1352 893 1414 per
916 1352 951 1397 se
975 1331 1085 1398 faciat.
1111 1333 1240 1398 Natura
1263 1334 1368 1415 enim,

194 1465 277 1526 quae
308 1460 374 1511 tam
406 1460 494 1511 arcta
524 1444 679 1509 societate
699 1462 803 1527 genus
822 1442 1001 1510 humanum
1026 1443 1194 1526 devinxit,
1220 1443 1371 1509 concedit

194 1574 295 1635 sane,
328 1556 421 1638 quod
452 1554 614 1621 interdum
638 1568 671 1619 et
691 1554 907 1619 necessarium
943 1569 992 1619 est
1015 1570 1071 1620 aut
1094 1553 1292 1620 infirmitatis
1314 1569 1371 1619 aut

194 1666 358 1733 absentiae
393 1666 604 1747 conditione,
642 1680 681 1731 ut
711 1680 784 1749 agat
815 1666 916 1730 homo
949 1686 1006 1749 per
1037 1666 1202 1731 hominem
1234 1668 1370 1731 alterum

195 1777 346 1859 quamvis
368 1776 517 1844 liberum.
564 1776 655 1862 Ergo
686 1792 725 1842 ut
746 1776 831 1841 alius
852 1776 950 1842 nobis
972 1792 1106 1859 quaerat
1126 1776 1370 1860 possessionem

195 1887 277 1952 illud
296 1907 399 1953 unum
427 1888 629 1969 requiritur,
653 1902 690 1953 ut
710 1907 841 1971 operam
862 1888 1020 1954 duntaxat
1040 1906 1131 1953 suam
1151 1886 1372 1954 accommodet

194 1998 310 2065 nobis:
344 2019 428 2080 quae
451 2014 483 2064 et
506 1999 576 2082 ipsa
606 1999 700 2065 Pauli
720 1998 731 2033 ³
750 1999 850 2064 verba
883 2014 969 2065 sunt.
1015 1999 1084 2064 Ubi
1117 2014 1224 2065 autem
1247 2013 1372 2064 caetera

196 2111 228 2176 in
249 2110 345 2176 nobis
364 2126 460 2193 sunt,
482 2131 567 2192 quae
587 2109 767 2176 dominium
780 2109 939 2187 efficiunt,
964 2126 995 2175 et
1008 2112 1076 2175 sola
1089 2110 1180 2176 deest
1190 2109 1371 2194 possessio,

195 2221 344 2303 quaesita
366 2240 424 2304 per
444 2223 581 2287 alterum
613 2220 820 2303 possessione
852 2220 950 2286 simul
973 2221 1154 2304 proprietas
1179 2220 1371 2303 quaeritur,

195 2346 233 2397 ut
255 2331 384 2416 legibus
406 2331 572 2414 proditum
597 2345 646 2397 est
666 2327 695 2396 ⁴:
730 2334 821 2414 quod
844 2333 991 2416 exemplo
1013 2332 1059 2397 rei
1081 2332 1235 2399 venditae
1259 2348 1290 2397 et
1314 2333 1371 2397 do-

195 2456 289 2507 natae
321 2441 551 2524 comprobatur
570 2448 602 2507 ⁸:
631 2443 684 2508 cui
708 2462 914 2525 consequens
937 2457 1009 2525 est,
1033 2443 1092 2509 ubi
1115 2444 1185 2509 sola
1207 2440 1371 2527 possessio

194 2552 374 2618 dominium
393 2552 598 2639 facitxmulto
616 2572 678 2619 nos
694 2552 825 2619 facilius
845 2554 997 2620 dominos
1018 2552 1088 2619 fieri
1110 2573 1208 2637 opera
1221 2552 1371 2618 alterius:

195 2664 282 2730 sicut
310 2663 344 2728 in
375 2663 561 2749 Olympicis
588 2664 718 2729 illorum
749 2685 868 2730 nomen
898 2664 1138 2731 inscribebatur
1168 2680 1200 2730 et
1229 2664 1373 2747 praemia

195 2790 309 2856 erant,
340 2774 499 2858 aquibus
526 2772 619 2841 missi
649 2775 815 2842 vicissent.
860 2776 897 2839 In
928 2775 1016 2841 hunc
1046 2774 1179 2840 modum
1203 2793 1371 2857 aucupes,

194 2886 398 2969 piscatores,
421 2902 613 2966 venatores,
636 2885 868 2971 margaritarii,
891 2905 949 2951 seu
969 2884 1144 2966 conducti,
1169 2904 1226 2951 seu
1247 2884 1372 2949 inducti

195 2997 314 3079 quavis
336 2998 460 3063 ratione
482 3012 521 3064 ut
542 2997 639 3063 nobis
661 3018 792 3081 operam
816 2997 974 3063 duntaxat
993 3015 1084 3062 suam
1097 3010 1236 3076 navent,
1261 2996 1372 3079 (quod

195 3107 361 3174 diversum
386 3124 436 3173 est
459 3108 499 3173 ab
521 3110 608 3175 aleae
631 3108 840 3174 venditione:
875 3108 953 3191 quia
979 3107 1041 3173 soli
1062 3121 1249 3174 contractus
1269 3106 1372 3173 domi·

194 3219 286 3285 nium
310 3239 376 3285 non
398 3218 642 3304 transferunt,)
665 3218 758 3301 quod
782 3219 916 3302 capiunt
930 3218 1038 3284 statim
1050 3235 1197 3286 nostrum
1210 3217 1337 3285 faciunt
1351 3219 1373 3275 ⁶·

196 3332 271 3396 Hoc
295 3344 401 3396 autem
423 3330 457 3395 in
485 3331 594 3413 operis
619 3329 745 3395 bellicis
767 3350 806 3395 co
829 3329 949 3395 certius
975 3317 1164 3415 colligitur,
1188 3331 1267 3414 quia
1293 3330 1373 3395 istae

196 3442 288 3524 quod
319 3456 481 3524 occupant
508 3455 565 3507 aut
593 3455 631 3507 ut
662 3440 725 3507 sibi
755 3456 939 3523 occupant,
972 3455 1029 3505 aut
1058 3457 1095 3507 ut
1115 3442 1144 3506 ei
1169 3440 1227 3524 qui
1251 3441 1371 3506 bellum

195 3552 351 3635 suscepit.
397 3552 442 3617 Et
464 3551 491 3616 si
513 3551 646 3633 quidem
668 3566 706 3617 ut
726 3552 932 3635 susceptori,
957 3553 1048 3619 deest
1069 3552 1134 3617 illis
1157 3552 1285 3619 animus
1304 3553 1373 3619 sine

196 3683 264 3746 quo
282 3682 350 3729 non
369 3661 597 3746 possidetur⁷:
620 3662 670 3727 sin
691 3676 729 3728 ut
748 3662 831 3744 sibi,
855 3665 978 3729 nullam
998 3663 1119 3729 habent
1138 3662 1226 3746 ipsae
1245 3684 1372 3730 causam

195 3854 390 3865 ——-—--

233 3970 241 4003 ¹
261 3985 284 4019 c.
302 3983 324 4027 5.
337 3983 361 4019 et
376 3974 407 4020 ad
425 3974 509 4020 conci.
526 3973 549 4019 6.
563 3982 608 4019 art.
626 3984 649 4029 3.
683 3968 694 4005 ²
711 3986 735 4021 c.
751 3984 844 4033 potest.
855 3972 933 4033 etqui
944 3972 1010 4020 facit.
1023 3973 1196 4034 [Decretal.in
1208 3984 1322 4027 sextos.
1335 3984 1374 4019 12.

200 4076 252 4121 reg.
266 4064 307 4110 68.
323 4073 348 4110 ct
364 4060 417 4125 72.]
438 4064 469 4109 V.
486 4076 562 4122 supra
577 4076 600 4110 c.
615 4076 638 4109 a.
654 4063 686 4110 ad
703 4065 719 4110 l.
739 4076 778 4111 ιο.
804 4063 851 4110 ‚³1.
869 4078 890 4111 1.
906 4063 931 4111 ff.
948 4066 979 4112 de
997 4078 1051 4123 aeq.
1064 4077 1133 4124 poss.
1149 4066 1170 4121 5.
1185 4077 1232 4123 per
1246 4074 1373 4122 procurat.

196 4154 240 4213 [D.
255 4166 297 4213 41.
316 4166 339 4200 a.
356 4166 377 4200 1.
393 4156 416 4211 5.
432 4152 485 4215 an]
511 4150 522 4183 ⁴
539 4155 557 4200 l.
574 4166 622 4213 per
638 4166 766 4213 procurat.
782 4156 812 4201 C.
828 4155 858 4202 de
876 4168 932 4214 aeq.
947 4168 1016 4214 poss.
1035 4154 1077 4217 [C.
1095 4166 1118 4211 7.
1134 4166 1172 4211 32.
1184 4154 1220 4215 8.]
1245 4152 1255 4184 ⁵
1273 4154 1290 4200 l.
1302 4165 1372 4200 com·

194 4242 286 4291 munis.
303 4246 325 4301 5.
339 4254 468 4303 procurat.
485 4243 511 4290 ll'.
527 4244 559 4291 de
576 4258 628 4304 aeq.
647 4256 715 4304 poss.
735 4245 780 4305 [D.
797 4258 839 4305 41.
855 4259 878 4293 a.
892 4259 933 4306 42.
951 4248 972 4302 5.
992 4246 1025 4305 r.]
1044 4246 1061 4292 l.
1078 4244 1191 4292 traditio.
1205 4246 1226 4302 ξ.
1243 4242 1286 4291 fin.
1300 4242 1326 4290 ff.
1342 4244 1372 4292 dc

195 4347 251 4394 aeq.
264 4335 332 4382 dom.
353 4333 398 4397 [D.
413 4348 455 4394 41.
477 4348 499 4381 r.
521 4348 560 4383 ao.
577 4338 599 4393 5.
615 4335 651 4395 r.]
670 4337 687 4382 l.
704 4336 748 4396 qui
762 4336 834 4384 milri.
850 4337 876 4383 ff.
893 4338 924 4385 de
941 4338 1025 4383 donat.
1044 4333 1087 4398 [D.
1103 4348 1142 4397 39.
1161 4346 1183 4390 s.
1205 4335 1255 4395 13.]
1282 4312 1327 4381 ⁶l.
1341 4348 1373 4382 ex

194 4436 272 4473 emto.
293 4425 355 4474 alias
377 4429 394 4474 l.
412 4438 542 4475 amtorem.
562 4427 589 4475 in
605 4425 736 4475 fine=cum
763 4430 779 4474 l.
795 4440 849 4487 aeq.
869 4428 894 4475 ff.
913 4430 1018 4479 demet.
1036 4426 1105 4475 emti.
1125 4426 1169 4487 [D.
1191 4438 1228 4488 19.
1251 4440 1271 4475 1.
1293 4438 1329 4473 tt.
1348 4438 1372 4474 et

200 4516 250 4576 ¹a.]
286 4514 331 4563 ⁷1.
352 4530 372 4563 1.
386 4520 408 4574 5.
424 4532 471 4577 per
487 4530 616 4578 procurat.
634 4517 660 4564 ff.
677 4519 708 4566 de
728 4532 780 4577 aeq.
799 4532 871 4577 poss.
888 4516 932 4581 [D.
946 4530 987 4579 41.
1007 4532 1030 4566 a.
1048 4531 1068 4566 1.
1086 4521 1108 4576 5.
1125 4517 1177 4578 ao]
