3450 5434
527 655 574 703 oa
597 656 691 723 June
718 656 900 707 renense.
926 660 1006 709 cnr.
1030 660 1095 709 vn.
1349 662 1391 732 79

221 809 400 877 secundum
420 824 565 877 naturam
588 812 700 879 baberi
716 827 888 898 poterant,
911 829 949 882 ut
968 815 1121 895 nimirum
1145 836 1185 883 ex
1208 816 1291 899 his,
1308 838 1392 899 quae

220 924 413 1005 plerumque
429 922 582 990 accidunt
594 923 712 990 similia
724 925 997 993 concluderentur
1009 930 1018 968 ¹
1032 951 1039 1006 ;
1053 928 1139 995 unde
1152 926 1228 994 facti
1242 927 1392 1011 quaestio

220 1034 450 1118 conjecturalis
470 1033 605 1102 dicitur.
649 1036 737 1101 Nam
760 1036 1015 1120 probationum,
1040 1056 1122 1121 quas
1141 1038 1175 1104 in
1191 1038 1325 1123 judiciis
1344 1059 1393 1105 re-

219 1144 383 1229 cipimus,
415 1144 524 1211 nullae
551 1145 733 1213 necessario
764 1146 1006 1214 demonstrant:
1038 1150 1096 1215 sed
1124 1169 1237 1216 omnes
1257 1170 1297 1215 ex
1317 1148 1392 1217 istis

219 1254 518 1340 praesumtionibus
536 1262 574 1333 ὥς
596 1260 645 1326 εἰ]
665 1262 699 1327 τὸ
719 1262 811 1333 πολύ.
834 1277 876 1322 ex
897 1280 931 1323 eo
951 1258 1040 1345 quod
1050 1259 1249 1345 plerumque
1266 1264 1392 1343 evenit,

219 1366 377 1453 originem
408 1383 543 1434 sumunt
565 1364 590 1433 ¹.
636 1366 836 1451 Principium
869 1385 975 1435 autem
1003 1369 1282 1453 praesumtionum
1314 1368 1392 1436 sacti

218 1480 283 1545 boc
309 1478 441 1545 videtur
469 1498 561 1559 esse,
593 1478 685 1561 quod
714 1478 904 1545 affectiones
933 1478 1028 1561 illas,
1053 1500 1136 1563 quae
1157 1481 1295 1547 maxime
1315 1498 1393 1549 sunt

220 1592 404 1671 naturales,
435 1606 473 1657 ut
491 1609 605 1656 verum
625 1604 658 1655 et
676 1591 822 1670 bonum,
844 1603 916 1655 tum
937 1605 1078 1657 caeteras
1102 1611 1187 1672 quae
1208 1592 1285 1658 hinc
1308 1592 1392 1659 deri-

218 1719 361 1785 vantur,
385 1704 482 1769 rebus
502 1700 629 1768 cunctis
651 1699 757 1767 inesse
779 1699 1023 1781 quodammodo
1045 1700 1214 1769 sumimus.
1260 1702 1335 1769 Hoc
1353 1720 1393 1769 ex

219 1812 312 1881 fonte
331 1828 409 1881 sunt
431 1812 557 1880 sobolis
565 1810 753 1893 certitud0,
776 1810 995 1893 possessionis
1006 1813 1236 1894 commodum,
1259 1813 1391 1881 testium

220 1940 254 1991 et
271 1924 559 1992 instrumentorum
581 1922 685 2003 fides,
710 1919 924 2008 jurisjurandi
944 1922 1131 1989 auctoritas.
1176 1923 1262 1990 Cum
1285 1940 1391 1990 autern

219 2036 260 2103 de
296 2036 434 2121 singulis
475 2036 557 2102 bene
586 2030 713 2117 opinari
739 2031 883 2098 caritatis
913 2036 1024 2118 regula
1054 2032 1232 2119 praecipiat
1252 2035 1287 2116 ⁸,
1320 2050 1391 2101 tum

219 2147 357 2214 maxime
376 2166 438 2213 nos
457 2146 540 2214 ratio
561 2162 595 2212 et
609 2144 740 2213 divinae
762 2142 873 2210 literae
891 2146 903 2180 ⁴
922 2158 1034 2211 vetant
1053 2144 1298 2230 magistratuum
1321 2164 1391 2214 esse

218 2258 426 2327 detractores.
449 2257 577 2325 Muniti
599 2256 684 2324 enim
706 2270 785 2323 sunt
804 2254 952 2321 maximis
971 2255 1292 2338 praesumtionibus,
1316 2276 1390 2323 cum

218 2372 263 2437 ob
283 2373 525 2456 juramentum,
555 2369 647 2453 quod
672 2367 740 2435 fere
764 2370 880 2434 solent
892 2381 1075 2449 praestare,
1099 2381 1169 2433 tum
1192 2367 1236 2433 ob
1254 2386 1392 2434 consen·

219 2501 292 2547 sum
319 2481 518 2566 reipublicae
550 2494 582 2546 et
606 2479 728 2546 civium
759 2477 966 2559 testimonia,
1001 2478 1046 2544 ita
1067 2493 1103 2545 ut
1123 2478 1151 2543 si
1173 2477 1249 2560 quis
1268 2480 1307 2543 de
1326 2478 1392 2545 illis

219 2610 314 2660 secus
332 2586 562 2673 existimaret,
592 2591 621 2659 is
649 2611 716 2657 non
737 2590 828 2674 ipsos
845 2590 944 2657 modo
963 2589 1139 2673 perfidiae,
1163 2590 1220 2655 sed
1243 2610 1391 2675 magnam

219 2702 315 2768 etiam
347 2701 590 2770 multitudinem
610 2699 769 2768 stultitiae
787 2699 973 2780 damnaret,
997 2720 1080 2783 quae
1103 2715 1220 2766 cuncta
1239 2716 1318 2767 sunt
1336 2719 1392 2767 na·

218 2812 382 2880 toralibus
409 2812 481 2879 istis
511 2832 593 2895 quas
624 2810 769 2877 dicebam
801 2808 1031 2877 affectionibus
1057 2808 1227 2877 contraria.
1273 2811 1390 2899 Quod·

208 2922 247 2990 si
277 2922 310 2990 in
336 2924 471 2991 caeteris
500 2924 646 3003 artibus,
686 2920 745 3003 qui
775 2938 1039 3004 unamquamque
1068 2919 1266 3004 profitentur
1293 2922 1390 3003 periti

219 3032 253 3100 in
284 3054 322 3099 ea
351 3048 384 3099 et
411 3033 583 3120 diligentes
610 3031 734 3101 censeri
764 3032 883 3098 debent
909 3032 943 3113 ⁸,
978 3031 1060 3116 quid
1077 3032 1215 3099 obscero
1237 3046 1308 3114 est,
1332 3053 1391 3100 cur

218 3144 446 3229 magistratus,
469 3146 528 3229 qui
546 3144 693 3232 justitiae
713 3159 791 3211 sunt
810 3144 994 3211 sacerdotes
1012 3162 1079 3210 non
1101 3142 1305 3211 existimandi
1326 3144 1393 3211 sint

218 3254 259 3321 de
282 3255 360 3323 belli
380 3276 477 3323 causa
499 3258 661 3342 sapienter
676 3255 867 3341 judicasse?
913 3254 977 3321 Est
995 3254 1079 3322 enim
1097 3254 1131 3321 id
1149 3254 1290 3322 officium
1312 3255 1391 3323 boni

218 3366 437 3452 magistratus.
460 3366 507 3434 Et
527 3389 601 3435 cum
621 3367 751 3435 civibus
771 3366 921 3453 judicant
944 3364 1020 3433 talia
1041 3364 1218 3448 accidisse,
1242 3368 1285 3433 ob
1306 3387 1391 3450 quae

219 3478 342 3544 bellum
367 3478 492 3545 moveri
518 3480 655 3559 debeat,
687 3500 746 3545 cur
773 3497 841 3545 non
869 3476 935 3543 illis
960 3476 1041 3543 fides
1061 3476 1243 3543 adhibenda
1264 3478 1330 3561 sit,
1354 3494 1392 3544 ut

217 3608 332 3655 verum
354 3588 541 3657 dicentibus
558 3587 598 3655 ⁸2
624 3590 779 3673 Cumque
801 3588 885 3655 nibil
904 3588 948 3654 sit
968 3589 1059 3671 quod
1077 3589 1202 3668 obstet,
1222 3589 1390 3672 quomodo

220 3719 286 3766 non
306 3698 474 3768 inferiores
493 3703 581 3787 leges
599 3720 672 3767 cum
696 3699 921 3784 superioribus
941 3698 1115 3767 convenire
1137 3717 1170 3767 et
1189 3700 1274 3767 idem
1299 3720 1390 3783 esse,

220 3812 311 3893 quod
330 3810 537 3897 magistratus
561 3827 593 3876 et
619 3811 711 3893 quod
735 3810 829 3878 Deus
853 3810 1011 3895 praecipit
1029 3817 1062 3892 ²,
1085 3810 1209 3894 parsit
1233 3811 1389 3879 credere?

253 4020 419 4077 ι]1.’1“1ι,οιιι.
439 4035 460 4071 ι.
476 4036 541 4084 aq.
559 4034 615 4079 105·
635 4035 681 4072 ιιι.
699 4036 809 4085 aresp.
827 4024 905 4073 ad8.
930 4024 1003 4072 Era.
1021 4035 1044 4071 a.
1064 4037 1089 4082 q.
1107 4035 1147 4081 ιο.
1169 4034 1215 4071 ιιι.
1232 4035 1256 4071 a.
1273 4023 1390 4083 Vasq..c

221 4124 261 4172 ιι.
278 4125 304 4160 ιι.
322 4124 344 4160 a
361 4114 410 4162 Dd.
428 4112 496 4161 inc.
512 4112 607 4162 afferte.
626 4114 765 4176 [Decretal.
782 4126 805 4163 a.
824 4126 864 4171 ι3.
881 4113 917 4176 a]
952 4110 1057 4163 ’Ariso
1072 4113 1104 4163 de
1119 4126 1183 4161 mor.
1201 4114 1233 4161 ad
1250 4112 1353 4161 Nicom.
1372 4115 1390 4162 l.

221 4214 243 4251 ι
266 4216 289 4251 c
314 4202 393 4264 1[p
417 4203 1212 4266 ιο94.ι..νιι9.]13.θ“.ι1ι1ι3.ειΤ1ιεορ1ιι-ιιιο.[[).
1233 4203 1309 4265 ι.3.]
1345 4201 1390 4253 Ἰ.

218 4292 318 4342 merito.
341 4292 367 4341 ff.
391 4307 439 4353 pro
457 4294 540 4342 socio.
559 4294 602 4356 [D.
622 4306 660 4353 ιι.
678 4308 701 4343 2.
720 4295 772 4357 3ι.]
806 4293 906 4344 ⁴Eccl.
926 4307 964 4343 ιο.
985 4306 1023 4353 17.
1040 4295 1123 4344 Exod.
1141 4306 1181 4341 aa.
1200 4295 1240 4341 all.
1258 4294 1305 4355 Ep.
1323 4294 1390 4343 l’etri

221 4396 243 4432 ι.
262 4397 285 4433 a.
304 4396 342 4441 ιι.
376 4383 387 4415 ⁸
404 4384 470 4433 Βιιι.
488 4384 514 4432 ln
529 4397 604 4434 tract.
621 4396 679 4434 test.
694 4399 719 4434 n.
738 4386 778 4434 86.
811 4386 911 4435 “Bald
928 4396 953 4437 et
971 4386 1019 4435 Dd.
1038 4385 1069 4435 ad
1087 4386 1104 4432 l.
1119 4397 1170 4432 non
1186 4384 1308 4433 omnium.
1323 4384 1349 4433 ll.
1360 4386 1391 4435 de

219 4476 267 4535 leg.
286 4474 330 4538 [D.
350 4488 371 4523 ι.
390 4486 414 4532 3.
429 4473 481 4538 ια]
517 4471 563 4523 71.
581 4476 626 4523 ult.
643 4476 673 4523 C.
689 4476 721 4525 de
738 4477 787 4536 leg.
806 4476 849 4538 [C.
872 4489 891 4525 1.
914 4474 963 4539 14]
982 4474 1077 4523 Pamin
1093 4489 1117 4524 c.
1132 4474 1152 4523 si
1168 4476 1278 4534 quando.
1293 4476 1390 4525 deres-

218 4566 318 4627 criptis.
337 4566 475 4628 [Decreul.
497 4579 517 4613 ι.
535 4578 557 4622 s·
573 4564 608 4627 s]
629 4566 708 4614 Felin.
721 4566 748 4620 'm
758 4580 779 4613 c.
790 4566 822 4614 ad
830 4578 910 4614 aures.
921 4566 952 4613 de
961 4564 1100 4625 rescriptis.
1121 4563 1261 4628 [Decretal.
1277 4580 1297 4615 ι.
1313 4578 1336 4624 3.
1353 4566 1390 4629 u]
