3450 5434
353 612 417 679 250
660 616 708 663 DE
730 616 826 685 Jutut
851 616 1035 663 PRABDAE.
1060 616 1141 664 CAP.
1166 616 1231 663 x11.

357 771 569 838 interdictum
601 771 721 837 docent
762 771 955 855 interpretes
987 775 996 809 ¹
1028 774 1178 856 exemplo
1210 772 1374 839 Labeonis
1398 776 1434 854 ⁸,
1471 773 1527 855 qui

357 905 431 950 curn
455 883 663 949 interdiceret
684 883 836 950 Praetor:
860 885 917 949 Ne
939 884 1024 969 quid
1043 888 1079 949 in
1097 886 1236 971 flumine
1252 886 1387 971 publiea
1411 888 1528 971 ripere

357 998 426 1082 ejus
451 997 593 1080 facias,
626 1018 689 1081 quo
722 1000 824 1061 statio
856 1000 963 1064 iterra
995 1000 1130 1083 nauigio
1162 996 1311 1062 deterior
1341 1002 1408 1077 sit,
1434 994 1527 1079 fiat:

355 1107 463 1174 simile
496 1108 580 1174 dixit
612 1106 1038 1191 interdictum·competere
1069 1109 1101 1174 in
1135 1108 1214 1175 rnari
1235 1109 1265 1172 ³:
1299 1109 1354 1173 Ne
1386 1108 1473 1193 quid
1493 1112 1527 1172 in

355 1224 446 1285 mari
478 1225 553 1299 iure
584 1220 700 1285 littore
724 1220 866 1304 sarias,
898 1241 960 1305 qua
987 1235 1108 1306 partus
1136 1227 1240 1286 statio
1263 1224 1369 1289 iterue
1393 1223 1528 1306 navigia

355 1333 502 1398 deterius
529 1336 598 1414 sit,
618 1330 694 1415 fiat.
741 1332 868 1417 lnjusta
901 1333 1002 1417 igitur
1023 1332 1076 1398 vis
1098 1333 1153 1403 illa
1176 1333 1211 1398 vi
1232 1333 1320 1417 justa
1343 1333 1530 1415 repellenda

355 1460 414 1510 est.
462 1445 507 1510 Et
529 1446 591 1510 hoc
615 1444 721 1527 ipsum
747 1443 802 1509 alii
825 1445 921 1511 etiarn
938 1446 1076 1510 debello
1090 1444 1527 1528 scriptorestcrediderunt,

261 1573 267 1584 ·
356 1577 429 1623 cum
454 1576 513 1639 pro
537 1577 643 1623 return
666 1556 858 1622 defensione
881 1557 1003 1624 bellum
1023 1556 1146 1640 suscipi
1166 1555 1290 1640 possit,
1313 1576 1410 1639 posse
1430 1556 1528 1621 etiarn

355 1670 511 1735 sustineri
543 1688 604 1752 pro
628 1688 692 1734 usu
716 1690 824 1734 earum
858 1689 991 1751 rerum,
1015 1690 1099 1751 quae
1131 1668 1272 1735 naturali
1303 1668 1376 1753 jure
1409 1668 1530 1734 debent

354 1802 423 1848 esse
455 1801 657 1848 communes.
718 1781 829 1868 Quare
861 1781 914 1847 his
956 1781 1014 1863 qui
1047 1781 1162 1847 itinera
1195 1780 1438 1864 praecludunt,
1473 1801 1530 1864 per

355 1914 439 1976 quae
459 1894 497 1959 fit
515 1894 666 1960 inductio
686 1908 718 1960 et
737 1893 869 1960 eductio
888 1893 1159 1975 necessariorum,
1171 1892 1267 1959 etiarn
1285 1892 1356 1958 sine
1366 1892 1531 1976 Principis

353 2007 546 2072 auctoritate
579 2011 638 2075 uia
665 2005 760 2090 facti
792 2006 910 2072 dicunt
931 2026 1031 2089 posse
1053 2004 1192 2072 occurri.
1239 2004 1285 2069 Et
1307 2005 1371 2071 hoc
1397 2004 1429 2069 in
1459 2004 1530 2087 ipsa

353 2117 590 2201 prohibitione.
616 2118 716 2184 *Post
738 2118 995 2202 prohibitionem
1019 2132 1126 2185 autem
1151 2117 1309 2200 competit
1330 2116 1405 2181 vice
1429 2116 1529 2181 inter·

354 2230 433 2296 dicti
460 2228 653 2297 restitutorii
685 2230 876 2314 injuriarum
902 2230 1010 2310 actio,
1044 2230 1071 2297 si
1106 2229 1181 2311 quis
1217 2229 1249 2295 in
1273 2228 1352 2295 mari
1375 2228 1530 2313 navigare

352 2342 589 2426 prohibeatur,
613 2357 670 2406 aut
693 2361 760 2408 rem
784 2362 874 2409 suatn
898 2343 1064 2423 vendere,
1088 2356 1146 2408 aut
1167 2362 1201 2407 re
1220 2362 1279 2408 sua
1298 2341 1346 2406 uti
1368 2360 1435 2407 non
1457 2362 1530 2424 per·

354 2452 525 2534 mittatur,
548 2468 587 2518 ut
605 2453 717 2520 nrultis
739 2453 823 2521 locis
842 2453 1226 2537 Ulpianus⁵respondet
1267 2453 1409 2536 Oportet
1429 2452 1531 2538 igitur

354 2567 436 2630 hanc
460 2584 529 2631 esse
553 2564 714 2649 injuriam.
761 2566 885 2650 injuria
906 2581 1014 2633 autem
1040 2567 1080 2631 ab
1103 2567 1205 2633 altero
1225 2566 1314 2631 illata
1330 2567 1455 2650 J'ustam
1474 2566 1531 2629 dat

354 2680 442 2744 bello
456 2698 591 2744 causam
611 2677 635 2744 ‘.
670 2678 716 2742 Et
735 2678 824 2743 sicut
844 2696 896 2744 res
918 2678 1015 2745 nobis
1034 2693 1160 2762 ereptas
1181 2697 1371 2761 recuperare
1394 2677 1528 2759 liceret,

195 2807 235 2851 rx
253 2808 302 2868 nge
317 2812 339 2853 s.
356 2791 402 2856 ita
421 2805 453 2856 et
469 2793 524 2876 jus
548 2791 632 2857 illud
649 2804 735 2856 recte
757 2790 914 2872 recipiet,
941 2791 998 2872 qui
1020 2810 1076 2873 per
1098 2790 1164 2857 virn
1185 2791 1343 2873 depulsus
1363 2804 1423 2855 est.
1471 2790 1529 2854 Se-

354 2904 469 2986 quitur
487 2923 584 2970 causa
605 2902 720 2968 debiti.
765 2902 853 2967 Nam
874 2903 932 2984 qui
953 2903 1094 2985 aliquem
1117 2902 1290 2985 impediret
1309 2922 1349 2967 eo
1368 2900 1528 2985 J'ureuti,

355 3017 395 3082 ad
427 3017 536 3081 damni
566 3015 800 3098 reparationem
834 3016 930 3081 etiarn
962 3014 1100 3081 naturali
1125 3015 1198 3099 jure
1228 3014 1403 3097 obligatur.
1465 3008 1529 3077 Sil·

354 3144 463 3194 vestet
481 3128 513 3191 ⁷:
558 3124 626 3210 Qui
658 3127 794 3213 impedit
822 3131 1023 3213 piscatorem
1048 3127 1102 3193 rel
1122 3142 1280 3213 aucupem
1304 3147 1326 3190 a
1349 3124 1531 3193 verisimili

347 3240 479 3325 sutura
510 3243 662 3324 captione
690 3243 834 3325 piscium
867 3239 922 3306 rel
952 3243 1088 3319 arium,
1124 3260 1209 3324 quae
1231 3252 1309 3303 sunt
1323 3238 1420 3322 juris
1443 3258 1530 3299 com-

354 3355 486 3431 munis,
522 3364 656 3415 tenetur
687 3352 835 3415 arbitrio
868 3352 943 3415 honi
975 3354 1045 3418 siri
1064 3348 1101 3414 ⁸:
1138 3356 1220 3435 quia
1255 3352 1329 3414 istis
1364 3348 1529 3432 aufertur

354 3482 432 3527 suus
451 3468 613 3549 proprius
637 3484 737 3544 usus,
762 3468 821 3549 qui
844 3477 920 3528 erat
943 3467 997 3527 sui
1011 3464 1121 3549 juris,
1144 3477 1175 3528 et
1191 3463 1332 3547 fructus
1356 3465 1392 3525 iu
1416 3482 1528 3526 earum

355 3596 418 3639 usu
441 3577 540 3661 quasi
561 3575 770 3640 seminaliter
793 3588 974 3639 contentus.
1010 3575 1159 3641 Deinde:
1178 3579 1237 3659 qui
1258 3572 1444 3659 impediunt
1467 3572 1530 3637 ad·

355 3701 489 3754 reatum
505 3686 678 3770 frumenti
700 3701 763 3753 aut
786 3688 936 3752 aliarum
954 3691 1112 3753 mercium
1134 3686 1182 3752 ad
1199 3687 1350 3771 aliquam
1374 3698 1529 3763 terram,

366 3908 562 3917 ——uu—-n

388 4033 458 4083 ¹01.
483 4034 530 4082 ibi.
564 4032 575 4066 ²
599 4036 616 4081 l.
644 4048 664 4081 1.
689 4033 716 4081 ln
740 4048 779 4094 pr.
801 4034 826 4081 ff.
853 4036 885 4082 de
912 4034 1065 4083 fluminibus.
1085 4032 1128 4098 [D.
1146 4046 1188 4096 43.
1209 4032 1259 4097 tn]
1295 4032 1413 4083 ⁸eadern
1432 4036 1449 4081 l.
1468 4036 1489 4091 ς.
1507 4034 1529 4083 sl

354 4127 418 4186 quid
438 4127 464 4174 in
481 4126 553 4174 rnari.
570 4126 606 4187 [ξ.
634 4124 684 4189 17.]
721 4124 825 4173 ⁴Henr.
844 4126 949 4174 Gorich.
968 4126 999 4174 de
1017 4126 1086 4174 bello
1104 4124 1182 4183 justo.
1200 4126 1226 4173 in
1244 4110 1361 4187 propfp.
1396 4124 1442 4172 ⁶1.
1462 4138 1485 4172 a.
1504 4124 1530 4171 ff.

355 4232 388 4267 ne
413 4218 475 4277 quid
501 4218 527 4266 in
552 4219 613 4265 loco
638 4216 709 4277 publ.
732 4219 753 4275 ξ.
777 4217 799 4264 si
824 4217 882 4277 quis
909 4216 935 4265 in
953 4218 1024 4266 mari.
1044 4216 1087 4280 [D.
1105 4230 1146 4279 4³·
1166 4220 1188 4265 8.
1206 4230 1229 4265 a.
1248 4220 1268 4275 5.
1287 4216 1324 4278 9.]
1344 4218 1360 4264 l.
1379 4214 1529 4273 injuriarum

356 4310 433 4358 actio.
452 4320 477 4357 et
495 4312 512 4357 1.
539 4310 559 4358 si
587 4309 644 4369 quis
671 4308 812 4369 proprium.
838 4309 864 4356 ff.
891 4311 922 4358 de
948 4308 1057 4365 iniuriis.
1086 4306 1114 4372 [l.
1145 4321 1173 4366 1³
1201 4320 1225 4356 et
1253 4310 1269 4355 l.
1297 4320 1337 4368 24.
1362 4308 1393 4355 D.
1411 4320 1454 4367 47.
1477 4308 1529 4368 ro]

354 4400 365 4433 ⁸
394 4414 416 4448 e.
441 4401 569 4449 dominus.
595 4402 684 4463 [Dect.
709 4402 778 4449 Grat.
802 4414 828 4460 p.
853 4414 878 4447 a.
904 4413 943 4457 2³·
969 4414 992 4447 a.
1018 4400 1053 4462 a]
1095 4396 1106 4436 ⁷
1131 4399 1157 4448 ln
1184 4414 1210 4447 v.
1228 4398 1378 4448 Restitutio.
1395 4412 1422 4459 p.
1441 4411 1465 4456 a.
1482 4398 1530 4447 sub

355 4490 442 4542 linem.
476 4492 488 4524 ⁸
505 4495 578 4561 alleg.
596 4494 700 4542 Gerard.
719 4492 778 4542 Old.
795 4504 820 4540 et
838 4494 918 4541 Arcb.
