3450 5434
510 620 557 668 DE
581 619 676 687 Juxu
701 618 886 668 annuunt.
909 619 990 668 CAP.
1013 621 1053 668 11.
1326 621 1368 682 27
1474 631 1480 660 t

196 797 281 860 quos
312 795 424 842 omnes
451 789 563 863 gentes
587 795 671 858 quae
691 774 857 859 republica
877 790 1019 842 utuntur
1037 795 1140 858 aeque
1160 790 1291 842 sanctos
1313 775 1370 842 ha-

195 889 296 971 bent,
321 889 361 954 de
383 888 523 955 mortuis
542 887 736 972 sepeliendis
758 895 768 932 ¹
794 901 826 952 et
847 887 910 953 alia
931 887 1106 972 ejusmodi.
1152 887 1239 952 Sunt
1261 903 1367 953 autem
1382 903 1501 968 uuae.-

194 1001 274 1067 haec
295 1001 434 1066 duorum
458 1019 624 1086 generum.
651 999 729 1065 Alia
749 998 834 1065 enim
857 998 944 1082 pacti
965 999 1033 1065 vim
1054 999 1177 1069 habent
1197 998 1281 1066 inter
1303 1019 1369 1067 res·
1382 958 1490 1003 ‘Imm'

194 1113 365 1197 publicas,
390 1127 428 1177 ut
451 1131 535 1195 quae
557 1111 655 1178 modo
677 1110 841 1178 diximus:
864 1111 927 1177 alia
952 1131 1019 1177 non
1042 1112 1187 1194 habent,
1212 1131 1296 1193 quae
1319 1131 1369 1177 re-

193 1237 305 1308 ceptae
328 1223 440 1307 potius
461 1222 709 1290 consuetudinis
727 1223 884 1304 nomine,
909 1242 1005 1306 quam
1024 1221 1107 1307 juris
1127 1222 1367 1306 appellaverim.

195 1335 259 1402 Sed
282 1351 388 1402 tamen
410 1349 442 1401 et
464 1336 544 1401 haec
560 1334 643 1420 juris
664 1334 811 1419 gentium
831 1333 1021 1417 frequenter
1043 1333 1216 1414 dicuntur,
1236 1349 1274 1401 ut
1286 1355 1368 1418 quae

194 1449 235 1512 de
254 1447 436 1528 servitute,
461 1447 500 1512 de
523 1446 619 1514 certis
638 1461 863 1513 contractuum
883 1446 1056 1532 generibus
1076 1460 1109 1512 et
1124 1447 1368 1514 successionum

194 1560 308 1626 ordine
336 1558 450 1643 populi
483 1577 595 1626 omnes
626 1572 683 1626 aut
713 1557 885 1642 plerique,
909 1577 983 1623 eum
1006 1558 1140 1625 seorsim
1164 1557 1302 1644 singulis
1325 1557 1369 1624 ita

194 1672 383 1756 expediret,
416 1671 450 1737 in
470 1669 613 1737 eamdem
644 1668 779 1736 formam
807 1669 988 1736 imitatione
1009 1685 1066 1735 aut
1088 1669 1224 1736 fortuito
1247 1685 1369 1738 statue·

193 1799 281 1850 runt
325 1784 436 1871 Quare
470 1783 509 1849 ab
543 1781 596 1849 his
630 1781 790 1849 institutis
821 1781 899 1848 licet
922 1781 1062 1867 singulis
1088 1782 1260 1863 recedere,
1291 1781 1369 1865 quia

193 1915 253 1962 nec
274 1895 488 1962 communiter
509 1894 567 1961 sed
590 1893 754 1980 sigillatim
778 1893 964 1960 introducta
986 1907 1076 1960 sunt.
1104 1893 1192 1959 Nam
1218 1908 1251 1959 et
1270 1892 1367 1960 simili

193 2006 317 2073 ratione
344 2025 410 2072 non
435 2004 597 2088 quidquid
634 2005 666 2072 in
690 2005 856 2089 republica
878 2004 1043 2088 plerisque
1063 2005 1218 2072 usitatum
1239 2021 1289 2073 est
1304 2021 1369 2072 sta·

193 2119 250 2185 tim
271 2120 326 2204 jus
348 2117 466 2200 faciet,
484 2117 551 2184 sed·
565 2116 600 2183 id
622 2117 750 2183 demum
774 2117 865 2200 quod
888 2115 1010 2183 civium
1032 2116 1115 2183 inter
1135 2137 1170 2184 se
1188 2118 1368 2183 communi-

193 2230 351 2298 cationem
385 2229 528 2313 respicit.
574 2229 658 2295 Sunt
690 2229 774 2295 enim
806 2230 910 2296 multa
939 2249 1005 2295 non
1026 2229 1151 2313 publici
1171 2230 1229 2297 sed
1248 2229 1367 2314 privati

192 2342 314 2424 moris,
349 2341 457 2425 qualia
484 2339 612 2407 infinita
632 2341 672 2406 de
693 2341 840 2422 vestitu,
864 2341 904 2407 de
923 2340 1111 2422 conviviis,
1137 2341 1178 2407 de
1196 2339 1368 2407 funeribus

193 2452 367 2537 antiquarii
401 2467 606 2537 congerunt,
635 2472 653 2517 a
684 2453 806 2536 quibus
838 2453 899 2521 etsi
931 2455 1034 2538 vulgo
1068 2453 1208 2536 receptis
1241 2453 1366 2520 licitum

195 2583 299 2631 tamen
333 2579 381 2632 est
412 2563 550 2649 singulis
583 2564 924 2647 patribusfamiliarum
959 2585 1020 2632 suo
1054 2563 1187 2632 arbitrio
1210 2565 1366 2630 recedere.

194 2677 259 2744 Sed
292 2677 376 2742 inter
405 2677 492 2760 leges
526 2689 666 2742 caeteras
698 2675 768 2760 ejus
802 2676 946 2761 gentium
965 2675 1074 2761 iuris,
1099 2675 1191 2757 quod
1213 2678 1306 2742 velut
1328 2696 1368 2741 ex

194 2803 361 2855 contractu
384 2789 526 2870 populos
547 2787 650 2872 ligat,
674 2787 846 2871 praecipua
869 2802 919 2853 est
941 2807 1025 2870 quae
1047 2785 1168 2869 primae
1188 2783 1253 2871 legi
1276 2785 1366 2852 civili

193 2899 407 2967 assimilatur:
430 2899 486 2963 Ne
506 2898 692 2986 respublica
712 2920 775 2963 neu
805 2901 887 2968 ciuis
907 2902 944 2962 iu
965 2897 1110 2963 alteram
1131 2897 1367 2984 rempublicam
1394 2912 1445 2957 rex
1454 2911 1513 2958 x11,

194 3010 376 3080 alteriusve
408 3016 508 3081 ciuem
533 3013 593 3098 jus
625 3032 718 3077 suum
750 3014 816 3076 nisi
835 3010 967 3098 judicio
997 3024 1214 3096 exsequatur.
1260 3008 1368 3076 Cuius

195 3123 326 3206 quidem
358 3123 438 3208 legis
469 3123 643 3190 necessitas
665 3142 723 3206 per
746 3141 780 3188 se
801 3122 972 3205 perspicua
995 3136 1045 3188 est
1067 3104 1162 3188 et'ex
1184 3120 1259 3203 his,
1283 3141 1368 3203 quae

193 3255 290 3319 supra
311 3235 477 3317 diximus,
497 3235 597 3319 repeti
631 3247 759 3318 potest:
783 3234 840 3301 sed
862 3234 925 3300 alla
946 3234 1001 3300 hic
1022 3233 1179 3316 quaedam
1199 3233 1368 3329 suboritur

194 3345 389 3428 difficultas,
422 3367 505 3429 quae
536 3347 570 3412 in
602 3347 672 3430 lege
703 3345 793 3410 civili
825 3364 891 3410 non
917 3360 993 3411 erat.
1039 3344 1126 3410 Nam
1146 3344 1237 3411 cives
1258 3343 1366 3428 reipu-

194 3457 296 3524 blicae
329 3478 406 3524 suae
438 3461 669 3538 ὑποτάττονται,
694 3457 835 3540 ideoque
857 3457 928 3524 sive
949 3456 1033 3522 inter
1054 3476 1088 3523 se
1120 3455 1189 3523 sive
1220 3475 1295 3522 cum
1317 3476 1368 3521 re·

194 3569 324 3652 publica
354 3589 414 3636 sua
431 3567 651 3651 contendunt,
682 3567 798 3634 merito
820 3570 892 3653 ejus
909 3568 1069 3652 judicium
1090 3567 1275 3651 acciplunt:
1302 3587 1368 3634 res·

193 3679 323 3763 publica
336 3696 443 3747 autem
455 3680 547 3745 alteri
559 3679 755 3763 reipublicae
772 3699 838 3745 non
850 3682 1047 3749 ὑποτάσσεται
1063 3678 1122 3745 sed
1140 3682 1368 3761 ἀντιτάσσεται,

193 3814 256 3856 uon
286 3793 399 3858 subter
430 3790 487 3858 sed
512 3805 631 3858 contra
657 3795 771 3878 positu
803 3804 875 3871 est,
898 3805 998 3873 atque
1021 3789 1132 3855 itidem
1166 3788 1249 3857 civis
1268 3790 1368 3858 unius

192 3902 257 3969 civi
289 3903 432 3970 alterius.
478 3903 526 3969 At
556 3902 785 3988 rempublicam
815 3901 947 3986 quidem
970 3901 1087 3968 debere
1105 3900 1251 3986 judicare
1273 3899 1449 3977 lucilerum
1462 3930 1499 3997 uu

192 4017 386 4097 constabat,
418 4015 459 4082 ad
481 4031 585 4082 utram
608 4035 687 4082 vero
708 4015 844 4080 duarum
868 4013 903 4080 id
922 4013 1098 4096 pertineret
1119 4027 1367 4080 controversum
1379 3984 1486 4030 ‘¹⁰'⁶⁸'⁰'

193 4147 262 4194 esse
284 4141 439 4211 poterat,
464 4127 586 4212 quippe
607 4147 680 4193 cum
704 4127 851 4211 singulae
873 4125 957 4191 illud
979 4140 1114 4209 possent
1134 4123 1300 4190 occineret

226 4445 329 4509 ¹soph.
353 4447 431 4498 Aiace
459 4449 510 4510 [vs.
540 4450 623 4512 raam]
647 4461 671 4498 et
695 4449 823 4510 Antigone
845 4447 948 4509 passim.
974 4447 1024 4494 Dio
1051 4448 1181 4507 Chrysost.
1202 4449 1234 4496 de
1250 4460 1366 4498 consuet.

194 4539 259 4602 [vol.
275 4554 298 4588 a.
317 4539 406 4588 Reislr.
422 4553 449 4600 p.
463 4540 535 4604 41r.]
554 4541 632 4590 lsocr.
649 4541 706 4589 Hel.
721 4553 777 4590 enc.
796 4539 834 4601 [p.
850 4539 920 4601 214]
941 4549 965 4587 et
983 4538 1009 4587 in
1025 4540 1115 4600 Paneg.
1132 4537 1172 4600 [p.
1191 4550 1232 4595 ει.
1249 4541 1346 4603 stepb.]
