3450 5434
471 639 520 689 nt.
543 638 637 710 Juur
661 639 847 689 russone.
874 641 956 690 csr.
981 640 1063 691 vrn.
1316 645 1357 715 93

185 809 404 879 usurpantur,
418 794 577 878 reliquiae
588 794 692 861 videri
712 810 853 880 possunt
872 796 963 864 illius
982 796 1082 863 moris
1105 812 1138 865 et
1157 796 1250 866 velut
1272 800 1355 885 legis

185 926 292 976 nonae
310 907 527 991 exceptiones.
572 905 714 974 Romani
732 904 829 974 etiam
850 922 979 975 veteres
999 907 1163 990 dominis,
1186 911 1355 994 patribus,

185 1019 333 1101 maritis,
355 1018 542 1104 cognationi
562 1017 635 1103 jura
657 1017 812 1101 vitaeque
833 1016 990 1101 necisque
1010 1019 1236 1111 permiserunt.
1278 1022 1357 1089 Alis

186 1130 320 1212 quidem
338 1145 505 1197 causaest
527 1126 747 1197 exsecutionis
769 1150 853 1213 quae
875 1128 1012 1214 privatis
1034 1130 1105 1216 legs
1128 1130 1259 1215 speciali
1282 1154 1354 1217 per·

185 1241 337 1309 mittitur.
361 1238 448 1310 Nam
466 1238 522 1309 hic
540 1240 569 1307 si
586 1238 627 1307 nd
645 1260 732 1307 arma
749 1240 912 1321 veniatur,
931 1240 1043 1311 nescio
1063 1260 1102 1309 an
1113 1258 1178 1311 non
1189 1242 1357 1327 publicum

185 1351 414 1436 potiusquam
432 1350 595 1435 privatum
614 1349 736 1419 bellum
755 1350 928 1419 dicendum
949 1349 1003 1420 sit.
1052 1350 1253 1437 Respublica
1271 1352 1356 1423 enim

186 1464 282 1546 quasi
316 1459 454 1546 suscipit
476 1477 509 1530 et
530 1461 707 1547 gerendum
728 1460 867 1549 singulis
890 1460 1030 1531 mandat.
1075 1460 1150 1531 Etsi
1172 1484 1286 1533 verum
1308 1480 1357 1533 est

185 1574 343 1658 pleraque
362 1574 417 1641 illa
435 1591 476 1641 ex
493 1574 605 1642 endem
623 1572 764 1654 ratione,
784 1572 871 1641 unde
890 1588 922 1641 et
940 1570 1103 1657 privatum
1114 1572 1357 1644 bellumfluere.

185 1685 276 1771 Quia
297 1684 383 1752 eninr
415 1682 553 1768 exempli
585 1684 686 1770 gratia
705 1683 867 1752 militibus
889 1699 922 1753 ct
945 1684 1151 1753 exactoribus
1171 1704 1237 1753 non
1260 1685 1357 1755 facile

185 1816 245 1880 per
271 1795 470 1881 judiciorum
493 1794 640 1863 ordinent
669 1794 873 1876 occurritur,
896 1793 1017 1862 idcirco
1040 1793 1121 1879 ipsis
1142 1794 1279 1880 privatis
1299 1814 1358 1881 per

186 1906 275 1992 leges
295 1926 330 1975 se
347 1903 535 1975 vindicandi
553 1920 698 1989 potestas
716 1904 812 1975 datur
830 1914 852 1973 ¹.
876 1904 922 1974 Et
939 1907 1018 1975 baec
1038 1904 1138 1993 igitur
1155 1922 1251 1989 sunt,
1273 1928 1357 1991 quae

184 2020 279 2085 uelut
296 2015 436 2103 vestigia
454 2016 613 2085 habentus
628 2014 714 2103 juris
730 2017 888 2085 naturslis
906 2014 939 2083 in
959 2016 1138 2102 puniendo.
1167 2016 1232 2085 Sed
1250 2018 1357 2087 adhuc

184 2126 328 2197 dubitari
356 2144 484 2212 potest,
516 2144 640 2195 semma
670 2128 855 2211 republica,
888 2148 984 2211 quern
1017 2126 1080 2195 sibi
1111 2126 1237 2213 justum
1257 2126 1355 2199 finem

183 2238 333 2323 privatus
362 2239 450 2306 ultor
469 2238 574 2323 possit
594 2257 788 2323 proponere.
834 2236 942 2307 Facile
969 2238 1200 2323 respondebit,
1233 2240 1354 2324 quiex

183 2346 425 2433 pbilosophis¹
450 2347 601 2417 didicerit
631 2349 715 2416 duas
743 2365 815 2416 esse
837 2349 1060 2434 respublicas,
1085 2350 1216 2419 alteram
1240 2351 1355 2434 orbis,

184 2461 318 2528 alteram
338 2458 441 2529 urbis.
486 2458 652 2530 Nimirum
681 2457 786 2527 totius
805 2460 938 2528 humani
960 2458 1086 2546 generis
1107 2462 1230 2529 bonum
1253 2461 1294 2529 ab
1316 2480 1355 2531 co

185 2571 347 2656 spectari,
376 2589 444 2640 non
473 2572 566 2640 aliter
596 2592 694 2654 quam
727 2590 802 2639 curn
836 2586 1016 2655 serpentem
1050 2571 1182 2641 occidit.
1225 2572 1272 2639 Et
1292 2574 1356 2641 boc

183 2683 316 2768 proprie
346 2698 396 2751 est
425 2683 509 2750 illud
536 2684 659 2749 bonum
688 2703 884 2763 commune,
907 2682 999 2764 quod
1021 2701 1142 2765 poenas
1165 2700 1278 2749 omnes
1299 2702 1356 2749 na·

183 2792 333 2861 turtliter
360 2794 519 2878 respicere
549 2794 705 2861 diximus.
751 2793 827 2859 Hoc
849 2793 957 2876 ipsunr
977 2793 1173 2859 Plutarchus
1197 2792 1208 2828 ¹
1229 2793 1357 2877 egregie

184 2905 342 2990 explicat:
363 2912 405 2992 τῷ
424 2911 455 2976 δὲ
474 2908 563 2991 (θεῷ)
583 2908 687 2989 ἕπεται
707 2907 771 2983 lim
791 2913 849 2973 τῶν
866 2906 1098 2987 decurrendum
1113 2909 1165 2972 τοῦ
1184 2906 1255 2973 θείου
1272 2905 1358 2986 νόμον

181 3018 323 3101 τιμωρός,
345 3019 365 3101 ἦ
383 3021 520 3103 χρώμεθα
541 3018 651 3092 πάντες
679 3016 813 3099 ἄνθρωποι
843 3018 933 3099 φύσει
962 3017 1030 3099 πρὸς
1063 3014 1179 3089 πάντας
1200 3016 1358 3097 ἅνθρῶπους

181 3127 278 3211 ὅπερ
307 3131 443 3205 πολίτας.
483 3107 634 3209 justitia
665 3126 774 3192 Deum
802 3128 986 3193 comitatur
1015 3124 1130 3192 ultrix
1163 3142 1274 3195 eorum
1297 3126 1358 3209 qur·

182 3251 306 3302 contra
325 3236 430 3324 Iegem
445 3236 596 3308 diuinam
616 3237 817 3322 delinquunt
828 3258 841 3300 .·
854 3255 922 3321 qua
941 3255 1047 3301 omnes
1065 3236 1208 3301 domines
1227 3247 1358 3303 natura

185 3350 318 3413 utimur
347 3348 507 3417 adsersus
534 3368 640 3413 omnes
662 3348 827 3426 homines,
849 3360 889 3412 ut
911 3348 1007 3414 ciues.
1051 3344 1149 3413 Unde
1171 3364 1238 3414 nou
1259 3345 1356 3428 longe

184 3456 277 3539 abit,
309 3457 402 3540 quod
432 3458 618 3525 scholastici
643 3466 656 3503 ⁴
681 3458 820 3538 dicunt,
851 3457 969 3523 debere
1000 3474 1061 3523 nos
1093 3452 1229 3539 injurias
1262 3452 1357 3523 etism

182 3583 314 3635 nostras
343 3568 483 3651 ulcisci,
517 3570 546 3636 si
577 3570 659 3637 tales
691 3568 758 3635 sint
787 3583 826 3635 ut
854 3567 896 3634 ad
927 3564 1130 3647 Ecclesiam,
1162 3566 1225 3633 boc
1248 3564 1359 3633 estad

184 3678 292 3746 bonos
321 3698 435 3746 ornnes
465 3679 660 3747 redundent.
706 3678 820 3763 liujus
842 3693 951 3745 autern
974 3677 1053 3744 boni
1074 3675 1258 3745 communis
1280 3693 1358 3741 cura

184 3788 367 3871 aequaliter
387 3790 430 3857 ad
459 3790 611 3872 quemvis
637 3790 799 3874 pertinere
822 3789 976 3869 videtur,
998 3787 1069 3855 sive
1092 3786 1155 3870 ipsi
1174 3784 1244 3853 sive
1265 3784 1358 3853 alteri

184 3898 274 3966 illntn
297 3899 341 3965 sit
369 3900 512 3985 injuris,
535 3900 599 3967 nisi
619 3899 712 3985 quod
733 3918 808 3968 suas
829 3898 965 3985 injurias
988 3896 1124 3981 exsequi
1142 3896 1359 3981 periculosius

183 4076 372 4087 n———..

219 4166 228 4200 ¹
247 4166 277 4218 0.
292 4169 394 4227 quando
415 4166 459 4217 lic.
480 4166 548 4219 unic.
565 4180 613 4218 tot.
632 4168 672 4219 tit.
688 4166 731 4233 [c.
746 4182 770 4228 s.
783 4168 837 4231 sp]
851 4169 869 4217 l.
883 4165 1048 4229 prohibitum.
1066 4168 1096 4215 C.
1114 4163 1213 4223 dejure
1230 4162 1294 4213 liscl.
1315 4160 1357 4229 [C.

187 4271 227 4306 ιο.
248 4269 270 4306 r.
291 4256 326 4320 s.]
343 4260 362 4306 l.
384 4270 472 4307 contn
489 4270 583 4309 nostra
601 4261 631 4308 C.
654 4262 686 4309 de
706 4259 877 4309 exactoribus.
903 4257 948 4322 [C.
974 4270 1011 4306 12.
1033 4257 1073 4305 61.
1098 4254 1134 4317 5.]
1152 4257 1169 4303 l.
1183 4256 1313 4303 devotum.
1328 4256 1358 4303 c.

184 4347 341 4397 dementis.
358 4347 403 4411 [c.
423 4360 461 4397 rs.
476 4360 517 4409 4¹·
532 4347 568 4410 s]
586 4350 635 4412 Jss.
653 4348 710 4399 inl.
728 4362 756 4399 ut
774 4349 876 4400 rimis.
894 4350 926 4398 de
940 4346 998 4405 inst.
1016 4358 1041 4397 et
1058 4345 1123 4405 iure.
1142 4344 1185 4409 [ll.
1203 4356 1224 4393 1·
1245 4356 1265 4391 1·
1280 4342 1316 4407 s]
1333 4358 1359 4406 n.

187 4448 227 4492 rs.
263 4434 348 4487 ’seu
368 4438 572 4489 devltsbests.
592 4452 675 4497 usn.
709 4434 1071 4503 ⁸seexrlllo[p.oor.b.]
1106 4434 1225 4485 ‘Thoos
1245 4446 1267 4483 s.
1289 4445 1312 4483 s.
1334 4448 1359 4495 q.

187 4528 245 4575 108.
263 4526 325 4576 silv.
342 4526 369 4575 in
387 4543 414 4576 v.
431 4526 559 4579 Vindicta.
