3450 5434
487 653 534 700 oc
559 654 654 721 June
679 653 867 701 runcone.
893 654 973 701 car.
998 653 1063 701 xu.
1297 650 1358 715 251

190 823 229 875 ur
260 814 326 897 ipsi
355 815 473 879 carius
505 809 678 891 roulant,
713 822 872 874 tenantur
905 808 944 875 do
975 807 1034 873 illo
1063 809 1162 896 plari
1193 810 1269 891 his,
1304 812 1363 897 qui

188 926 305 988 rarius
325 937 499 1002 emerunt,
523 936 555 987 et
574 921 613 987 do
631 920 750 987 damno
769 921 864 1001 illis,
889 926 949 1007 qui
967 934 1065 987 oront
1085 921 1258 1003 allaturi,
1281 925 1363 1006 quio

189 1036 315 1120 injuste
344 1033 614 1121 impediuerant,
648 1032 833 1100 utilitatem
852 1038 1029 1119 priratam
1053 1047 1084 1098 ct
1103 1036 1280 1119 propriam
1298 1048 1364 1118 pa-

190 1146 299 1211 bliooa
321 1159 352 1211 at
376 1149 539 1211 commoni
564 1158 817 1231 praeponentes.
866 1146 914 1211 Et
947 1145 1031 1211 idern
1064 1144 1104 1211 da
1134 1146 1185 1213 lris
1209 1148 1268 1230 qui
1289 1166 1363 1209 con-

191 1257 335 1325 cordant
358 1262 395 1322 in
418 1260 556 1323 emtione
579 1262 723 1323 omnium
737 1261 920 1339 mercium,
945 1256 1140 1325 attendant
1154 1256 1362 1338 alitherum,

192 1374 274 1456 quia
306 1383 464 1436 tenentur
496 1370 543 1436 od
573 1391 664 1435 omno
695 1369 852 1435 damnum
874 1374 896 1435 ¹.
946 1369 1009 1434 Sed
1040 1383 1164 1452 praeter
1187 1370 1364 1449 damnum,

192 1497 229 1548 ut
251 1481 330 1548 alibi
353 1483 590 1564 tractavimus,
614 1481 669 1546 illa
693 1484 789 1564 culpa
807 1502 866 1564 per
886 1500 920 1547 se
940 1481 1087 1566 obligat,
1111 1480 1188 1563 quia
1208 1480 1364 1547 naturalis
1378 1511 1521 1577 521⁶ng

191 1573 275 1660 ratio
309 1594 464 1660 malitiam
488 1594 681 1678 impunitam
714 1613 784 1659 esse
816 1613 882 1659 non
906 1593 1041 1677 patitur.
1088 1593 1196 1677 Leges
1218 1592 1334 1659 civiles
1353 1576 1521 1665 ’illl'

192 1705 345 1791 injuriam
374 1705 442 1771 fere
472 1706 626 1787 mulctis,
660 1706 851 1772 violentiam
880 1705 999 1771 illatam
1022 1705 1165 1771 libertati
1192 1704 1364 1771 amissione

191 1818 293 1901 partis
323 1819 509 1899 bonorum,
541 1818 768 1901 monopolium
798 1838 879 1883 vero
907 1816 1053 1883 omnium
1072 1818 1233 1883 bonorum
1255 1817 1365 1899 publi-

191 1930 321 1997 catione
340 1945 511 1996 coercent:
536 1950 619 2013 quae
640 1932 694 1996 hie
713 1930 833 2013 pariter
851 1945 1062 1997 concurrunt.
1086 1929 1211 1994 Verum
1231 1929 1364 2010 quidem

192 2056 242 2109 est
273 2060 394 2124 poenas
423 2040 606 2108 facinorum
638 2062 677 2107 ex
705 2042 848 2107 utilitate
875 2041 1008 2125 publiea
1031 2040 1157 2109 intendi
1179 2055 1212 2108 et
1232 2040 1364 2107 remitti.

192 2154 259 2220 Sed
286 2168 392 2219 tamen
422 2154 455 2219 in
485 2154 538 2220 his
566 2175 650 2237 quae
678 2175 718 2221 ex
747 2169 884 2235 natura,
918 2173 983 2220 non
1010 2155 1050 2220 ab
1083 2154 1260 2234 instituto,
1283 2154 1365 2218 mala

191 2280 271 2333 sunt
299 2280 332 2331 et
361 2266 476 2331 illicita
505 2266 546 2331 ad
579 2286 675 2332 verae
709 2268 934 2350 proportionis
965 2286 1109 2332 normam
1146 2266 1241 2332 etiam
1277 2280 1366 2331 extra

192 2379 282 2461 leges
314 2398 420 2461 poena
449 2377 535 2463 exigi
565 2394 684 2461 potest.
730 2379 817 2445 Cum
849 2379 950 2463 igitur
978 2394 1095 2444 natura
1127 2378 1229 2444 dictet
1257 2398 1297 2443 ex
1326 2398 1364 2441 eo

193 2492 285 2571 quod
312 2490 453 2556 alienum
482 2505 532 2559 est
561 2505 708 2556 nostrum
739 2511 799 2555 nos
826 2490 931 2555 iacere
961 2511 1028 2558 non
1053 2476 1191 2571 debere,
1215 2490 1367 2572 sequitur

193 2616 286 2667 tanto
313 2602 389 2668 iilos
421 2602 555 2685 gravius
584 2622 740 2685 peccare,
773 2602 832 2684 qui
848 2604 903 2687 jus
923 2623 1095 2669 commune
1114 2601 1283 2669 hominum
1302 2601 1366 2668 sibi

192 2714 361 2797 proprium
389 2712 498 2780 faeere
531 2729 713 2795 conantur,
747 2730 872 2797 quanto
901 2715 961 2780 hac
983 2716 1015 2781 in
1037 2734 1070 2780 re
1089 2714 1240 2797 pluribus
1260 2714 1297 2780 fit
1316 2714 1365 2781 in·

190 2826 287 2910 J'uria.
332 2825 511 2909 Praecipue
530 2842 638 2892 autem
654 2848 751 2912 grave
770 2842 819 2894 eat
837 2841 1029 2911 peccatum,
1053 2846 1120 2909 quo
1139 2840 1208 2891 tota
1227 2824 1366 2891 laeditur

192 2939 334 3005 humana
365 2938 528 3019 societas,
561 2940 617 3005 cui
651 2939 786 3005 vinculo
817 2939 1047 3021 antiquissimo
1067 2937 1217 3005 obstricti
1250 2951 1284 3001 et
1305 2939 1365 3001 ob-

191 3050 284 3115 noxii
314 3070 439 3116 sumus.
495 3052 586 3116 Haec
615 3052 697 3117 ratio
729 3052 943 3119 Ambrosium
965 3057 976 3090 ³
1001 3050 1091 3135 cogit
1123 3051 1300 3116 exclamare
1331 3048 1362 3113 in

193 3179 250 3227 eos
280 3162 337 3243 qui
366 3164 465 3228 maria
493 3164 674 3245 claudunt,
711 3164 936 3248 Augustinum
967 3164 978 3199 ⁴
1005 3163 1038 3227 in
1071 3180 1127 3228 eos
1159 3161 1217 3245 qui
1249 3162 1364 3227 itinera

193 3273 393 3352 obstruunt,
440 3274 690 3340 Nazianzenum
723 3278 734 3311 ⁸
766 3275 798 3339 in
840 3290 1020 3341 coemtores
1070 3293 1365 3357 suppressoresque

193 3384 381 3465 mercium5
419 3385 476 3466 qui
507 3406 546 3451 ex
577 3386 689 3470 iuopia
727 3388 874 3453 omnium
913 3388 975 3453 soli
1011 3390 1138 3452 lucrum
1172 3400 1302 3469 sperant
1334 3400 1367 3451 et

194 3510 232 3562 ut
271 3498 341 3579 ipse
383 3498 532 3579 loquitur
574 3504 915 3583 aararpayuarrtlovrao
946 3510 999 3576 τῆς
1033 3504 1151 3574 ἐνδείαις.
1209 3498 1299 3585 Quin
1334 3512 1366 3563 et

193 3608 307 3675 divina
337 3610 499 3675 sententia
528 3615 542 3678 i
567 3614 693 3695 συνέχων
726 3624 805 3680 σῖτον
837 3613 1096 3695 anormalam,
1131 3610 1274 3693 publicis
1303 3610 1365 3677 sci·

193 3720 271 3787 licet
302 3719 383 3785 diris
406 3722 613 3802 devovetur,
638 3742 793 3805 sacerque
821 3723 960 3788 habetur
991 3721 1048 3803 qui
1079 3742 1239 3787 annonam
1271 3737 1366 3787 vexat

227 4066 234 4099 ¹
260 4070 302 4118 all.
325 4070 344 4117 l.
370 4081 394 4118 t.
417 4068 444 4117 t.
469 4068 500 4116 ad
524 4069 784 4130 autumnoue.
814 4066 858 4131 [D.
881 4069 923 4128 48.
945 4067 1185 4129 12.]l.annontm.
1208 4067 1234 4115 ff.
1252 4070 1283 4117 de
1302 4080 1366 4119 eutr.

192 4159 264 4207 crim.
283 4160 328 4223 [D.
344 4172 386 4220 47.
403 4159 487 4223 11.6.]
507 4170 533 4207 et
551 4160 587 4207 ibi
607 4160 647 4207 Gl.
673 4156 759 4219 'Diffi
778 4161 809 4208 de
827 4158 1003 4215 injuriatore
1022 4160 1061 4207 tit.
1082 4160 1125 4221 [D.
1143 4172 1184 4220 47.
1205 4158 1257 4223 10.]
1277 4171 1302 4207 et
1320 4160 1366 4208 ibi.

191 4253 241 4301 Dd.
265 4251 324 4311 Dig.
348 4252 380 4299 de
405 4251 431 4299 vi
449 4251 520 4311 publ.
545 4262 570 4299 et
595 4253 627 4299 de
654 4250 680 4299 vi
706 4251 773 4310 priv.
800 4248 844 4313 [D.
861 4253 903 4312 48.
921 4251 945 4298 6.
963 4262 987 4299 et
1006 4250 1042 4314 7.]
1063 4252 1127 4299 adde
1145 4252 1162 4298 l.
1180 4251 1233 4299 vim
1252 4251 1322 4299 facit.
1340 4252 1365 4299 ff.

192 4344 224 4393 de
242 4342 271 4395 vi
293 4355 387 4393 armata
405 4343 449 4403 [D.
472 4354 515 4404 43.
541 4342 580 4391 1⁶.
601 4342 652 4407 11.]
673 4345 702 4391 C.
721 4343 751 4391 dc
770 4356 875 4403 monop.
895 4340 937 4405 [C.
955 4357 979 4403 4.
998 4330 1050 4403 sp]
1087 4340 1174 4391 ⁸loco
1193 4343 1364 4403 supracitato

192 4448 224 4484 ex
243 4435 349 4485 flexam.
382 4432 505 4485 ⁴citatur
529 4434 555 4483 ln
573 4436 650 4485 Dect.
668 4436 737 4483 Grae.
755 4449 781 4496 p.
799 4449 823 4482 2.
843 4446 883 4493 η.
902 4448 926 4483 o.
944 4446 966 4491 3.
1001 4433 1056 4483 ⁵iu
1075 4434 1149 4487 sunua
1174 4434 1269 4484 Basilii.
1290 4434 1365 4499 [edit.

192 4528 286 4575 Bened.
305 4527 359 4574 vol.
381 4538 401 4573 1.
419 4540 445 4587 p.
464 4538 522 4587 797.
541 4524 579 4591 d.]
