3450 5434
350 671 369 712 X
833 671 1017 713 PRAEFATIO·

347 861 393 901 res
414 848 608 916 iniquissima,
630 856 664 900 ut
685 843 788 901 Indiae
810 849 972 901 commercio
992 846 1219 914 abstineremus,
1236 858 1356 921 partem
1375 848 1518 921 ejuscem-

348 952 502 1016 mentarii‚
532 951 562 1005 in
591 965 650 1019 qua
679 959 818 1004 ostensum
847 959 916 1005 erat
946 967 995 1005 nec
1016 949 1103 1023 jure,
1131 969 1181 1006 nec
1196 952 1348 1024 probabili
1366 953 1424 1009 ullo
1438 952 1518 1027 juris

349 1053 438 1109 colore
468 1055 525 1109 niti
552 1049 629 1136 bano
652 1051 893 1125 postulationem,
924 1069 1045 1110 seorsum
1074 1053 1157 1110 edere
1187 1059 1284 1111 statui
1311 1054 1412 1112 Maris
1431 1058 1520 1114 liberi

347 1160 472 1226 nomine,
500 1153 550 1211 hoc
569 1159 665 1212 animo
685 1171 721 1209 ac
741 1168 804 1229 spe,
832 1166 868 1211 ut
889 1166 918 1212 et
939 1160 1043 1214 nostris
1063 1162 1192 1214 animum
1211 1157 1364 1227 adderem,
1393 1159 1520 1231 nequid

345 1259 380 1316 de
410 1255 641 1332 manifestissimo
665 1258 736 1331 jure
766 1257 954 1329 decederent,
992 1271 1022 1316 et
1053 1265 1204 1335 experirer
1234 1279 1275 1317 an
1305 1263 1346 1318 ab
1376 1261 1517 1336 Hisponis

345 1365 472 1421 obtineri
492 1374 603 1436 posset,
630 1373 664 1418 ut
695 1379 812 1418 causam
835 1379 889 1419 non
909 1374 1029 1419 tuntum
1048 1363 1231 1422 validissimis
1250 1369 1448 1438 argumentis,
1469 1365 1519 1423 sed

345 1478 374 1525 et
390 1467 575 1541 popularium
595 1482 709 1522 suorum
729 1470 912 1524 auctoritate
925 1467 1099 1540 jugulatam
1119 1480 1243 1541 agerent
1253 1470 1516 1543 pauloremissius:

345 1587 464 1642 quorum
484 1581 639 1640 utrumque
659 1585 783 1628 successu
806 1587 860 1626 non
883 1574 992 1628 caruit.

384 1775 480 1834 Nobis
500 1773 671 1850 persuadere
682 1791 741 1832 non
753 1793 919 1850 possumus,
939 1777 1024 1834 Mare
1034 1777 1176 1846 liberum,
1196 1789 1231 1836 ut
1243 1779 1365 1838 Grotius
1375 1778 1514 1849 affirmat,

344 1881 374 1937 in
403 1877 588 1938 conditiones
616 1877 800 1937 induciarum
829 1879 889 1937 vim
917 1879 1042 1951 aliquam
1068 1882 1240 1938 exercuisse.
1282 1881 1418 1941 Fruinius
1438 1887 1515 1940 clare

344 1981 522 2040 demonstrat
542 1984 714 2056 opusculum
735 1983 796 2039 sine
817 1983 968 2056 scriptoris
989 1983 1106 2040 nomine
1127 1987 1277 2057 vulgatum
1289 1987 1375 2043 initio
1386 1987 1515 2045 homines

343 2102 444 2160 parum
466 2086 605 2155 movisse,
626 2102 679 2142 nec
700 2084 858 2159 quidquam
880 2087 1074 2157 continuisse,
1095 2086 1176 2160 quod
1197 2089 1328 2146 novitate
1345 2106 1395 2147 sua
1405 2092 1515 2148 animos

343 2193 532 2263 percelleret:
564 2189 679 2262 aliquot
699 2190 781 2246 annis
803 2201 869 2263 post
890 2188 1021 2258 demum,
1042 2206 1108 2248 cum
1129 2191 1207 2248 inter
1229 2192 1330 2266 Belgas
1351 2205 1381 2251 et
1402 2195 1514 2267 Anglos

343 2292 379 2351 de
401 2294 521 2366 Anglici
543 2294 627 2350 maris
647 2292 778 2350 dominio
799 2291 1018 2367 disputabatur,
1037 2311 1171 2367 magnum
1190 2312 1293 2353 nomen
1311 2295 1446 2371 adeptum
1462 2309 1514 2356 est.

384 2397 495 2470 Sponte
516 2397 704 2470 intelligimus
725 2399 913 2471 scriptorem,
933 2395 1010 2455 edita
1022 2397 1090 2454 libri
1101 2410 1198 2472 parte,
1219 2398 1255 2457 de
1265 2401 1385 2473 reliquis
1395 2399 1513 2459 edendis

342 2518 401 2560 non
422 2502 544 2560 ulterius
566 2502 716 2575 cogitasse.
758 2501 894 2560 Fruinius
911 2501 994 2575 jure,
1014 2514 1047 2560 ut
1058 2504 1182 2577 opinor,
1202 2506 1365 2578 suspicatur
1375 2505 1512 2562 Grotium

341 2605 397 2680 jam
425 2623 462 2663 ex
492 2606 544 2662 illo
575 2617 705 2678 ternpore
732 2623 805 2680 opus
833 2604 870 2663 de
896 2605 961 2679 jure
988 2608 1117 2681 gentium
1146 2606 1316 2665 meditatum
1336 2625 1412 2678 esse,
1432 2607 1513 2680 quod

342 2711 447 2784 partim
466 2725 482 2767 e
503 2711 682 2782 Dogmaticis
711 2707 747 2767 de
775 2710 841 2784 jure
871 2707 993 2784 praedae
1022 2711 1210 2769 confecturus
1230 2724 1319 2782 esset,
1338 2723 1368 2770 et
1388 2709 1512 2769 sedecim

341 2814 423 2871 annis
446 2824 511 2887 post
532 2813 672 2872 confecit.
712 2812 773 2872 Tot
794 2831 884 2872 annos
906 2814 995 2872 fuisse
1013 2815 1089 2872 inter
1100 2815 1223 2888 primum
1234 2815 1295 2888 ejus
1307 2815 1347 2873 rei
1358 2815 1512 2872 consilium

341 2929 370 2975 et
391 2917 623 2986 exsecutionem,
646 2918 718 2975 nihil
730 2929 773 2975 est
784 2916 864 2991 quod
875 2919 1030 2976 miremur:
1051 2918 1138 2975 initio
1149 2920 1321 2991 multiplicia
1332 2921 1513 2992 magistratus

340 3037 474 3089 munera,
496 3033 562 3094 post
583 3023 660 3079 vitae
681 3038 779 3090 casus,
799 3037 872 3092 quos
892 3037 976 3078 nemo
997 3021 1129 3093 ignorat,
1151 3022 1511 3081 huiclaborivacareeum

340 3141 398 3182 non
420 3125 564 3181 siverunt.

380 3229 506 3285 Constat
518 3225 635 3284 Indicae
648 3226 799 3284 Societatis
811 3237 957 3295 rectores,
978 3225 1079 3284 eodem
1090 3228 1150 3285 fere
1161 3239 1308 3302 tempore,
1328 3247 1406 3287 anno
1420 3231 1510 3301 1610,

340 3333 416 3390 inter
437 3349 466 3388 se
487 3328 659 3388 deliberasse
687 3347 722 3388 an
751 3331 859 3388 Grotio
888 3329 1074 3402 mandarent,
1101 3343 1135 3390 ut
1163 3331 1280 3390 Indicae
1305 3334 1511 3407 negotiationis

339 3435 488 3494 historiam
517 3435 724 3492 conscriberet.
766 3435 912 3508 suspicari
941 3436 1011 3493 licet
1032 3437 1124 3510 ipsum
1147 3437 1284 3495 Grotium
1306 3451 1453 3496 auctorem
1475 3439 1510 3496 iis

339 3539 444 3609 fuisse,
472 3549 507 3596 ut
537 3538 693 3595 Historicis
715 3555 731 3596 e
754 3538 973 3597 Commentario
1001 3538 1038 3597 de
1063 3540 1128 3612 jure
1158 3540 1279 3614 praedae
1300 3541 1336 3600 ad
1357 3543 1430 3600 hanc
1450 3557 1509 3600 rem

337 3654 480 3702 uteretur.
521 3641 582 3700 Res
602 3654 710 3701 eventu
731 3643 836 3700 caruit.

379 3747 412 3804 In
442 3746 580 3804 universo
609 3761 697 3820 opere
728 3747 843 3804 maximi
878 3749 979 3821 pretii'
998 3760 1066 3807 sunt
1097 3750 1280 3823 Dogmatica.
1321 3751 1402 3808 Haec
1432 3751 1508 3808 enim

337 3851 518 3926 principium
546 3861 614 3908 sunt
635 3862 666 3907 et
686 3850 751 3907 fons
772 3850 953 3909 celeberrimi
975 3851 1093 3926 dejure
1114 3853 1184 3910 belli
1205 3870 1239 3911 ac
1260 3856 1338 3927 pacis
1359 3855 1437 3913 libri.
1479 3855 1508 3913 Si

337 3966 493 4027 utrumque
524 3953 630 4011 librum
660 3954 737 4011 inter
764 3970 792 4011 se
821 3956 969 4025 conferas,
998 3957 1028 4013 in
1059 3960 1160 4016 oculos
1192 3959 1319 4016 incurrit
1350 3959 1401 4032 Jus
1431 3958 1509 4032 pacis

337 4070 437 4134 postea
458 4059 637 4132 Dogmaticis
666 4056 701 4115 de
727 4057 792 4132 jure
820 4059 891 4116 belli
912 4058 1132 4133 superadditum
1153 4079 1228 4130 esse,
1249 4060 1373 4135 indeque
1393 4061 1456 4120 fieri
1476 4073 1509 4121 ut

337 4165 457 4222 alterius
477 4162 573 4236 operis
596 4174 691 4235 partes
713 4164 807 4220 minus
827 4163 903 4220 bene
925 4166 1003 4222 inter
1023 4181 1052 4221 se
1073 4175 1186 4237 aptatae
1207 4167 1266 4223 sint
1286 4177 1316 4223 et
1327 4166 1509 4224 cohaereant.

377 4269 441 4341 Ipsa
467 4265 539 4339 juris
567 4266 697 4338 gentium
728 4265 882 4340 disciplina
903 4267 933 4325 in
955 4278 1083 4340 utroque
1103 4285 1192 4342 opere
1212 4267 1309 4326 eadem
1330 4281 1383 4327 est.
1424 4269 1508 4327 Libri

336 4373 359 4429 si
380 4369 451 4446 quid
473 4370 656 4444 discrepant,
677 4370 707 4426 in
731 4370 823 4427 forma
843 4369 998 4428 discrimen
1020 4373 1167 4441 cernitur,
1189 4389 1247 4430 non
1269 4375 1299 4430 in
1321 4390 1362 4431 re.
1393 4376 1508 4433 Auctor

336 4476 432 4534 senior
465 4475 559 4533 factus
590 4478 654 4548 plus
685 4473 860 4548 prudentiae
890 4474 1025 4546 adhibet,
1063 4477 1157 4535 minus
1188 4478 1320 4536 absolute
1358 4479 1509 4553 loquitur,
