3450 5434
361 622 404 682 72
657 623 704 669 mc
726 618 819 688 June
845 620 1031 670 sunnone.
1056 614 1136 668 cnr.
1160 614 1227 667 vlt.

362 776 417 843 Ex
438 775 543 860 primo
564 777 661 847 ἄδικόν
679 801 710 846 τι
727 776 923 861 erumnae,
945 794 987 842 ex
1004 774 1150 845 seeundo
1165 773 1341 849 utimum.
1376 784 1416 837 ex
1435 768 1539 838 tertio·

361 889 451 957 cibum
478 887 627 954 dicimur.
673 886 791 954 Omnis
820 901 928 953 autem
959 892 1059 957 ἀδικία
1088 900 1200 953 secum
1226 882 1326 950 habet
1346 886 1479 967 &lenus
1501 896 1535 948 et

361 1002 494 1082 abimum
514 1012 610 1065 omne
628 1000 663 1069 el
684 1000 798 1070 eume:
829 999 889 1066 sed
911 1014 977 1065 non
1000 1011 1098 1066 retro.
1143 997 1228 1064 Nam
1251 994 1314 1062 ista
1335 1006 1533 1078 quemquem

362 1108 396 1173 in
428 1128 467 1175 eo
498 1109 552 1175 tui
581 1108 621 1177 fit
647 1110 766 1195 injuria
786 1104 871 1177 nihil
891 1110 1072 1193 differunt,
1096 1108 1347 1193 distinguuntur
1370 1103 1535 1172 tamenin

358 1217 508 1287 faciente.
556 1220 643 1288 Nam
673 1226 771 1293 &elo
800 1233 869 1288 non
891 1232 940 1289 est
960 1220 1024 1287 nisi
1046 1220 1247 1300 deliberem,
1269 1223 1304 1287 ix
1324 1220 1530 1302 προαιρέσεων

357 1334 492 1415 ἀδίκημα
512 1330 676 1399 interdum
688 1347 755 1398 non
766 1332 964 1416 deliberato,
985 1332 1042 1399 sed
1053 1330 1266 1415 praecedente
1278 1338 1385 1394 tanen
1397 1326 1534 1393 scientia

361 1455 394 1505 et
414 1443 609 1524 voluntate,
639 1444 704 1510 hoc
724 1458 776 1511 est
795 1446 906 1521 immi,
941 1442 1000 1509 ubi
1026 1442 1178 1509 nimirum
1204 1432 1360 1525 inteiligit
1382 1452 1481 1523 egens
1502 1452 1537 1504 et

360 1553 394 1618 in
426 1572 523 1636 quem
554 1568 586 1619 et
615 1555 783 1638 quomodo
815 1570 850 1621 et
882 1572 940 1620 cur
963 1568 1061 1641 agat,
1084 1549 1228 1637 ideoque
1248 1551 1319 1635 ipse
1338 1549 1413 1618 vuit
1430 1564 1535 1633 egere.

358 1668 403 1734 Ti
424 1666 520 1735 utrm
539 1678 671 1748 autem,
704 1666 796 1750 quod
817 1666 1004 1732 scholastici
1022 1666 1034 1707 ¹
1054 1678 1174 1732 vocant
1192 1664 1351 1751 injustum
1369 1660 1535 1727 materiale

360 1790 393 1841 et
424 1774 551 1841 memoli
583 1794 781 1861 opponunt,
813 1778 935 1845 baldus
956 1774 969 1812 ⁸
989 1795 1068 1845 vero
1099 1775 1218 1844 vitium
1252 1773 1445 1841 existentiae
1466 1786 1534 1839 non

360 1886 579 1955 conscientiae
612 1890 775 1972 appellat,
814 1908 885 1955 esse
916 1902 1026 1973 potest
1059 1888 1093 1954 in
1123 1888 1164 1955 iis
1196 1886 1316 1968 etiam,
1351 1898 1436 1967 quae
1470 1896 1536 1949 non

361 2011 479 2082 sponte
512 1998 619 2082 fiunt,
652 2000 748 2085 cujus
782 1999 910 2087 generis
936 2012 1016 2065 sunt
1037 1997 1271 2105 infortunium
1293 2012 1441 2076 errores,
1463 2000 1536 2065 airu·

359 2114 490 2194 xima
520 2115 571 2180 aei
592 2115 817 2196 timuimus
845 2112 929 2178 haec
950 2111 1082 2194 quidem
1102 2130 1175 2177 cum
1199 2105 1330 2175 initium
1352 2104 1471 2191 agendi
1492 2104 1535 2170 ab

231 2196 259 2225 ‘
362 2221 470 2287 animo
501 2236 551 2287 est
584 2220 710 2307 agentis
739 2221 798 2288 sed
828 2220 874 2288 ita
907 2236 1014 2289 tamen
1047 2222 1142 2288 utin
1164 2220 1277 2304 aliquo
1304 2210 1456 2299 fallatur,
1479 2216 1535 2282 illu

359 2348 441 2399 vero
463 2332 522 2398 ubi
544 2332 676 2399 initium
705 2333 822 2420 agendi
851 2332 1004 2414 aliunde,
1039 2347 1077 2400 nt
1099 2333 1127 2401 si
1149 2334 1251 2399 telum
1273 2348 1372 2397 manu
1393 2328 1534 2415 ingerit,

361 2455 394 2508 et
413 2443 447 2509 in
470 2441 601 2509 coactis,
643 2448 689 2512 Tb
710 2444 804 2515 ἄδικον
825 2458 923 2511 omne
944 2458 1071 2513 veteres
1087 2444 1171 2529 juris
1193 2442 1335 2509 Romani
1358 2439 1534 2509 auctores·

360 2572 506 2637 noxam,
528 2568 563 2621 et
581 2554 615 2620 id
629 2555 761 2639 proprie
771 2555 826 2622 cni
839 2556 932 2625 abest
950 2561 985 2625 τὸ
1006 2560 1137 2637 ulmus
1152 2557 1347 2641 Paup‘fl‘ssm
1367 2554 1533 2619 dmum·

357 2666 488 2733 Animal
516 2666 609 2749 quod
637 2684 736 2735 sensu
764 2664 900 2735 rationis
933 2676 1021 2733 caret
1053 2664 1172 2752 injuria
1190 2680 1257 2733 non
1279 2661 1377 2743 facit.
1398 2664 1463 2730 hoc
1486 2671 1536 2729 est

356 2780 489 2861 albienum
509 2789 566 2843 uut
585 2780 685 2849 ἀδικία
705 2776 740 2844 in
759 2778 851 2844 istud
874 2776 992 2844 animal
1012 2790 1079 2845 non
1102 2776 1212 2857 cadit,
1236 2790 1311 2841 curn
1328 2776 1533 2842 voluntatem

358 2901 425 2954 non
445 2888 564 2955 habeat
583 2899 617 2955 et
636 2891 742 2957 multo
764 2888 873 2957 minus
893 2887 1099 2955 electionem.
1143 2886 1299 2972 Iniuriam
1319 2897 1426 2952 tamen
1445 2882 1534 2949 sucin

357 2998 444 3064 Nam
465 2997 585 3085 injuria
606 3014 724 3065 nomen
741 3001 890 3084 generale
913 3013 963 3066 est
981 3014 1021 3065 ut
1039 2999 1073 3065 in
1095 2998 1311 3084 legasquiliu
1331 2996 1367 3079 l,
1392 2996 1488 3062 etiam
1499 2995 1534 3063 in

359 3127 422 3191 eo,
444 3110 505 3192 qui
524 3129 642 3176 nocere
664 3109 784 3176 noluit.
827 3108 874 3179 Et
894 3109 980 3176 forte
998 3128 1065 3177 non
1084 3109 1263 3176 errabimus
1282 3107 1309 3176 si
1321 3108 1468 3175 &camus
1483 3110 1534 3177 eir

356 3222 453 3290 ἄδικόν
459 3248 489 3289 τι
499 3224 667 3305 πράττοντα
680 3219 801 3304 facere
816 3222 1006 3308 insumam,
1022 3200 1071 3293 {dv
1083 3226 1237 3291 atim
1250 3220 1532 3306 faeculentam,

357 3334 406 3399 ria
424 3331 519 3400 llum
531 3330 833 3416 facereiry'uriose.
855 3332 988 3421 Quibus
1010 3331 1532 3417 respondentblnaulunuaairean·

356 3444 569 3525 δικαιοπραγεῖν
579 3442 630 3507 uui
645 3443 760 3518 δικαίως
768 3444 924 3527 numia,
940 3437 1061 3528 socero
1072 3444 1154 3529 jus,
1166 3441 1397 3531 facetosum,
1413 3439 1534 3525 facere

348 3547 454 3636 juste.
477 3550 621 3617 Possunt
634 3562 671 3617 et
692 3553 771 3619 haec
795 3553 837 3620 ad
857 3556 957 3622 verbu
976 3554 1137 3622 Marciani
1157 3554 1169 3590 ⁸
1190 3554 1233 3621 de
1241 3546 1377 3640 judiciis
1389 3547 1533 3637 publicis

359 3660 487 3745 optari,
506 3675 547 3727 ut
567 3661 712 3729 dicemus
731 3665 827 3734 mesu
844 3690 874 3735 u
895 3668 1035 3751 πράττειν
1055 3680 1128 3731 enm
1151 3659 1327 3749 qulcmu,
1349 3668 1456 3733 mmo
1471 3662 1532 3745 qul
1615 3667 1619 3673 ’

358 3776 616 3860 impunitum
635 3778 773 3861 πράττειν
790 3792 868 3841 eum
881 3776 940 3859 qui
947 3780 1116 3864 proposito
1129 3774 1302 3859 delinquit.
1327 3774 1413 3840 Dico
1431 3772 1532 3859 iginn

358 3902 421 3952 nos
432 3904 507 3951 cum
524 3884 558 3950 in
569 3887 664 3953 hoste
675 3886 826 3971 injuriam
838 3886 1035 3970 requirimus
1048 3888 1143 3953 etiam
1156 3906 1224 3954 eam
1239 3884 1532 3970 comprehendere,

359 4016 444 4081 quae
472 3997 659 4065 voluntarie
689 4016 755 4064 non
778 3996 853 4063 ilat:
891 3998 982 4082 quod
1004 4000 1067 4065 hoc
1100 3997 1200 4064 modo
1229 3994 1437 4065 manifestum
1459 3994 1532 4063 erit.

392 4339 511 4391 ιΤΙιιιιιι.
537 4355 642 4404 unq.
662 4354 806 4406 sotrum
841 4339 935 4392 ¹udl.
955 4342 1325 4406 t.c.turdevi.[c.8.4.]
1360 4339 1407 4391 ⁸1.
1427 4340 1530 4391 umet

357 4434 508 4495 quadrupes.
527 4432 571 4497 [D.
587 4446 614 4495 9.
635 4433 669 4497 ι.]
704 4431 750 4483 ⁸1.
767 4435 813 4483 teti
829 4432 886 4483 etsi.
904 4436 926 4493 ς.
947 4447 968 4484 ι.
986 4433 1012 4484 Ι.
1027 4436 1060 4485 ad
1073 4436 1092 4483 l.
1108 4433 1194 4496 aquil.
1205 4432 1250 4496 [D.
1262 4444 1289 4496 9.
1306 4433 1375 4495 nn]
1410 4432 1458 4483 ⁸1.
1472 4442 1530 4494 per·

357 4524 525 4605 traiciendum.
542 4525 565 4583 ς.
582 4525 747 4586 delinquitur.
762 4524 789 4573 n.
804 4524 953 4586 depende.
971 4524 1016 4589 [D.
1031 4526 1073 4587 48.
1092 4532 1131 4588 ru.
1152 4536 1189 4573 ιι.
1206 4524 1228 4586 §-
1246 4518 1282 4586 n]

1442 4842 1447 4851 t
