3450 5434
497 666 544 714 DE
567 665 663 734 June
688 663 872 711 annuunt.
897 664 977 711 CAP.
999 664 1079 712 v111.
1325 664 1384 729 109

255 822 304 889 Et
321 820 381 905 qui
402 820 597 905 respondet:

334 925 1332 1016 -ΜΜΜΜΜΜΜΜη,

211 1063 280 1108 non
312 1042 390 1108 satis
421 1042 514 1109 dicit.
560 1042 662 1107 Vetat
682 1040 769 1105 eninr
795 1041 859 1106 hoc
885 1039 937 1104 lex
969 1054 1002 1105 et
1030 1038 1162 1121 quidem
1185 1038 1388 1105 sanctissima

211 1169 368 1235 naturae,
396 1172 482 1235 quae
511 1151 638 1219 homini
661 1150 793 1217 homine
822 1149 960 1235 prodige
992 1149 1149 1216 utendum
1176 1164 1283 1235 negat
1329 1150 1388 1215 Se·

211 1283 292 1331 neca
312 1271 344 1328 ¹:
367 1268 468 1350 aequi
489 1264 628 1348 bonique
649 1275 780 1327 natura
801 1276 945 1349 parcere
976 1265 1077 1326 etiam
1112 1264 1256 1346 captiuis
1276 1261 1387 1346 jubet.

213 1376 348 1441 Hostem
374 1386 604 1461 pugnantem,
628 1372 739 1454 inquit
766 1373 942 1455 theologus
962 1368 995 1452 ²,
1018 1374 1193 1437 necessitas
1220 1371 1388 1461 deprimat

213 1506 278 1551 non
308 1484 474 1554 noluntas.
519 1484 616 1548 Sicut
643 1481 786 1547 bellanti
818 1495 850 1548 et
882 1485 1052 1547 resistenti
1083 1481 1245 1549 uiolentia
1276 1483 1388 1551 reddi·

214 1610 298 1679 tur,
329 1599 382 1662 ita
410 1598 564 1665 uictoriis
590 1608 688 1680 capto
721 1592 955 1659 misericordia
986 1591 1146 1673 debetur,
1176 1598 1323 1660 maxime
1352 1598 1389 1659 in

215 1728 278 1794 quo
307 1710 404 1794 pacis
432 1707 650 1792 perturbatio
686 1725 750 1770 non
770 1708 923 1770 timetur.
976 1703 1075 1770 Unde
1106 1718 1139 1769 et
1172 1704 1259 1787 apud
1289 1704 1391 1771 Euri·

214 1818 323 1903 pidem
353 1816 566 1901 Eurystheus
585 1819 597 1854 ⁸
616 1830 715 1901 negat
744 1834 843 1898 puras
874 1813 945 1881 fore
977 1815 1048 1899 ejus
1082 1834 1220 1897 manus,
1246 1814 1304 1898 qui
1326 1816 1389 1900 ipsi

214 1947 282 1997 non
304 1927 535 2012 parceret‚cui
558 1925 638 1992 belli
660 1924 793 1992 fortuna
814 1924 1027 2009 pepercisset.
1073 1926 1200 1993 Eodem
1224 1925 1293 1993 fere
1315 1929 1389 1995 loco

214 2030 374 2126 agricolas
405 2037 517 2105 heberi
550 2036 726 2119 convenit,
759 2036 896 2101 inermes
928 2035 1053 2103 scilicet
1084 2053 1117 2102 et
1148 2036 1207 2120 qui
1240 2052 1390 2121 patentes

215 2170 349 2234 campos
385 2148 570 2214 inhabitant
609 2148 780 2231 paratique
813 2162 892 2214 sunt
924 2146 1022 2213 armis
1054 2148 1178 2215 cedere.
1235 2149 1323 2214 Nam
1355 2150 1389 2217 in

215 2262 300 2328 istos
330 2278 488 2343 quorsum
520 2259 707 2340 saeviatur,
734 2278 810 2324 cum
833 2277 900 2325 non
924 2258 990 2325 sint
1013 2258 1090 2324 belli
1113 2280 1223 2342 mora,
1248 2261 1328 2342 sed,
1352 2275 1390 2327 ut

213 2373 323 2440 Pollio
345 2371 495 2451 dicebat,
518 2371 637 2454 praeda
657 2369 822 2436 victoris?
852 2370 960 2437 Aliud
983 2390 1060 2455 ergo
1084 2370 1165 2453 erit,
1189 2371 1217 2437 si
1240 2391 1306 2438 non
1330 2372 1390 2437 inr-

216 2482 326 2567 pedita
358 2481 558 2567 agricultura
590 2482 703 2548 hostes
733 2481 946 2548 redderentur
979 2480 1131 2549 fortiores
1161 2482 1186 2549 ⁴.
1230 2482 1277 2548 Et
1309 2484 1389 2549 haec

217 2594 351 2677 quidem
378 2593 420 2659 de
449 2590 591 2658 subditis
622 2592 728 2658 bonae
750 2566 939 2675 fidei,⁸hoc
962 2608 1012 2660 est
1034 2592 1092 2676 qui
1116 2595 1245 2676 culpam
1268 2595 1389 2661 nullam

216 2704 397 2787 admisere,
430 2704 517 2770 dicta
546 2718 658 2771 sunto.
710 2704 870 2791 Sapiens,
904 2719 943 2769 ut
975 2704 1063 2786 apud
1095 2704 1249 2769 Senecam
1278 2705 1291 2742 ⁸
1318 2720 1390 2787 est,

216 2819 322 2884 bostes
349 2816 496 2883 dimittit
521 2814 652 2897 salros,
675 2814 859 2902 aliquando
878 2818 979 2881 etiam
1000 2812 1178 2895 laudatos,
1202 2818 1232 2878 ri
1247 2816 1391 2880 honestis

215 2930 348 3009 causis,
373 2943 439 3014 pro
465 2923 557 3010 fide,
584 2942 650 3014 pro
674 2925 836 3011 foedere,
863 2939 929 3012 pro
953 2923 1112 2990 libertate
1132 2927 1169 2988 in
1191 2923 1312 2989 bellurn
1335 2946 1392 2991 ac-

217 3042 321 3104 cincti
352 3052 441 3105 sunt.
485 3038 572 3103 Nam
600 3052 756 3104 nocentes
787 3036 923 3103 omnino
954 3033 1113 3118 puniendi
1142 3048 1220 3103 sunt
1248 3054 1289 3101 ex
1320 3038 1392 3122 lege

218 3150 335 3233 quinta
353 3157 386 3215 ⁸:
417 3150 514 3234 cujus
545 3148 627 3234 legis
655 3149 711 3234 jus
740 3167 808 3215 non
837 3148 916 3213 item
942 3146 1030 3213 sicut
1051 3148 1187 3213 alterum
1211 3146 1295 3214 illud
1317 3168 1391 3215 cum

216 3260 357 3328 victoria
378 3276 504 3342 cessat,
536 3259 628 3342 quod
649 3258 756 3325 cuivis
777 3260 878 3342 paulo
898 3278 965 3325 rem
988 3256 1133 3341 penitius
1155 3257 1393 3341 introspicienti

219 3387 320 3455 patet.
362 3371 423 3438 Isti
455 3371 558 3456 igitur
589 3370 686 3437 etiam
717 3390 854 3454 corpore
883 3388 1021 3453 poenam
1050 3370 1162 3437 subire
1191 3370 1332 3453 debent,
1363 3372 1392 3437 si

217 3484 318 3551 modo
337 3482 495 3550 delictum
515 3484 579 3548 tale
598 3481 798 3565 supplicium
820 3482 997 3549 desiderat:
1023 3501 1088 3563 qua
1106 3480 1139 3546 in
1163 3501 1198 3547 re
1218 3500 1285 3548 non
1303 3482 1394 3549 aliud

220 3594 254 3661 in
283 3596 392 3673 bello,
423 3591 513 3660 aliud
537 3592 571 3659 in
591 3591 715 3659 forensi
736 3592 864 3678 judicio
883 3592 1091 3660 statuendum
1115 3606 1165 3659 est
1182 3593 1206 3658 ².
1251 3592 1394 3679 Egregie

220 3703 504 3771 Plato⁸hectenus
527 3704 561 3771 in
582 3705 670 3771 bello
693 3703 864 3771 dissidium
885 3703 1020 3787 probat,
1038 3706 1140 3787 μέχρις
1158 3701 1191 3771 oi
1209 3705 1246 3772 ba
1266 3709 1291 3773 oi
1310 3709 1395 3775 uictor

219 3820 440 3896 ἀναγκασθῶσιν
470 3820 524 3885 ὑπὸ
555 3824 612 3885 τῶν
636 3820 770 3885 civeniae
796 3818 965 3895 abnuebatur
990 3819 1086 3883 icitur
1112 3818 1200 3894 δίκην.
1232 3814 1345 3881 Donec
1367 3817 1396 3881 ii

221 3930 282 4011 qui
303 3925 461 4013 inculpa
477 3926 617 4010 fuerint
640 3939 809 4012 cogantur
830 3924 1083 4005 innocentibus,
1106 3928 1166 4011 qui
1182 3929 1315 4011 priores
1338 3926 1394 3991 ao-

221 4036 292 4103 lore
310 4035 425 4123 affecti
442 4049 545 4118 sunt,
571 4051 694 4123 poenas
722 4036 825 4102 luere.
872 4035 1041 4121 Gylippus
1062 4034 1096 4101 in
1117 4035 1263 4103 oratione
1282 4051 1394 4103 contra

228 4188 406 4201 ῌ

255 4278 265 4312 ¹
283 4280 315 4329 de
333 4282 408 4328 clem.
426 4280 444 4327 i.
465 4293 487 4329 r.
505 4293 529 4329 c.
550 4282 588 4329 ιθ.
622 4276 633 4312 ¹
651 4283 758 4341 August.
775 4282 808 4329 ad
824 4280 909 4330 Bonis.
927 4293 968 4342 ep.
989 4294 1010 4330 r.
1028 4282 1120 4331 citatur
1136 4282 1164 4331 in
1181 4295 1204 4331 e.
1222 4282 1287 4331 noli.
1306 4282 1394 4346 [Dect.

222 4370 293 4418 Grat.
315 4383 343 4430 p.
367 4382 391 4417 a.
416 4382 457 4427 aa.
484 4382 505 4419 1.
530 4371 566 4432 3.]
602 4368 731 4421 'Hersen
756 4371 809 4433 [vr.
837 4370 995 4435 1009.sqq.]
1031 4370 1139 4421 *wilte
1156 4373 1237 4422 Math.
1254 4373 1281 4422 in
1299 4386 1352 4436 req.
1371 4389 1395 4424 e.

221 4473 249 4521 p.
266 4474 291 4508 α.
324 4459 385 4509 ‘de
410 4462 520 4510 eleml.
541 4475 564 4510 1.
580 4474 605 4512 e.
622 4464 669 4511 uit.
701 4460 799 4513 ‘vica
815 4475 840 4511 n.
857 4462 900 4524 4⁶.
934 4458 1071 4513 'vienn
1088 4474 1131 4525 47.
1163 4462 1225 4514 ’ἀν
1251 4478 1304 4527 rep.
1327 4468 1344 4515 1.
1370 4480 1395 4527 z.

224 4551 263 4613 [r-
279 4563 341 4613 471·
355 4550 394 4613 b·]
