<?xml version="1.0" encoding="UTF-8"?>
<!DOCTYPE html PUBLIC "-//W3C//DTD XHTML 1.0 Transitional//EN"
    "http://www.w3.org/TR/xhtml1/DTD/xhtml1-transitional.dtd">
<html xmlns="http://www.w3.org/1999/xhtml" xml:lang="en" lang="en">
 <head>
  <title>
</title>
<meta http-equiv="Content-Type" content="text/html;charset=utf-8" />
  <meta name='ocr-system' content='tesseract 3.04.00' />
  <meta name='ocr-capabilities' content='ocr_page ocr_carea ocr_par ocr_line ocrx_word'/>
</head>
<body>
  <div class='ocr_page' id='page_1' title='image "./ledroitdeprised02hamagoog_0311.png"; bbox 0 0 3450 5434; ppageno 0'>
   <div class='ocr_carea' id='block_1_1' title="bbox 464 655 1343 736">
    <p class='ocr_par' dir='ltr' id='par_1_1' title="bbox 464 655 1343 736">
     <span class='ocr_line' id='line_1_1' title="bbox 464 655 1343 736; baseline 0 -21"><span class='ocrx_word' id='word_1_1' title='bbox 464 669 511 715; x_wconf 78' lang='lat' dir='ltr'>oa</span> <span class='ocrx_word' id='word_1_2' title='bbox 535 671 629 736; x_wconf 78' lang='lat' dir='ltr'>Juuc</span> <span class='ocrx_word' id='word_1_3' title='bbox 656 670 838 717; x_wconf 75' lang='lat' dir='ltr'>rannone.</span> <span class='ocrx_word' id='word_1_4' title='bbox 864 671 943 717; x_wconf 80' lang='lat' dir='ltr'>cnr.</span> <span class='ocrx_word' id='word_1_5' title='bbox 969 670 1049 716; x_wconf 89' lang='lat' dir='ltr'>x111.</span> <span class='ocrx_word' id='word_1_6' title='bbox 1280 655 1343 733; x_wconf 83' lang='lat'>289</span> 
     </span>
    </p>
   </div>
   <div class='ocr_carea' id='block_1_2' title="bbox 166 823 1342 2686">
    <p class='ocr_par' dir='ltr' id='par_1_2' title="bbox 166 823 1342 2686">
     <span class='ocr_line' id='line_1_2' title="bbox 166 823 1338 908; baseline 0 -19"><span class='ocrx_word' id='word_1_7' title='bbox 166 823 356 905; x_wconf 89' lang='lat' dir='ltr'>potuerint,</span> <span class='ocrx_word' id='word_1_8' title='bbox 377 823 474 906; x_wconf 86' lang='lat' dir='ltr'>jussu</span> <span class='ocrx_word' id='word_1_9' title='bbox 494 843 534 889; x_wconf 88' lang='lat' dir='ltr'>an</span> <span class='ocrx_word' id='word_1_10' title='bbox 555 823 684 908; x_wconf 88' lang='lat' dir='ltr'>injussu</span> <span class='ocrx_word' id='word_1_11' title='bbox 704 823 835 906; x_wconf 90' lang='lat' dir='ltr'>spoliati</span> <span class='ocrx_word' id='word_1_12' title='bbox 855 824 921 891; x_wconf 94' lang='lat' dir='ltr'>sint</span> <span class='ocrx_word' id='word_1_13' title='bbox 938 825 1083 907; x_wconf 90' lang='lat' dir='ltr'>ipsorum</span> <span class='ocrx_word' id='word_1_14' title='bbox 1096 823 1179 889; x_wconf 93' lang='lat' dir='ltr'>nihil</span> <span class='ocrx_word' id='word_1_15' title='bbox 1192 823 1338 889; x_wconf 89' lang='lat' dir='ltr'>interest.</span> 
     </span>
     <span class='ocr_line' id='line_1_3' title="bbox 166 934 1341 1019; baseline 0.002 -21"><span class='ocrx_word' id='word_1_16' title='bbox 166 934 346 1000; x_wconf 92' lang='lat' dir='ltr'>Distinctio</span> <span class='ocrx_word' id='word_1_17' title='bbox 368 937 447 1000; x_wconf 89' lang='lat' dir='ltr'>haec</span> <span class='ocrx_word' id='word_1_18' title='bbox 468 955 485 998; x_wconf 90' lang='lat' dir='ltr'>a</span> <span class='ocrx_word' id='word_1_19' title='bbox 506 950 621 1000; x_wconf 92' lang='lat' dir='ltr'>senatu</span> <span class='ocrx_word' id='word_1_20' title='bbox 642 935 904 1019; x_wconf 84' lang='lat' dir='ltr'>Carthaginiensi</span> <span class='ocrx_word' id='word_1_21' title='bbox 934 955 1000 1002; x_wconf 91' lang='lat' dir='ltr'>non</span> <span class='ocrx_word' id='word_1_22' title='bbox 1020 936 1226 1002; x_wconf 87' lang='lat' dir='ltr'>incommode</span> <span class='ocrx_word' id='word_1_23' title='bbox 1245 955 1341 1002; x_wconf 89' lang='lat' dir='ltr'>usur·</span> 
     </span>
     <span class='ocr_line' id='line_1_4' title="bbox 166 1046 1340 1129; baseline 0.002 -20"><span class='ocrx_word' id='word_1_24' title='bbox 166 1063 241 1129; x_wconf 89' lang='lat' dir='ltr'>pata</span> <span class='ocrx_word' id='word_1_25' title='bbox 265 1061 314 1112; x_wconf 89' lang='lat' dir='ltr'>est</span> <span class='ocrx_word' id='word_1_26' title='bbox 344 1046 500 1111; x_wconf 88' lang='lat' dir='ltr'>adversus</span> <span class='ocrx_word' id='word_1_27' title='bbox 530 1047 698 1112; x_wconf 90' lang='lat' dir='ltr'>Romanos</span> <span class='ocrx_word' id='word_1_28' title='bbox 726 1049 766 1113; x_wconf 91' lang='lat' dir='ltr'>de</span> <span class='ocrx_word' id='word_1_29' title='bbox 791 1047 967 1114; x_wconf 88' lang='lat' dir='ltr'>Annibalis</span> <span class='ocrx_word' id='word_1_30' title='bbox 995 1046 1081 1112; x_wconf 88' lang='lat' dir='ltr'>sacto</span> <span class='ocrx_word' id='word_1_31' title='bbox 1111 1046 1340 1128; x_wconf 87' lang='lat' dir='ltr'>inquirentes,</span> 
     </span>
     <span class='ocr_line' id='line_1_5' title="bbox 166 1156 1340 1241; baseline 0.001 -21"><span class='ocrx_word' id='word_1_32' title='bbox 166 1156 290 1238; x_wconf 93' lang='lat' dir='ltr'>quibus</span> <span class='ocrx_word' id='word_1_33' title='bbox 312 1175 413 1222; x_wconf 90' lang='lat' dir='ltr'>unum</span> <span class='ocrx_word' id='word_1_34' title='bbox 433 1177 450 1220; x_wconf 93' lang='lat' dir='ltr'>e</span> <span class='ocrx_word' id='word_1_35' title='bbox 472 1156 677 1239; x_wconf 91' lang='lat' dir='ltr'>principibus</span> <span class='ocrx_word' id='word_1_36' title='bbox 698 1158 817 1224; x_wconf 87' lang='lat' dir='ltr'>Poenis</span> <span class='ocrx_word' id='word_1_37' title='bbox 838 1158 883 1222; x_wconf 91' lang='lat' dir='ltr'>ita</span> <span class='ocrx_word' id='word_1_38' title='bbox 895 1157 1101 1241; x_wconf 91' lang='lat' dir='ltr'>respondisse</span> <span class='ocrx_word' id='word_1_39' title='bbox 1114 1157 1340 1241; x_wconf 87' lang='lat' dir='ltr'>accepimus¹:</span> 
     </span>
     <span class='ocr_line' id='line_1_6' title="bbox 166 1267 1342 1353; baseline 0.002 -21"><span class='ocrx_word' id='word_1_40' title='bbox 166 1267 240 1353; x_wconf 87' lang='lat' dir='ltr'>Ego</span> <span class='ocrx_word' id='word_1_41' title='bbox 272 1283 379 1333; x_wconf 89' lang='lat' dir='ltr'>autem</span> <span class='ocrx_word' id='word_1_42' title='bbox 406 1287 472 1333; x_wconf 91' lang='lat' dir='ltr'>non</span> <span class='ocrx_word' id='word_1_43' title='bbox 496 1267 625 1350; x_wconf 91' lang='lat' dir='ltr'>privato</span> <span class='ocrx_word' id='word_1_44' title='bbox 649 1269 826 1351; x_wconf 92' lang='lat' dir='ltr'>publicone</span> <span class='ocrx_word' id='word_1_45' title='bbox 847 1269 985 1336; x_wconf 89' lang='lat' dir='ltr'>consilio</span> <span class='ocrx_word' id='word_1_46' title='bbox 1010 1270 1191 1353; x_wconf 84' lang='lat' dir='ltr'>Saguntum</span> <span class='ocrx_word' id='word_1_47' title='bbox 1214 1289 1342 1352; x_wconf 91' lang='lat' dir='ltr'>oppug-</span> 
     </span>
     <span class='ocr_line' id='line_1_7' title="bbox 167 1378 1341 1466; baseline 0.001 -22"><span class='ocrx_word' id='word_1_48' title='bbox 167 1395 279 1444; x_wconf 88' lang='lat' dir='ltr'>natum</span> <span class='ocrx_word' id='word_1_49' title='bbox 312 1378 377 1459; x_wconf 90' lang='lat' dir='ltr'>sit,</span> <span class='ocrx_word' id='word_1_50' title='bbox 402 1380 620 1460; x_wconf 91' lang='lat' dir='ltr'>quaerendum</span> <span class='ocrx_word' id='word_1_51' title='bbox 646 1399 786 1460; x_wconf 92' lang='lat' dir='ltr'>censeo,</span> <span class='ocrx_word' id='word_1_52' title='bbox 810 1381 867 1445; x_wconf 90' lang='lat' dir='ltr'>sed</span> <span class='ocrx_word' id='word_1_53' title='bbox 891 1394 1007 1446; x_wconf 83' lang='lat' dir='ltr'>utrum</span> <span class='ocrx_word' id='word_1_54' title='bbox 1023 1382 1107 1466; x_wconf 82' lang='lat' dir='ltr'>jure</span> <span class='ocrx_word' id='word_1_55' title='bbox 1130 1403 1175 1445; x_wconf 83' lang='lat' dir='ltr'>an</span> <span class='ocrx_word' id='word_1_56' title='bbox 1198 1381 1341 1465; x_wconf 77' lang='lat' dir='ltr'>injuria.</span> 
     </span>
     <span class='ocr_line' id='line_1_8' title="bbox 172 1490 1342 1576; baseline 0.002 -23"><span class='ocrx_word' id='word_1_57' title='bbox 172 1490 304 1553; x_wconf 86' lang='lat' dir='ltr'>Nostra</span> <span class='ocrx_word' id='word_1_58' title='bbox 324 1493 408 1553; x_wconf 79' lang='lat' dir='ltr'>enim</span> <span class='ocrx_word' id='word_1_59' title='bbox 432 1492 512 1555; x_wconf 84' lang='lat' dir='ltr'>haec</span> <span class='ocrx_word' id='word_1_60' title='bbox 528 1495 677 1575; x_wconf 80' lang='lat' dir='ltr'>quaestio</span> <span class='ocrx_word' id='word_1_61' title='bbox 699 1504 800 1576; x_wconf 79' lang='lat' dir='ltr'>atqua</span> <span class='ocrx_word' id='word_1_62' title='bbox 820 1491 1067 1556; x_wconf 80' lang='lat' dir='ltr'>animaduersio</span> <span class='ocrx_word' id='word_1_63' title='bbox 1090 1496 1126 1556; x_wconf 83' lang='lat' dir='ltr'>in</span> <span class='ocrx_word' id='word_1_64' title='bbox 1147 1495 1248 1558; x_wconf 79' lang='lat' dir='ltr'>ciuem</span> <span class='ocrx_word' id='word_1_65' title='bbox 1271 1512 1342 1555; x_wconf 84' lang='lat' dir='ltr'>nos-</span> 
     </span>
     <span class='ocr_line' id='line_1_9' title="bbox 171 1601 1341 1686; baseline 0.002 -22"><span class='ocrx_word' id='word_1_66' title='bbox 171 1615 262 1665; x_wconf 82' lang='lat' dir='ltr'>trum</span> <span class='ocrx_word' id='word_1_67' title='bbox 286 1615 356 1680; x_wconf 81' lang='lat' dir='ltr'>cst,</span> <span class='ocrx_word' id='word_1_68' title='bbox 381 1616 492 1665; x_wconf 85' lang='lat' dir='ltr'>nostro</span> <span class='ocrx_word' id='word_1_69' title='bbox 516 1623 561 1665; x_wconf 84' lang='lat' dir='ltr'>an</span> <span class='ocrx_word' id='word_1_70' title='bbox 584 1603 777 1686; x_wconf 78' lang='lat' dir='ltr'>confecerit</span> <span class='ocrx_word' id='word_1_71' title='bbox 799 1604 972 1667; x_wconf 84' lang='lat' dir='ltr'>arbitrio:</span> <span class='ocrx_word' id='word_1_72' title='bbox 997 1604 1160 1667; x_wconf 78' lang='lat' dir='ltr'>uobiscum</span> <span class='ocrx_word' id='word_1_73' title='bbox 1183 1624 1251 1667; x_wconf 82' lang='lat' dir='ltr'>una</span> <span class='ocrx_word' id='word_1_74' title='bbox 1275 1601 1341 1667; x_wconf 86' lang='lat' dir='ltr'>dis·</span> 
     </span>
     <span class='ocr_line' id='line_1_10' title="bbox 168 1711 1342 1801; baseline 0.005 -27"><span class='ocrx_word' id='word_1_75' title='bbox 168 1715 313 1797; x_wconf 76' lang='lat' dir='ltr'>captatio</span> <span class='ocrx_word' id='word_1_76' title='bbox 337 1726 406 1792; x_wconf 79' lang='lat' dir='ltr'>est,</span> <span class='ocrx_word' id='word_1_77' title='bbox 429 1711 607 1777; x_wconf 75' lang='lat' dir='ltr'>licueritne</span> <span class='ocrx_word' id='word_1_78' title='bbox 622 1727 686 1799; x_wconf 83' lang='lat' dir='ltr'>per</span> <span class='ocrx_word' id='word_1_79' title='bbox 704 1713 823 1794; x_wconf 79' lang='lat' dir='ltr'>foedus</span> <span class='ocrx_word' id='word_1_80' title='bbox 840 1711 930 1796; x_wconf 80' lang='lat' dir='ltr'>fieri.</span> <span class='ocrx_word' id='word_1_81' title='bbox 955 1715 1124 1801; x_wconf 89' lang='lat' dir='ltr'>Quantum</span> <span class='ocrx_word' id='word_1_82' title='bbox 1148 1715 1188 1779; x_wconf 86' lang='lat' dir='ltr'>ad</span> <span class='ocrx_word' id='word_1_83' title='bbox 1209 1713 1342 1780; x_wconf 88' lang='lat' dir='ltr'>Lusita·</span> 
     </span>
     <span class='ocr_line' id='line_1_11' title="bbox 167 1822 1342 1908; baseline 0.002 -20"><span class='ocrx_word' id='word_1_84' title='bbox 167 1842 229 1888; x_wconf 92' lang='lat' dir='ltr'>nos</span> <span class='ocrx_word' id='word_1_85' title='bbox 250 1823 373 1908; x_wconf 90' lang='lat' dir='ltr'>igitur,</span> <span class='ocrx_word' id='word_1_86' title='bbox 398 1823 492 1889; x_wconf 91' lang='lat' dir='ltr'>licuit</span> <span class='ocrx_word' id='word_1_87' title='bbox 514 1825 584 1888; x_wconf 91' lang='lat' dir='ltr'>sine</span> <span class='ocrx_word' id='word_1_88' title='bbox 603 1823 706 1889; x_wconf 91' lang='lat' dir='ltr'>dubio</span> <span class='ocrx_word' id='word_1_89' title='bbox 730 1824 821 1905; x_wconf 93' lang='lat' dir='ltr'>quod</span> <span class='ocrx_word' id='word_1_90' title='bbox 841 1822 963 1890; x_wconf 89' lang='lat' dir='ltr'>factum</span> <span class='ocrx_word' id='word_1_91' title='bbox 988 1840 1036 1890; x_wconf 91' lang='lat' dir='ltr'>est</span> <span class='ocrx_word' id='word_1_92' title='bbox 1055 1824 1173 1891; x_wconf 85' lang='lat' dir='ltr'>facere.</span> <span class='ocrx_word' id='word_1_93' title='bbox 1199 1824 1342 1890; x_wconf 88' lang='lat' dir='ltr'>Ordines</span> 
     </span>
     <span class='ocr_line' id='line_1_12' title="bbox 167 1935 1341 2019; baseline 0.002 -19"><span class='ocrx_word' id='word_1_94' title='bbox 167 1950 276 2000; x_wconf 87' lang='lat' dir='ltr'>autern</span> <span class='ocrx_word' id='word_1_95' title='bbox 289 1950 354 2000; x_wconf 90' lang='lat' dir='ltr'>tam</span> <span class='ocrx_word' id='word_1_96' title='bbox 366 1935 547 2015; x_wconf 86' lang='lat' dir='ltr'>foederati,</span> <span class='ocrx_word' id='word_1_97' title='bbox 561 1956 658 2017; x_wconf 91' lang='lat' dir='ltr'>quam</span> <span class='ocrx_word' id='word_1_98' title='bbox 673 1935 891 2016; x_wconf 89' lang='lat' dir='ltr'>Hollandiae,</span> <span class='ocrx_word' id='word_1_99' title='bbox 907 1937 947 2002; x_wconf 90' lang='lat' dir='ltr'>ad</span> <span class='ocrx_word' id='word_1_100' title='bbox 967 1956 1052 2018; x_wconf 93' lang='lat' dir='ltr'>quos</span> <span class='ocrx_word' id='word_1_101' title='bbox 1073 1940 1170 2002; x_wconf 88' lang='lat' dir='ltr'>altera</span> <span class='ocrx_word' id='word_1_102' title='bbox 1191 1937 1341 2019; x_wconf 84' lang='lat' dir='ltr'>quaestio</span> 
     </span>
     <span class='ocr_line' id='line_1_13' title="bbox 168 2046 1341 2134; baseline 0.003 -23"><span class='ocrx_word' id='word_1_103' title='bbox 168 2046 331 2128; x_wconf 79' lang='lat' dir='ltr'>pertinet,</span> <span class='ocrx_word' id='word_1_104' title='bbox 356 2047 502 2130; x_wconf 88' lang='lat' dir='ltr'>(tantum</span> <span class='ocrx_word' id='word_1_105' title='bbox 525 2047 617 2113; x_wconf 90' lang='lat' dir='ltr'>abest</span> <span class='ocrx_word' id='word_1_106' title='bbox 638 2062 676 2113; x_wconf 93' lang='lat' dir='ltr'>ut</span> <span class='ocrx_word' id='word_1_107' title='bbox 696 2046 820 2113; x_wconf 86' lang='lat' dir='ltr'>sactum</span> <span class='ocrx_word' id='word_1_108' title='bbox 844 2050 908 2112; x_wconf 94' lang='lat' dir='ltr'>hoc</span> <span class='ocrx_word' id='word_1_109' title='bbox 929 2047 1095 2114; x_wconf 89' lang='lat' dir='ltr'>societatis</span> <span class='ocrx_word' id='word_1_110' title='bbox 1113 2048 1242 2114; x_wconf 89' lang='lat' dir='ltr'>Indicae</span> <span class='ocrx_word' id='word_1_111' title='bbox 1255 2051 1341 2134; x_wconf 89' lang='lat' dir='ltr'>ejus-</span> 
     </span>
     <span class='ocr_line' id='line_1_14' title="bbox 168 2157 1341 2244; baseline 0.002 -22"><span class='ocrx_word' id='word_1_112' title='bbox 168 2179 233 2240; x_wconf 90' lang='lat' dir='ltr'>que</span> <span class='ocrx_word' id='word_1_113' title='bbox 263 2157 529 2224; x_wconf 90' lang='lat' dir='ltr'>administrorum</span> <span class='ocrx_word' id='word_1_114' title='bbox 561 2159 870 2244; x_wconf 89' lang='lat' dir='ltr'>condemnaverint)</span> <span class='ocrx_word' id='word_1_115' title='bbox 906 2179 970 2224; x_wconf 92' lang='lat' dir='ltr'>non</span> <span class='ocrx_word' id='word_1_116' title='bbox 1004 2175 1130 2226; x_wconf 92' lang='lat' dir='ltr'>tantum</span> <span class='ocrx_word' id='word_1_117' title='bbox 1166 2160 1341 2242; x_wconf 86' lang='lat' dir='ltr'>partitione</span> 
     </span>
     <span class='ocr_line' id='line_1_15' title="bbox 168 2268 1340 2354; baseline 0.003 -21"><span class='ocrx_word' id='word_1_118' title='bbox 168 2268 327 2351; x_wconf 83' lang='lat' dir='ltr'>praedae,</span> <span class='ocrx_word' id='word_1_119' title='bbox 361 2290 474 2334; x_wconf 91' lang='lat' dir='ltr'>verum</span> <span class='ocrx_word' id='word_1_120' title='bbox 504 2270 657 2353; x_wconf 89' lang='lat' dir='ltr'>praemiis</span> <span class='ocrx_word' id='word_1_121' title='bbox 680 2270 776 2335; x_wconf 89' lang='lat' dir='ltr'>etiam</span> <span class='ocrx_word' id='word_1_122' title='bbox 807 2285 840 2336; x_wconf 91' lang='lat' dir='ltr'>et</span> <span class='ocrx_word' id='word_1_123' title='bbox 862 2269 1045 2337; x_wconf 87' lang='lat' dir='ltr'>honoribus</span> <span class='ocrx_word' id='word_1_124' title='bbox 1067 2272 1340 2354; x_wconf 85' lang='lat' dir='ltr'>comprobarunt:</span> 
     </span>
     <span class='ocr_line' id='line_1_16' title="bbox 168 2380 1341 2464; baseline 0.003 -19"><span class='ocrx_word' id='word_1_125' title='bbox 168 2381 214 2445; x_wconf 88' lang='lat' dir='ltr'>ita</span> <span class='ocrx_word' id='word_1_126' title='bbox 247 2396 285 2445; x_wconf 92' lang='lat' dir='ltr'>ut</span> <span class='ocrx_word' id='word_1_127' title='bbox 319 2380 444 2447; x_wconf 89' lang='lat' dir='ltr'>etiamsi</span> <span class='ocrx_word' id='word_1_128' title='bbox 479 2382 665 2447; x_wconf 88' lang='lat' dir='ltr'>mandatum</span> <span class='ocrx_word' id='word_1_129' title='bbox 696 2401 763 2448; x_wconf 93' lang='lat' dir='ltr'>non</span> <span class='ocrx_word' id='word_1_130' title='bbox 797 2381 981 2464; x_wconf 86' lang='lat' dir='ltr'>adfuisset,</span> <span class='ocrx_word' id='word_1_131' title='bbox 1016 2382 1043 2448; x_wconf 92' lang='lat' dir='ltr'>is</span> <span class='ocrx_word' id='word_1_132' title='bbox 1065 2399 1171 2448; x_wconf 89' lang='lat' dir='ltr'>tamen</span> <span class='ocrx_word' id='word_1_133' title='bbox 1195 2381 1341 2448; x_wconf 87' lang='lat' dir='ltr'>defectus</span> 
     </span>
     <span class='ocr_line' id='line_1_17' title="bbox 168 2491 1341 2586; baseline 0.002 -30"><span class='ocrx_word' id='word_1_134' title='bbox 168 2507 261 2575; x_wconf 85' lang='lat' dir='ltr'>gesto</span> <span class='ocrx_word' id='word_1_135' title='bbox 285 2491 409 2558; x_wconf 89' lang='lat' dir='ltr'>utiliter</span> <span class='ocrx_word' id='word_1_136' title='bbox 429 2493 563 2576; x_wconf 91' lang='lat' dir='ltr'>negotio</span> <span class='ocrx_word' id='word_1_137' title='bbox 586 2493 722 2575; x_wconf 94' lang='lat' dir='ltr'>publico</span> <span class='ocrx_word' id='word_1_138' title='bbox 742 2507 774 2557; x_wconf 91' lang='lat' dir='ltr'>et</span> <span class='ocrx_word' id='word_1_139' title='bbox 791 2493 885 2574; x_wconf 89' lang='lat' dir='ltr'>quasi</span> <span class='ocrx_word' id='word_1_140' title='bbox 898 2508 985 2559; x_wconf 91' lang='lat' dir='ltr'>retro</span> <span class='ocrx_word' id='word_1_141' title='bbox 998 2509 1098 2560; x_wconf 89' lang='lat' dir='ltr'>tracta</span> <span class='ocrx_word' id='word_1_142' title='bbox 1111 2493 1341 2586; x_wconf 86' lang='lat' dir='ltr'>ratihabitione</span> 
     </span>
     <span class='ocr_line' id='line_1_18' title="bbox 168 2604 1340 2686; baseline 0 -17"><span class='ocrx_word' id='word_1_143' title='bbox 168 2605 377 2685; x_wconf 88' lang='lat' dir='ltr'>suppleretur</span> <span class='ocrx_word' id='word_1_144' title='bbox 397 2607 408 2642; x_wconf 85' lang='lat'><em>²</em></span> <span class='ocrx_word' id='word_1_145' title='bbox 454 2604 575 2686; x_wconf 91' lang='lat' dir='ltr'>Neque</span> <span class='ocrx_word' id='word_1_146' title='bbox 597 2619 704 2670; x_wconf 89' lang='lat' dir='ltr'>tamen</span> <span class='ocrx_word' id='word_1_147' title='bbox 727 2624 840 2670; x_wconf 91' lang='lat' dir='ltr'>verum</span> <span class='ocrx_word' id='word_1_148' title='bbox 866 2619 999 2670; x_wconf 91' lang='lat' dir='ltr'>estnon</span> <span class='ocrx_word' id='word_1_149' title='bbox 1021 2605 1229 2671; x_wconf 90' lang='lat' dir='ltr'>antecessisse</span> <span class='ocrx_word' id='word_1_150' title='bbox 1251 2625 1340 2670; x_wconf 89' lang='lat' dir='ltr'>man-</span> 
     </span>
    </p>
   </div>
   <div class='ocr_carea' id='block_1_3' title="bbox 169 2714 1485 2799">
    <p class='ocr_par' dir='ltr' id='par_1_3' title="bbox 169 2714 1485 2799">
     <span class='ocr_line' id='line_1_19' title="bbox 169 2714 1485 2799; baseline 0.002 -20"><span class='ocrx_word' id='word_1_151' title='bbox 169 2714 291 2781; x_wconf 92' lang='lat' dir='ltr'>datum.</span> <span class='ocrx_word' id='word_1_152' title='bbox 337 2716 478 2781; x_wconf 91' lang='lat' dir='ltr'>Constat</span> <span class='ocrx_word' id='word_1_153' title='bbox 501 2715 586 2781; x_wconf 92' lang='lat' dir='ltr'>enim</span> <span class='ocrx_word' id='word_1_154' title='bbox 610 2732 642 2781; x_wconf 89' lang='lat' dir='ltr'>ct</span> <span class='ocrx_word' id='word_1_155' title='bbox 663 2716 794 2781; x_wconf 90' lang='lat' dir='ltr'>decreto</span> <span class='ocrx_word' id='word_1_156' title='bbox 816 2715 979 2780; x_wconf 91' lang='lat' dir='ltr'>Ordinum</span> <span class='ocrx_word' id='word_1_157' title='bbox 1005 2715 1200 2782; x_wconf 87' lang='lat' dir='ltr'>Hollandiac</span> <span class='ocrx_word' id='word_1_158' title='bbox 1222 2719 1340 2799; x_wconf 92' lang='lat' dir='ltr'>proba·</span> <span class='ocrx_word' id='word_1_159' title='bbox 1382 2726 1444 2771; x_wconf 72' lang='lat' dir='ltr'>Dato</span> <span class='ocrx_word' id='word_1_160' title='bbox 1466 2741 1485 2771; x_wconf 85' lang='lat'>1·</span> 
     </span>
    </p>
   </div>
   <div class='ocr_carea' id='block_1_4' title="bbox 169 2781 1485 2910">
    <p class='ocr_par' dir='ltr' id='par_1_4' title="bbox 169 2781 1485 2910">
     <span class='ocr_line' id='line_1_20' title="bbox 169 2781 1485 2910; baseline -0.024 3"><span class='ocrx_word' id='word_1_161' title='bbox 169 2844 246 2908; x_wconf 83' lang='lat' dir='ltr'>tur,</span> <span class='ocrx_word' id='word_1_162' title='bbox 269 2831 374 2893; x_wconf 90' lang='lat' dir='ltr'>multo</span> <span class='ocrx_word' id='word_1_163' title='bbox 393 2842 567 2909; x_wconf 73' lang='lat' dir='ltr'>antequam</span> <span class='ocrx_word' id='word_1_164' title='bbox 591 2826 854 2910; x_wconf 89' lang='lat' dir='ltr'>proficisceretur</span> <span class='ocrx_word' id='word_1_165' title='bbox 878 2826 1134 2893; x_wconf 87' lang='lat' dir='ltr'>Hemskerckius</span> <span class='ocrx_word' id='word_1_166' title='bbox 1158 2827 1340 2893; x_wconf 86' lang='lat' dir='ltr'>admonitos</span> <span class='ocrx_word' id='word_1_167' title='bbox 1354 2781 1485 2841; x_wconf 45' lang='lat' dir='ltr'>smmi</span> 
     </span>
    </p>
   </div>
   <div class='ocr_carea' id='block_1_5' title="bbox 168 2937 1500 4247">
    <p class='ocr_par' dir='ltr' id='par_1_5' title="bbox 168 2937 1500 4247">
     <span class='ocr_line' id='line_1_21' title="bbox 168 2937 1341 3021; baseline 0 -17"><span class='ocrx_word' id='word_1_168' title='bbox 168 2940 208 3004; x_wconf 89' lang='lat' dir='ltr'>ab</span> <span class='ocrx_word' id='word_1_169' title='bbox 233 2938 416 3004; x_wconf 90' lang='lat' dir='ltr'>Ordinibus</span> <span class='ocrx_word' id='word_1_170' title='bbox 438 2938 568 3004; x_wconf 90' lang='lat' dir='ltr'>Indicae</span> <span class='ocrx_word' id='word_1_171' title='bbox 599 2937 765 3004; x_wconf 84' lang='lat' dir='ltr'>societatis</span> <span class='ocrx_word' id='word_1_172' title='bbox 796 2937 1022 3021; x_wconf 89' lang='lat' dir='ltr'>praepositos,</span> <span class='ocrx_word' id='word_1_173' title='bbox 1051 2958 1136 3021; x_wconf 89' lang='lat' dir='ltr'>opus</span> <span class='ocrx_word' id='word_1_174' title='bbox 1168 2958 1238 3004; x_wconf 90' lang='lat' dir='ltr'>esse</span> <span class='ocrx_word' id='word_1_175' title='bbox 1262 2937 1341 3021; x_wconf 94' lang='lat' dir='ltr'>ipsis</span> 
     </span>
     <span class='ocr_line' id='line_1_22' title="bbox 169 3049 1341 3136; baseline -0.002 -20"><span class='ocrx_word' id='word_1_176' title='bbox 169 3051 210 3116; x_wconf 94' lang='lat' dir='ltr'>ad</span> <span class='ocrx_word' id='word_1_177' title='bbox 242 3050 473 3136; x_wconf 86' lang='lat' dir='ltr'>negotiationis</span> <span class='ocrx_word' id='word_1_178' title='bbox 505 3070 583 3116; x_wconf 90' lang='lat' dir='ltr'>suae</span> <span class='ocrx_word' id='word_1_179' title='bbox 615 3052 749 3115; x_wconf 89' lang='lat' dir='ltr'>tutelam</span> <span class='ocrx_word' id='word_1_180' title='bbox 776 3050 820 3115; x_wconf 89' lang='lat' dir='ltr'>ita</span> <span class='ocrx_word' id='word_1_181' title='bbox 840 3071 875 3115; x_wconf 90' lang='lat' dir='ltr'>se</span> <span class='ocrx_word' id='word_1_182' title='bbox 900 3069 1095 3132; x_wconf 90' lang='lat' dir='ltr'>componere</span> <span class='ocrx_word' id='word_1_183' title='bbox 1117 3065 1149 3114; x_wconf 92' lang='lat' dir='ltr'>et</span> <span class='ocrx_word' id='word_1_184' title='bbox 1172 3050 1268 3117; x_wconf 89' lang='lat' dir='ltr'>armis</span> <span class='ocrx_word' id='word_1_185' title='bbox 1291 3049 1341 3114; x_wconf 90' lang='lat' dir='ltr'>in-</span> 
     </span>
     <span class='ocr_line' id='line_1_23' title="bbox 169 3160 1341 3244; baseline -0.001 -17"><span class='ocrx_word' id='word_1_186' title='bbox 169 3178 316 3244; x_wconf 89' lang='lat' dir='ltr'>struere,</span> <span class='ocrx_word' id='word_1_187' title='bbox 342 3179 379 3228; x_wconf 92' lang='lat' dir='ltr'>ut</span> <span class='ocrx_word' id='word_1_188' title='bbox 400 3183 466 3228; x_wconf 94' lang='lat' dir='ltr'>non</span> <span class='ocrx_word' id='word_1_189' title='bbox 489 3177 613 3227; x_wconf 85' lang='lat' dir='ltr'>tantum</span> <span class='ocrx_word' id='word_1_190' title='bbox 631 3175 767 3244; x_wconf 87' lang='lat' dir='ltr'>possent</span> <span class='ocrx_word' id='word_1_191' title='bbox 786 3160 923 3227; x_wconf 87' lang='lat' dir='ltr'>hostiles</span> <span class='ocrx_word' id='word_1_192' title='bbox 945 3160 1178 3227; x_wconf 89' lang='lat' dir='ltr'>Lusitanorum</span> <span class='ocrx_word' id='word_1_193' title='bbox 1203 3177 1341 3227; x_wconf 90' lang='lat' dir='ltr'>conatus</span> 
     </span>
     <span class='ocr_line' id='line_1_24' title="bbox 170 3271 1339 3356; baseline -0.001 -17"><span class='ocrx_word' id='word_1_194' title='bbox 170 3294 302 3356; x_wconf 88' lang='lat' dir='ltr'>arcere,</span> <span class='ocrx_word' id='word_1_195' title='bbox 324 3294 437 3340; x_wconf 88' lang='lat' dir='ltr'>verum</span> <span class='ocrx_word' id='word_1_196' title='bbox 460 3273 542 3356; x_wconf 91' lang='lat' dir='ltr'>ipsis</span> <span class='ocrx_word' id='word_1_197' title='bbox 563 3275 650 3338; x_wconf 92' lang='lat' dir='ltr'>ultro</span> <span class='ocrx_word' id='word_1_198' title='bbox 673 3272 793 3337; x_wconf 89' lang='lat' dir='ltr'>bellum</span> <span class='ocrx_word' id='word_1_199' title='bbox 818 3271 950 3338; x_wconf 89' lang='lat' dir='ltr'>inferre.</span> <span class='ocrx_word' id='word_1_200' title='bbox 973 3273 1023 3337; x_wconf 88' lang='lat' dir='ltr'>En</span> <span class='ocrx_word' id='word_1_201' title='bbox 1041 3271 1142 3356; x_wconf 91' lang='lat' dir='ltr'>igitur</span> <span class='ocrx_word' id='word_1_202' title='bbox 1153 3274 1339 3338; x_wconf 86' lang='lat' dir='ltr'>mandatum</span> 
     </span>
     <span class='ocr_line' id='line_1_25' title="bbox 169 3383 1339 3469; baseline 0 -19"><span class='ocrx_word' id='word_1_203' title='bbox 169 3386 310 3467; x_wconf 89' lang='lat' dir='ltr'>supremi</span> <span class='ocrx_word' id='word_1_204' title='bbox 334 3385 560 3469; x_wconf 86' lang='lat' dir='ltr'>magistratus,</span> <span class='ocrx_word' id='word_1_205' title='bbox 584 3383 676 3466; x_wconf 90' lang='lat' dir='ltr'>quod</span> <span class='ocrx_word' id='word_1_206' title='bbox 696 3386 811 3467; x_wconf 89' lang='lat' dir='ltr'>procul</span> <span class='ocrx_word' id='word_1_207' title='bbox 834 3383 937 3449; x_wconf 91' lang='lat' dir='ltr'>dubio</span> <span class='ocrx_word' id='word_1_208' title='bbox 951 3383 1218 3451; x_wconf 87' lang='lat' dir='ltr'>sufficeredebet.</span> <span class='ocrx_word' id='word_1_209' title='bbox 1244 3384 1339 3450; x_wconf 92' lang='lat' dir='ltr'>Nihil</span> 
     </span>
     <span class='ocr_line' id='line_1_26' title="bbox 169 3495 1339 3578; baseline -0.002 -15"><span class='ocrx_word' id='word_1_210' title='bbox 169 3511 277 3563; x_wconf 90' lang='lat' dir='ltr'>autem</span> <span class='ocrx_word' id='word_1_211' title='bbox 299 3495 428 3562; x_wconf 84' lang='lat' dir='ltr'>facilius</span> <span class='ocrx_word' id='word_1_212' title='bbox 455 3495 520 3561; x_wconf 84' lang='lat' dir='ltr'>fuit</span> <span class='ocrx_word' id='word_1_213' title='bbox 543 3516 663 3577; x_wconf 85' lang='lat' dir='ltr'>quarn,</span> <span class='ocrx_word' id='word_1_214' title='bbox 688 3495 715 3560; x_wconf 91' lang='lat' dir='ltr'>si</span> <span class='ocrx_word' id='word_1_215' title='bbox 737 3515 821 3578; x_wconf 94' lang='lat' dir='ltr'>opus</span> <span class='ocrx_word' id='word_1_216' title='bbox 849 3495 1037 3576; x_wconf 89' lang='lat' dir='ltr'>videretur,</span> <span class='ocrx_word' id='word_1_217' title='bbox 1062 3513 1188 3578; x_wconf 89' lang='lat' dir='ltr'>praeter</span> <span class='ocrx_word' id='word_1_218' title='bbox 1209 3497 1339 3561; x_wconf 90' lang='lat' dir='ltr'>manda·</span> 
     </span>
     <span class='ocr_line' id='line_1_27' title="bbox 168 3606 1340 3690; baseline 0 -17"><span class='ocrx_word' id='word_1_219' title='bbox 168 3623 239 3674; x_wconf 92' lang='lat' dir='ltr'>tum</span> <span class='ocrx_word' id='word_1_220' title='bbox 272 3610 359 3690; x_wconf 86' lang='lat' dir='ltr'>hoc,</span> <span class='ocrx_word' id='word_1_221' title='bbox 394 3606 565 3673; x_wconf 91' lang='lat' dir='ltr'>codicillos</span> <span class='ocrx_word' id='word_1_222' title='bbox 597 3626 671 3671; x_wconf 90' lang='lat' dir='ltr'>cum</span> <span class='ocrx_word' id='word_1_223' title='bbox 711 3606 908 3689; x_wconf 87' lang='lat' dir='ltr'>amplissima</span> <span class='ocrx_word' id='word_1_224' title='bbox 942 3607 1039 3672; x_wconf 91' lang='lat' dir='ltr'>etiam</span> <span class='ocrx_word' id='word_1_225' title='bbox 1070 3623 1231 3689; x_wconf 88' lang='lat' dir='ltr'>potestate</span> <span class='ocrx_word' id='word_1_226' title='bbox 1263 3607 1340 3673; x_wconf 91' lang='lat' dir='ltr'>belli</span> 
     </span>
     <span class='ocr_line' id='line_1_28' title="bbox 169 3717 1339 3804; baseline -0.001 -19"><span class='ocrx_word' id='word_1_227' title='bbox 169 3720 303 3802; x_wconf 89' lang='lat' dir='ltr'>publice</span> <span class='ocrx_word' id='word_1_228' title='bbox 331 3718 485 3804; x_wconf 89' lang='lat' dir='ltr'>gerendi,</span> <span class='ocrx_word' id='word_1_229' title='bbox 510 3718 569 3800; x_wconf 92' lang='lat' dir='ltr'>qui</span> <span class='ocrx_word' id='word_1_230' title='bbox 598 3717 720 3783; x_wconf 90' lang='lat' dir='ltr'>nemini</span> <span class='ocrx_word' id='word_1_231' title='bbox 743 3717 852 3802; x_wconf 89' lang='lat' dir='ltr'>negari</span> <span class='ocrx_word' id='word_1_232' title='bbox 882 3720 1011 3796; x_wconf 91' lang='lat' dir='ltr'>solent,</span> <span class='ocrx_word' id='word_1_233' title='bbox 1050 3718 1089 3782; x_wconf 90' lang='lat' dir='ltr'>ab</span> <span class='ocrx_word' id='word_1_234' title='bbox 1118 3718 1339 3784; x_wconf 85' lang='lat' dir='ltr'>illustrissimo</span> 
     </span>
     <span class='ocr_line' id='line_1_29' title="bbox 169 3827 1500 3912; baseline 0.003 -17"><span class='ocrx_word' id='word_1_235' title='bbox 169 3831 321 3912; x_wconf 88' lang='lat' dir='ltr'>Principe</span> <span class='ocrx_word' id='word_1_236' title='bbox 345 3830 505 3897; x_wconf 89' lang='lat' dir='ltr'>Mauritio</span> <span class='ocrx_word' id='word_1_237' title='bbox 536 3830 716 3912; x_wconf 88' lang='lat' dir='ltr'>impetrare.</span> <span class='ocrx_word' id='word_1_238' title='bbox 770 3830 836 3895; x_wconf 88' lang='lat' dir='ltr'>Sed</span> <span class='ocrx_word' id='word_1_239' title='bbox 865 3827 942 3895; x_wconf 92' lang='lat' dir='ltr'>alibi</span> <span class='ocrx_word' id='word_1_240' title='bbox 973 3847 1107 3910; x_wconf 90' lang='lat' dir='ltr'>quoque</span> <span class='ocrx_word' id='word_1_241' title='bbox 1138 3831 1340 3896; x_wconf 89' lang='lat' dir='ltr'>ostendimus</span> <span class='ocrx_word' id='word_1_242' title='bbox 1353 3852 1500 3912; x_wconf 66' lang='lat' dir='ltr'>inputem.</span> 
     </span>
     <span class='ocr_line' id='line_1_30' title="bbox 172 3940 1341 4024; baseline 0.001 -18"><span class='ocrx_word' id='word_1_243' title='bbox 172 3961 239 4006; x_wconf 88' lang='lat' dir='ltr'>earn</span> <span class='ocrx_word' id='word_1_244' title='bbox 261 3957 422 4024; x_wconf 89' lang='lat' dir='ltr'>perpetuo</span> <span class='ocrx_word' id='word_1_245' title='bbox 444 3940 548 4007; x_wconf 89' lang='lat' dir='ltr'>fuisse</span> <span class='ocrx_word' id='word_1_246' title='bbox 571 3941 767 4007; x_wconf 87' lang='lat' dir='ltr'>Batavorum</span> <span class='ocrx_word' id='word_1_247' title='bbox 790 3940 981 4020; x_wconf 80' lang='lat' dir='ltr'>lenitatem,</span> <span class='ocrx_word' id='word_1_248' title='bbox 999 3955 1036 4005; x_wconf 89' lang='lat' dir='ltr'>ut</span> <span class='ocrx_word' id='word_1_249' title='bbox 1052 3940 1216 4023; x_wconf 89' lang='lat' dir='ltr'>seposita,</span> <span class='ocrx_word' id='word_1_250' title='bbox 1231 3942 1341 4022; x_wconf 90' lang='lat' dir='ltr'>quoad</span> 
     </span>
     <span class='ocr_line' id='line_1_31' title="bbox 173 4051 1341 4137; baseline 0 -19"><span class='ocrx_word' id='word_1_251' title='bbox 173 4054 245 4137; x_wconf 83' lang='lat' dir='ltr'>ejus</span> <span class='ocrx_word' id='word_1_252' title='bbox 267 4052 339 4118; x_wconf 90' lang='lat' dir='ltr'>fieri</span> <span class='ocrx_word' id='word_1_253' title='bbox 367 4068 518 4136; x_wconf 88' lang='lat' dir='ltr'>poterat,</span> <span class='ocrx_word' id='word_1_254' title='bbox 541 4053 619 4118; x_wconf 92' lang='lat' dir='ltr'>belli</span> <span class='ocrx_word' id='word_1_255' title='bbox 641 4051 765 4135; x_wconf 92' lang='lat' dir='ltr'>publici</span> <span class='ocrx_word' id='word_1_256' title='bbox 789 4071 887 4118; x_wconf 91' lang='lat' dir='ltr'>causa</span> <span class='ocrx_word' id='word_1_257' title='bbox 909 4067 1034 4118; x_wconf 89' lang='lat' dir='ltr'>tantum</span> <span class='ocrx_word' id='word_1_258' title='bbox 1058 4053 1097 4117; x_wconf 88' lang='lat' dir='ltr'>ab</span> <span class='ocrx_word' id='word_1_259' title='bbox 1121 4051 1250 4137; x_wconf 90' lang='lat' dir='ltr'>injuriis</span> <span class='ocrx_word' id='word_1_260' title='bbox 1272 4053 1341 4118; x_wconf 90' lang='lat' dir='ltr'>Lu-</span> 
     </span>
     <span class='ocr_line' id='line_1_32' title="bbox 172 4162 1343 4247; baseline 0.001 -17"><span class='ocrx_word' id='word_1_261' title='bbox 172 4163 353 4230; x_wconf 88' lang='lat' dir='ltr'>sitanorum</span> <span class='ocrx_word' id='word_1_262' title='bbox 390 4165 455 4231; x_wconf 91' lang='lat' dir='ltr'>tuti</span> <span class='ocrx_word' id='word_1_263' title='bbox 487 4185 557 4231; x_wconf 88' lang='lat' dir='ltr'>esse</span> <span class='ocrx_word' id='word_1_264' title='bbox 587 4166 732 4247; x_wconf 91' lang='lat' dir='ltr'>vellent,</span> <span class='ocrx_word' id='word_1_265' title='bbox 763 4182 829 4229; x_wconf 89' lang='lat' dir='ltr'>non</span> <span class='ocrx_word' id='word_1_266' title='bbox 859 4162 924 4229; x_wconf 89' lang='lat' dir='ltr'>nisi</span> <span class='ocrx_word' id='word_1_267' title='bbox 953 4163 1144 4230; x_wconf 89' lang='lat' dir='ltr'>necessitate</span> <span class='ocrx_word' id='word_1_268' title='bbox 1169 4164 1282 4230; x_wconf 89' lang='lat' dir='ltr'>ultima</span> <span class='ocrx_word' id='word_1_269' title='bbox 1303 4164 1343 4231; x_wconf 90' lang='lat' dir='ltr'>ad</span> 
     </span>
    </p>
   </div>
   <div class='ocr_carea' id='block_1_6' title="bbox 169 4423 1343 4581">
    <p class='ocr_par' dir='ltr' id='par_1_6' title="bbox 169 4423 1343 4581">
     <span class='ocr_line' id='line_1_33' title="bbox 235 4423 1343 4490; baseline 0.003 -18"><span class='ocrx_word' id='word_1_270' title='bbox 235 4425 291 4472; x_wconf 89' lang='lat' dir='ltr'>Liv.</span> <span class='ocrx_word' id='word_1_271' title='bbox 318 4425 363 4474; x_wconf 88' lang='lat' dir='ltr'>lib.</span> <span class='ocrx_word' id='word_1_272' title='bbox 390 4439 430 4474; x_wconf 86' lang='lat' dir='ltr'>ar.</span> <span class='ocrx_word' id='word_1_273' title='bbox 458 4423 493 4489; x_wconf 89' lang='lat' dir='ltr'>[c.</span> <span class='ocrx_word' id='word_1_274' title='bbox 524 4426 573 4486; x_wconf 84' lang='lat'>18.]</span> <span class='ocrx_word' id='word_1_275' title='bbox 610 4423 662 4474; x_wconf 66' lang='lat' dir='ltr'>²c.</span> <span class='ocrx_word' id='word_1_276' title='bbox 689 4424 904 4473; x_wconf 82' lang='lat' dir='ltr'>ratihabitionem.</span> <span class='ocrx_word' id='word_1_277' title='bbox 922 4427 954 4474; x_wconf 89' lang='lat' dir='ltr'>de</span> <span class='ocrx_word' id='word_1_278' title='bbox 972 4427 1004 4474; x_wconf 88' lang='lat' dir='ltr'>R.</span> <span class='ocrx_word' id='word_1_279' title='bbox 1023 4427 1041 4474; x_wconf 92' lang='lat'>1.</span> <span class='ocrx_word' id='word_1_280' title='bbox 1068 4424 1095 4473; x_wconf 92' lang='lat' dir='ltr'>in</span> <span class='ocrx_word' id='word_1_281' title='bbox 1121 4425 1157 4474; x_wconf 83' lang='lat'>6⁰.</span> <span class='ocrx_word' id='word_1_282' title='bbox 1184 4425 1300 4490; x_wconf 86' lang='lat' dir='ltr'>[Decret.</span> <span class='ocrx_word' id='word_1_283' title='bbox 1317 4427 1343 4476; x_wconf 92' lang='lat' dir='ltr'>in</span> 
     </span>
     <span class='ocr_line' id='line_1_34' title="bbox 169 4515 381 4581; baseline 0.014 -18"><span class='ocrx_word' id='word_1_284' title='bbox 169 4515 208 4567; x_wconf 80' lang='lat'>6⁰.</span> <span class='ocrx_word' id='word_1_285' title='bbox 227 4531 250 4575; x_wconf 78' lang='lat'>5.</span> <span class='ocrx_word' id='word_1_286' title='bbox 270 4531 309 4566; x_wconf 84' lang='lat'>12.</span> <span class='ocrx_word' id='word_1_287' title='bbox 331 4517 381 4581; x_wconf 90' lang='lat'><em>10.]</em></span> 
     </span>
    </p>
   </div>
   <div class='ocr_carea' id='block_1_7' title="bbox 1151 4627 1189 4690">
    <p class='ocr_par' dir='ltr' id='par_1_7' title="bbox 1151 4627 1189 4690">
     <span class='ocr_line' id='line_1_35' title="bbox 1151 4627 1189 4690; baseline 0 0"><span class='ocrx_word' id='word_1_288' title='bbox 1151 4627 1189 4690; x_wconf 87' lang='lat'>¹9</span> 
     </span>
    </p>
   </div>
   <div class='ocr_carea' id='block_1_8' title="bbox 0 0 1730 5434">
    <p class='ocr_par' dir='ltr' id='par_1_8' title="bbox 0 0 1730 5434">
     <span class='ocr_line' id='line_1_36' title="bbox 0 0 1730 5434; baseline 0 0"><span class='ocrx_word' id='word_1_289' title='bbox 0 0 1730 5434; x_wconf 95' lang='lat' dir='ltr'> </span> 
     </span>
    </p>
   </div>
  </div>
 </body>
</html>
