3450 5434
504 641 668 713 onJuaa
693 643 880 694 tunsone.
906 643 988 694 car.
1013 645 1066 694 ιν.
1326 650 1370 711 47

198 797 321 866 ditores
344 799 376 866 in
400 801 560 868 bonomm
585 800 742 868 debitoris
764 800 1005 884 possessionem
1030 801 1117 867 mitti
1137 801 1310 882 videmus,
1334 816 1372 866 ut

198 911 264 976 illis
296 931 335 976 ex
363 911 477 978 iisdem
507 912 603 978 bonis
630 911 776 980 satisfiat.
823 912 910 977 Nam
941 926 980 979 ut
1002 912 1112 978 eadem
1135 912 1221 979 bona
1240 911 1371 996 publice

199 1022 334 1088 distrahi
356 1023 417 1088 sub
440 1025 531 1088 basta
551 1023 712 1105 debeant,
733 1041 793 1090 nec
814 1023 878 1089 nisi
898 1023 932 1089 in
953 1023 1136 1090 subsidium
1157 1023 1372 1091 creditoribus

198 1133 409 1214 addicantur,
432 1153 499 1201 non
520 1155 537 1200 a
555 1135 629 1217 jure
655 1134 799 1220 gentium
821 1135 879 1200 sed
901 1133 996 1200 civili
1018 1139 1027 1172 ¹
1050 1135 1165 1216 venit,
1188 1137 1285 1219 cujus
1300 1134 1372 1200 imi-

197 1243 278 1311 tatio
310 1245 406 1310 etiam
439 1245 472 1312 in
503 1244 701 1328 repressaliis
722 1241 733 1276 ¹
755 1261 882 1329 recepta
903 1261 965 1313 est.
991 1222 1085 1329 'Ipsa
1117 1261 1223 1313 autem
1256 1261 1372 1312 natura

198 1356 238 1421 ab
262 1375 324 1437 eo,
347 1377 405 1440 per
425 1375 521 1440 quem
541 1377 575 1423 re
598 1377 668 1422 mea
688 1376 806 1438 caten,
829 1358 1039 1424 tandumdem
1060 1378 1111 1424 me
1132 1357 1253 1440 quovis
1274 1357 1372 1424 modo

198 1467 340 1550 recipere
362 1467 545 1551 permittit,
569 1487 688 1551 resque
714 1488 752 1533 eo
781 1470 880 1535 modo
902 1483 1030 1552 recepta
1050 1468 1088 1534 iit
1107 1487 1201 1549 mea,
1224 1468 1317 1551 quod
1339 1484 1373 1535 et

199 1578 363 1663 theologis
386 1578 397 1613 ¹
420 1581 547 1663 placet:
580 1599 687 1662 neque
715 1600 796 1646 vero
817 1580 1009 1646 naturaliter
1030 1579 1100 1644 fieri
1121 1595 1232 1663 potest
1254 1594 1291 1645 ut
1313 1580 1373 1645 do-

199 1690 291 1755 minii
313 1709 441 1756 causam
464 1706 632 1774 praestet,
655 1691 715 1774 qui
735 1689 805 1775 ipse
829 1691 983 1758 dominus
1005 1711 1071 1757 non
1096 1691 1139 1757 sit
1159 1688 1195 1771 ⁴,
1214 1691 1305 1773 quod
1324 1706 1372 1756 ta·

199 1822 272 1867 men
306 1802 433 1886 legibus
464 1801 686 1869 introductum
719 1818 780 1870 est.
837 1804 941 1891 Quod
972 1802 999 1869 si
1028 1802 1123 1868 etiam
1146 1801 1263 1868 delicta
1286 1802 1373 1868 bello

199 1912 393 1980 ulciscamur
415 1921 453 1994 ⁸,
478 1929 604 1981 certum
628 1929 676 1980 est
698 1933 835 1998 poenam
866 1933 933 1980 non
967 1914 1001 1980 in
1026 1934 1162 1997 corpora
1191 1914 1372 1995 duntaxat,

199 2023 256 2090 sed
288 2025 322 2091 in
352 2024 525 2092 facultates
556 2025 650 2091 etiam
679 2026 799 2112 dirigi,
824 2045 908 2110 quae
932 2026 965 2092 in
988 2025 1179 2094 forensibus
1202 2024 1297 2092 etiam
1318 2026 1373 2110 ju·

198 2135 294 2202 diciis
325 2136 476 2220 injuriam
506 2155 603 2220 passo
637 2135 743 2204 addici
778 2142 885 2205 solent
906 2136 929 2206 ⁸.
974 2139 1074 2206 Ratio
1102 2153 1152 2204 est
1174 2137 1262 2221 apud
1285 2137 1373 2222 Try·

197 2246 357 2330 phonium
378 2248 411 2312 ⁷:
435 2248 528 2313 Nam
558 2248 644 2314 male
675 2253 814 2316 meritus
839 2249 993 2337 publice,
1017 2264 1055 2315 nt
1080 2249 1223 2336 exemplo
1236 2248 1316 2315 aliis
1329 2247 1376 2314 ad
1431 2231 1436 2238 ⁴

197 2358 398 2425 deterrenda
427 2358 592 2444 maleficia
617 2366 685 2442 sit,
708 2367 810 2426 etiam
833 2374 977 2449 egestate
1000 2361 1158 2427 laborare
1180 2361 1281 2429 debet.
1327 2360 1374 2426 Et

198 2473 263 2536 huc
285 2471 368 2538 illud
391 2471 531 2556 pertinet
555 2471 661 2538 Tullii
677 2477 712 2554 ⁸,
737 2487 774 2538 at
799 2495 903 2539 omnes
924 2477 1031 2540 animi
1052 2477 1225 2539 eruciatus
1247 2486 1280 2537 et
1300 2491 1373 2536 aar·

192 2587 287 2667 poris
306 2588 408 2650 etiam
428 2597 552 2671 egestas
569 2605 608 2649 ae
629 2583 824 2650 mendicitas
842 2598 1075 2670 consequatur.
1115 2583 1161 2650 Et
1180 2581 1310 2667 proprie
1327 2582 1373 2648 is·

197 2695 259 2759 tud
287 2695 327 2760 de
356 2695 504 2779 Lepido:
538 2693 650 2781 Atque
679 2694 737 2762 ille
760 2699 789 2760 si
811 2699 917 2760 armis
932 2699 1052 2781 positis
1073 2694 1113 2760 de
1131 2698 1168 2763 ni
1193 2693 1374 2759 damnatas

198 2819 301 2885 esset,
324 2825 385 2890 qao
414 2805 593 2892 injudicio
615 2821 706 2872 certe
725 2806 942 2891 defensionem
962 2826 1026 2871 non
1047 2806 1206 2886 haberet,
1230 2804 1373 2870 eamdem

196 2915 426 2982 calamitatem
457 2919 606 2984 subirent
628 2919 729 2984 liberi
748 2920 839 2984 bonis
854 2916 1050 3004 publicatis.
1098 2917 1218 2998 Deque
1238 2916 1372 2982 eodem:

200 3027 248 3092 Et
276 3033 306 3092 si
325 3026 456 3113 judicio
484 3028 659 3095 damnatas
682 3029 794 3096 eadem
808 3044 916 3117 poena
935 3032 1089 3114 seqnitur
1106 3032 1217 3108 cives,
1239 3031 1299 3113 qui
1313 3041 1374 3113 po·

198 3143 323 3204 tuimur
342 3138 482 3206 leniores
502 3162 566 3207 esse
588 3147 624 3207 in
646 3143 780 3208 hostes?

238 3249 300 3335 Jus
329 3265 436 3317 autem
469 3271 535 3317 rem
566 3252 757 3336 acquirendi
786 3251 940 3318 hostilem
963 3251 1034 3318 sive
1060 3252 1103 3317 ob
1124 3271 1215 3332 rem,
1239 3249 1309 3317 sive
1329 3251 1372 3316 ob

197 3361 345 3428 debitum
364 3363 502 3446 simplex
524 3379 580 3430 aut
602 3363 698 3432 etiam
720 3363 931 3448 poenarium,
955 3382 1022 3430 nou
1044 3362 1227 3429 necessario
1251 3363 1373 3428 bellum

233 3641 241 3676 ¹
260 3646 289 3694 C.
308 3647 339 3695 de
355 3643 411 3704 iure
429 3648 497 3695 dom.
514 3647 614 3707 impetr.
630 3658 678 3694 tot.
695 3645 735 3695 tir.
754 3645 796 3708 [C.
815 3648 838 3693 8.
857 3645 910 3708 sn]
945 3641 1039 3693 ’Baro
1057 3647 1089 3695 de
1106 3658 1215 3706 repress.
1228 3660 1253 3707 q.
1267 3660 1291 3709 9.
1304 3648 1335 3696 ad
1351 3658 1375 3704 s.

197 3733 502 3787 ⁸8i1v.inv.l·'urtum.
525 3751 550 3798 q.
576 3751 614 3800 19.
632 3749 664 3786 ex
683 3735 794 3798 [caerem
813 3735 923 3798 desunt]
957 3733 1080 3801 ⁴[Quam
1098 3738 1180 3797 legem
1200 3737 1304 3786 Grotius
1322 3739 1374 3785 hoc

198 3828 258 3876 loco
282 3828 414 3890 citaverit,
444 3842 492 3889 pro
516 3840 587 3878 certo
610 3829 731 3877 affirmare
750 3839 805 3876 non
826 3828 918 3876 audeo.
951 3828 1044 3875 cnuta
1060 3825 1087 3875 in
1104 3827 1217 3889 margine
1235 3830 1319 3877 lacera
1349 3839 1374 3876 et

198 3918 320 3968 versiculi
332 3919 405 3979 prior
420 3932 478 3980 pars
495 3921 577 3968 deleta
594 3932 646 3968 est:
664 3931 798 3980 supersunt
809 3930 907 3968 tantum
919 3920 970 3967 duo
982 3919 1077 3977 verba,
1095 3932 1151 3979 aeq.
1164 3920 1248 3981 dom,
1265 3917 1375 3968 utnobis

198 4011 231 4058 de
258 4010 334 4058 titulo
362 4021 471 4059 constet.
524 4012 701 4072 Allegavcrat,
732 4021 810 4071 puto,
833 4011 851 4058 l.
875 4009 987 4059 traditio.
1031 4009 1075 4072 [D.
1098 4022 1140 4070 41.
1167 4023 1189 4058 r.
1214 4009 1283 4072 ao.],
1311 4022 1375 4070 quae

198 4101 230 4148 ad
254 4100 404 4150 sententiam
429 4099 484 4158 eius
508 4101 723 4162 comprobandam
743 4101 818 4151 unice
842 4101 974 4164 pertinen]
1009 4099 1020 4132 ⁸
1043 4113 1076 4149 ex
1094 4102 1111 4148 l.
1137 4113 1160 4157 s.
1180 4100 1249 4149 Vlct.
1268 4102 1299 4150 de
1319 4097 1376 4158 lure

197 4191 269 4240 belli.
285 4203 310 4239 n.
331 4201 360 4254 19
378 4201 403 4239 et
422 4192 461 4248 56.
495 4191 585 4240 “Silta
603 4191 630 4240 iu
647 4205 673 4242 v.
690 4193 783 4240 Poena.
801 4195 814 4251 5
830 4203 854 4241 a.
872 4191 910 4241 lbi
926 4192 1040 4241 'l'ertium
1056 4205 1145 4252 genus.
1162 4191 1223 4239 iret.
1241 4191 1376 4241 deaction.

197 4281 254 4340 5in
272 4284 386 4344 duplum.
404 4282 436 4344 [1.
453 4297 479 4344 4.
497 4283 521 4332 6.
540 4286 553 4341 5
570 4282 623 4344 aa]
641 4293 667 4331 et
685 4285 718 4332 de
735 4284 806 4345 publ.
823 4281 877 4340 iud.
894 4287 907 4342 5
922 4283 984 4332 item
1002 4285 1044 4331 lex
1059 4283 1127 4346 Julia
1140 4285 1173 4332 de
1190 4280 1226 4331 vi.
1245 4282 1278 4345 [l.
1293 4283 1377 4344 418.

199 4377 212 4432 5
236 4374 271 4436 8.]
296 4377 313 4422 l.
339 4387 360 4422 r.
382 4373 409 4422 ff.
424 4375 456 4423 de
474 4372 534 4423 bon.
552 4375 634 4423 damn
651 4373 695 4436 [D.
708 4377 749 4436 48.
767 4375 821 4438 aa]
856 4371 903 4423 ⁷1.
919 4375 987 4423 bona
1003 4373 1075 4424 fides.
1091 4373 1117 4423 ff.
1134 4373 1255 4435 depositi.
1274 4374 1319 4437 [D.
1337 4375 1376 4423 16.

199 4477 223 4522 8·
242 4465 294 4527 sn]
328 4464 342 4498 ⁸
359 4465 435 4514 Catil.
450 4478 476 4526 4.
493 4465 530 4527 [c.
549 4477 572 4522 5·
587 4467 600 4524 5
618 4464 668 4528 ro]
704 4465 715 4497 ⁹
731 4465 813 4527 Epist.
828 4465 1278 4528 11.adBrut.[Pseudocic.adBrut.
1291 4478 1312 4515 r.
1323 4465 1374 4527 ra]

199 4555 221 4588 ¹⁰
238 4557 319 4619 Epist.
341 4571 379 4619 14.
395 4557 558 4621 [Pseudocic.
575 4559 606 4607 ad
619 4559 689 4608 Brut.
709 4571 730 4606 r.
752 4559 802 4621 rs.]
