3450 5434
500 626 548 679 ne
571 627 665 696 June
689 628 876 680 ruerunt.
901 626 983 679 cnr.
1005 628 1073 679 vm.
1324 628 1366 705 73

190 777 353 873 justitient
387 784 534 867 quaein
561 784 916 868 commutationum,
952 782 1037 853 inter
1069 798 1199 869 partes,
1227 783 1367 869 quaein

192 896 449 980 distributione,
472 918 492 963 a
512 912 586 966 toto
608 897 651 965 td
671 913 803 982 partes,
827 896 872 964 ita
891 897 976 965 hanc
993 919 1013 964 a
1030 897 1179 983 partibus
1200 900 1241 969 td
1260 915 1367 967 toturn

192 1008 382 1077 consistere
431 1007 576 1076 Primum
609 1008 712 1096 igitur
742 1010 835 1093 quod
867 1007 959 1094 dixi,
992 1009 1118 1096 justum
1152 1030 1194 1078 ne
1226 1011 1368 1080 subditis

192 1120 326 1205 quidem
347 1118 471 1189 beilum
494 1140 587 1204 esse,
609 1120 637 1189 si
656 1121 802 1206 ipsorum
818 1120 1117 1208 ntiorepugnev,
1140 1124 1368 1191 eamdemsen·

191 1232 328 1301 tentiam
359 1231 507 1320 theologi
529 1231 542 1274 2
565 1233 613 1299 sic
642 1230 801 1301 efferuntt
835 1227 1012 1321 Quidquid
1040 1256 1105 1301 nan
1138 1254 1180 1301 en
1206 1233 1275 1319 fide
1296 1250 1367 1319 est,

186 1356 362 1434 pacatum
383 1358 457 1411 erl:
478 1346 562 1411 maia
585 1359 636 1411 est
648 1344 734 1411 enim
744 1348 923 1431 voluntas,
948 1360 985 1414 ut
1005 1344 1121 1413 dicunt
1129 1346 1319 1415 scholastici
1331 1355 1365 1430 ⁸,

192 1474 278 1541 quae
300 1474 318 1523 t
339 1454 465 1524 ratione
488 1456 585 1523 etium
608 1471 732 1524 errante
754 1453 916 1527 dissentit.
960 1456 1059 1525 Tunc
1080 1472 1187 1525 autem
1210 1456 1367 1527 rariore·

191 1582 341 1653 pugnat,
370 1586 444 1634 cum
466 1563 567 1634 dictat
586 1567 715 1652 jussum
737 1567 936 1653 reipublicae
957 1583 1014 1635 tut
1034 1564 1243 1654 magistratus
1266 1568 1368 1636 etsie

191 1678 281 1765 leges
303 1676 458 1745 ordinum
480 1674 672 1747 inferiorum
694 1696 761 1747 non
783 1678 967 1747 consentire
990 1698 1064 1747 cnm
1087 1678 1291 1765 superiorum
1314 1700 1368 1749 or·

191 1788 304 1858 diuum
336 1789 489 1875 iegibus,
523 1805 555 1856 et
588 1804 828 1874 consequenter
849 1789 989 1878 injustas
1011 1810 1082 1859 esse
1104 1809 1162 1875 per
1183 1792 1288 1877 legem
1312 1792 1368 1859 de·

190 1901 305 1968 cimam
337 1899 486 1968 tertione
519 1899 611 1984 quod
641 1914 675 1969 et
704 1899 835 1988 regulae
866 1902 1070 1970 convincunt
1100 1902 1187 1969 unde
1220 1901 1367 1989 singulae

190 2014 280 2099 leges
310 2011 474 2082 oriuntur.
517 2008 652 2080 Tritum
683 2010 790 2096 iliud,
821 2012 927 2081 satius
956 2010 1029 2082 Deo
1052 2032 1162 2098 perere
1186 2034 1283 2097 quam
1306 2015 1368 2082 ho·

189 2121 336 2191 minibus
351 2123 389 2208 ⁴,
422 2120 514 2208 qnod
545 2122 585 2191 ad
616 2140 762 2192 nostram
792 2124 1048 2209 disputationem
1071 2120 1116 2194 itt
1139 2122 1269 2221 adaptet
1291 2144 1365 2193 cum

189 2237 340 2319 exemplo
371 2234 572 2304 Ambrosius
598 2235 630 2302 ‘r
669 2236 836 2327 Julianus
879 2232 1070 2324 imperator·
1103 2238 1254 2323 quanvis
1286 2248 1367 2304 esset

189 2360 348 2436 apostata
380 2346 500 2415 nainll
533 2360 646 2415 lamen
679 2345 738 2415 sni
770 2370 804 2415 ae
836 2346 1047 2415 Christianos
1076 2343 1224 2416 milites:
1247 2346 1367 2435 quibus

188 2480 263 2526 eam
291 2454 447 2527 dicein:
485 2455 668 2526 Producite
697 2463 802 2526 aciem
826 2474 892 2547 pra
922 2454 1108 2545 dn‘ensiane
1136 2456 1364 2545 reipublicae,
1401 2548 1404 2554 Ι

188 2564 382 2637 aledielanl
409 2574 465 2637 ei:
496 2590 570 2637 cnm
600 2581 713 2637 antem
740 2568 868 2637 diceret
894 2574 963 2639 eis:
997 2568 1180 2637 Pradncim
1208 2588 1308 2637 arma
1326 2574 1366 2637 in

192 2679 426 2765 Christianos,
465 2696 546 2748 inire
578 2680 798 2769 agnoscebant
828 2686 1030 2767 imperatum
1063 2679 1154 2746 coeli.
1209 2679 1301 2768 Quin
1333 2695 1368 2753 et

188 2789 450 2877 jurisconsulti·
477 2809 592 2861 omnes
621 2810 688 2859 non
718 2808 789 2858 esse
809 2790 1029 2858 obediendum
1060 2786 1174 2857 dicunt
1197 2790 1362 2876 Principi,

189 2920 299 2988 aquo
329 2902 536 2971 manifestum
569 2902 613 2971 sit
643 2902 679 2971 id
721 2898 813 2986 quod
841 2900 1001 2987 injustum
1035 2915 1086 2968 est
1112 2899 1273 2985 imperari.
1319 2902 1366 2970 Et

189 3012 224 3080 in
255 3012 426 3083 maleficiis
456 3014 618 3082 neminem
650 3013 803 3083 mandato
837 3011 985 3081 exeumi
1007 3015 1043 3096 l,
1077 3031 1152 3079 nam
1176 3026 1209 3080 et
1229 3010 1390 3089 domino¹

189 3124 358 3209 piraticam
391 3122 526 3194 facienti
554 3140 614 3193 aut
633 3122 740 3194 simile
762 3122 846 3210 quid
867 3122 1026 3210 injustum
1048 3138 1184 3208 utrum,
1205 3142 1274 3192 oon
1294 3124 1365 3193 sine

189 3254 295 3322 poem
325 3254 457 3305 serrum
489 3234 583 3305 dicto
614 3234 799 3305 tudientem
828 3252 901 3303 esse
922 3233 946 3305 ⁸.
990 3234 1036 3302 Et
1059 3234 1183 3303 Seneca
1203 3233 1238 3301 'r
1283 3234 1365 3304 Non

188 3352 275 3415 enlm
296 3362 359 3414 ani
378 3366 436 3415 nm
455 3353 565 3415 omnia
576 3346 699 3435 juleae
712 3362 903 3437 possumus,
926 3359 990 3413 ant
1007 3348 1045 3413 ln
1062 3348 1174 3413 omnia
1194 3350 1284 3418 serni
1300 3362 1365 3435 pn·

189 3474 266 3526 rere
290 3472 472 3548 coguntur.
516 3456 646 3526 Contra
679 3456 915 3547 rempublicam
934 3460 1105 3549 imperata
1127 3478 1191 3525 raon
1205 3459 1363 3545 faciant,

189 3569 278 3637 nulli
298 3568 417 3637 sceleri
437 3590 556 3637 manns
578 3567 840 3638 commodabant.
876 3568 983 3655 Supra
994 3564 1020 3605 ¹·
1030 3584 1138 3637 tutem
1158 3570 1363 3650 ostendent,

188 3700 275 3764 qtae
296 3682 384 3751 servi
407 3680 514 3751 estin
536 3677 731 3765 dominum,
755 3700 825 3748 eam
847 3696 919 3749 esse
941 3675 1056 3747 militis
1079 3680 1113 3747 in
1136 3680 1252 3749 ducem
1273 3694 1308 3748 et
1328 3680 1363 3749 in

220 3982 230 4020 ¹
248 3989 340 4035 summ.
365 3988 430 4050 Aug.
452 3984 479 4037 in
500 4002 527 4037 v.
548 3986 656 4037 Bellum.
673 4002 698 4037 ιι.
715 3988 739 4037 8.
772 3983 784 4021 ¹
800 3990 878 4038 Rom.
894 4000 932 4051 ¹4·
948 3998 988 4046 ns.
1006 3986 1074 4038 vict.
1091 4000 1117 4037 ιι.
1133 3997 1173 4047 ns.
1207 3984 1219 4021 ⁸
1235 3986 1326 4037 Thon.
1342 3997 1365 4037 ι.

188 4086 297 4139 nmio.
313 4086 360 4125 ter.
376 4076 845 4141 entier-demon.tnriitom.l.6.c.
856 4078 928 4141 n.[p.
944 4078 1158 4141 insonnem]
1173 4077 1184 4110 ⁴
1201 4078 1275 4129 nete.
1290 4089 1365 4141 ως).

186 4180 212 4217 t.
225 4166 249 4217 si
265 4166 393 4218 domiuus.
411 4167 502 4234 [Deci.
526 4168 596 4219 crte.
615 4180 643 4231 p.
660 4182 686 4219 n.
708 4182 747 4219 rr.
766 4182 789 4228 s.
802 4167 857 4233 an]
878 4170 977 4220 Etties.
993 4182 1017 4219 c.
1033 4170 1056 4218 1.
1071 4181 1109 4219 vr.
1128 4182 1150 4218 ι.
1183 4166 1195 4199 ⁸
1213 4180 1236 4217 c.
1251 4166 1364 4231 Jtrliennt

188 4256 279 4319 [nect.
296 4258 365 4308 Gret.
383 4273 409 4321 p.
423 4272 448 4309 n.
466 4272 505 4309 ιι.
519 4271 544 4318 s.
557 4260 612 4323 94]
638 4258 743 4322 ‘vtem
759 4272 783 4310 t.
802 4272 827 4310 a.
839 4273 866 4309 n.
883 4272 921 4309 12.
948 4256 994 4309 ²1.
1011 4272 1064 4308 non
1079 4261 1162 4309 solnm
1176 4258 1201 4320 ς
1215 4255 1365 4308 {immorer

184 4347 214 4395 11.
228 4350 262 4396 de
275 4346 376 4405 iniuriis
392 4350 448 4411 ets.
463 4348 581 4411 itemque
596 4350 632 4400 ib.
649 4349 694 4414 [n.
708 4362 751 4413 47.
767 4363 806 4400 ro.
823 4364 863 4401 ιι.
880 4354 902 4411 1.
919 4361 942 4410 s.
955 4362 980 4399 et
996 4348 1031 4414 s.]
1051 4349 1063 4383 ⁸
1079 4351 1098 4399 1.
1109 4362 1176 4399 seru.
1191 4362 1244 4399 non
1259 4346 1365 4399 inomn·

187 4436 213 4487 f.
227 4440 260 4487 de
275 4449 325 4487 ert.
339 4450 366 4487 et
383 4438 437 4489 obi.
454 4440 500 4503 [n.
519 4454 562 4504 44.
580 4452 605 4500 7.
623 4440 677 4505 eo]
696 4444 714 4491 1.
727 4443 761 4492 ed
774 4456 805 4491 ee
820 4454 893 4503 quoe.
905 4440 932 4491 ff.
949 4442 981 4491 ‹ie
994 4452 1046 4501 reg.
1061 4438 1109 4497 iur.
1130 4435 1174 4503 [D.
1189 4450 1228 4496 se.
1238 4450 1277 4499 ιγ.
1294 4436 1365 4505 rem]

187 4540 213 4578 et
225 4528 264 4577 ibi
280 4528 335 4579 Pet.
352 4529 440 4579 Faber.
474 4528 486 4564 i
503 4533 558 4581 sen.
573 4534 604 4582 de
622 4532 708 4581 benef.
726 4534 744 4581 1.
760 4545 784 4591 a.
801 4546 825 4581 c.
841 4544 883 4581 no.
917 4529 939 4564 ¹⁰
956 4533 981 4580 d.
998 4532 1015 4579 1.
1033 4542 1056 4579 c.
1072 4532 1095 4579 8.
