3450 5434
517 656 682 725 DuJuRu
707 655 893 704 PRAEDAE.
919 658 1001 705 CAP.
1026 658 1052 706 1.
1350 659 1371 722 5

196 830 251 883 tus
270 815 305 880 in
328 814 416 881 freto
438 813 689 897 Cincapuran0,
724 812 816 895 quod
845 813 981 879 alterum
1023 828 1073 879 est
1105 834 1217 881 eorum
1249 814 1370 896 quibus

196 926 338 993 discreta
360 926 556 1010 Taprobane
576 925 757 990 Malaccam
782 939 897 990 contra
922 923 1059 1008 aspicit,
1091 945 1206 993 navem
1238 925 1371 992 Lusita·

196 1039 303 1104 nicam
347 1039 417 1122 eJ'us
461 1037 611 1124 generis,
657 1055 733 1119 quas
768 1057 927 1102 caraccas
971 1052 1113 1116 vocant,
1161 1038 1370 1103 Catharinam

197 1149 353 1231 nomine,
378 1163 527 1215 onustam
548 1147 711 1214 mercibus
734 1147 834 1230 inque
853 1147 1053 1214 deditionem
1077 1163 1241 1232 coactam,
1266 1149 1371 1215 homi-

196 1261 293 1328 nibus
315 1259 458 1327 dimissis
481 1261 614 1327 domum
638 1259 824 1325 abduceret.
869 1259 1027 1326 Fecerant
1046 1259 1177 1343 quidem
1202 1275 1235 1326 et
1256 1260 1311 1327 alii
1334 1280 1371 1326 ac

196 1388 310 1457 postea
321 1371 470 1439 fecerunt
481 1372 569 1438 haud
580 1374 721 1438 multum
734 1371 967 1455 discrepantia,
989 1372 1048 1439 sed
1059 1372 1137 1456 quia
1149 1372 1238 1440 istud
1249 1370 1371 1439 factum

196 1484 310 1551 multis
337 1484 525 1551 nominibus
559 1483 796 1550 nobilissimum
830 1498 901 1566 est,
925 1482 999 1549 vice
1019 1483 1165 1549 omnium
1187 1484 1372 1567 quaestioni

195 1595 358 1682 subiicere
380 1595 529 1680 placuit,
555 1611 593 1662 ut
616 1615 684 1679 quo
708 1594 890 1661 examinato
910 1592 1007 1660 facile
1029 1610 1155 1660 caetera
1171 1595 1373 1680 judicentur.

241 1708 307 1774 Sed
329 1709 416 1775 hunc
437 1707 517 1774 mihi
540 1708 683 1774 laborem
704 1705 905 1792 aggredienti
928 1707 1100 1790 multiplex
1120 1706 1298 1790 disputatio
1316 1728 1372 1774 oc·
1385 1719 1490 1769 naon.

191 1820 319 1898 currit,
342 1839 408 1886 non
431 1839 498 1902 quo
520 1834 745 1904 argumentum
768 1839 825 1902 per
845 1838 880 1883 se
902 1818 991 1884 haud
1011 1818 1089 1884 satis
1109 1818 1296 1902 expeditum
1312 1819 1372 1899 sit,

198 1931 255 1999 sed
280 1931 545 1998 dissimilitudine
566 1930 807 2009 dubitantium,
832 1931 891 2015 qui
914 1929 1030 2015 partim
1054 1929 1211 2014 religione
1233 1931 1371 2014 quadam

198 2043 330 2110 adducti
363 2044 550 2127 approbare¹
572 2043 721 2126 praedam
749 2057 928 2124 verentur,
964 2042 1057 2125 quasi
1078 2041 1186 2109 minus
1207 2043 1280 2127 jure
1300 2063 1372 2126 par-

199 2169 263 2221 tam
285 2154 393 2240 atque,
403 2155 601 2240 legitimam:
625 2155 679 2220 alii
701 2155 741 2221 de
760 2157 833 2240 Jure
853 2171 920 2220 non
943 2153 1137 2239 ambigunt,
1161 2154 1219 2220 sed
1229 2155 1294 2220 hoe
1306 2175 1373 2251 me·

200 2281 291 2334 tuere
312 2266 492 2349 videntur,
516 2285 557 2333 ne
580 2267 636 2332 tali
657 2265 744 2332 facto
765 2267 870 2332 labem
894 2266 1036 2349 aliquam
1059 2264 1164 2331 famae
1184 2281 1372 2351 aspergant:

200 2377 319 2444 deinde
338 2377 437 2460 siqui
457 2391 557 2464 sunt,
571 2379 629 2462 qui
649 2396 710 2444 nec
733 2378 890 2461 aequitati
913 2397 1028 2444 causae
1048 2378 1222 2456 diffidunt,
1255 2397 1316 2444 nee
1338 2398 1373 2444 ea

199 2489 324 2556 ratione
351 2489 620 2558 existimationem
655 2510 747 2557 suam
779 2490 863 2558 laedi
883 2510 980 2573 posse
1002 2489 1212 2572 existimant,
1246 2488 1374 2571 aliquid

200 2616 305 2666 tamen
328 2601 567 2687 imaginantur,
584 2622 651 2685 quo
675 2603 804 2670 evenire
821 2603 927 2686 possit
946 2616 986 2668 ut
1003 2601 1066 2667 hoc
1088 2602 1212 2685 ipsum,
1236 2600 1328 2684 quod
1340 2601 1373 2667 in

200 2733 352 2797 praesens
381 2713 463 2779 utile
493 2729 525 2780 et
555 2719 790 2798 quaestuosum
813 2713 963 2792 videtur,
985 2714 1143 2797 jacturam
1163 2715 1315 2778 latentem
1342 2726 1374 2778 et

201 2826 353 2892 damnum
383 2846 495 2892 seeum
523 2828 636 2893 trahat.
682 2827 731 2891 Ita
761 2825 799 2891 fit
824 2840 862 2891 ut
884 2840 1051 2909 quotquot
1073 2839 1151 2891 sunt
1171 2822 1373 2907 disceptandi

202 2957 341 3023 genera,
374 2957 457 3020 quae
478 2938 566 3022 apud
588 2953 731 3004 oratores
755 2942 764 2976 ¹
788 2937 918 3004 tractari
938 2939 1066 3016 solent,
1086 2936 1140 3002 hic
1163 2934 1271 3002 omnia
1293 2954 1374 3000 con·

202 3064 341 3115 currant.
387 3049 460 3115 Nec
483 3050 568 3116 enim
587 3049 650 3116 hoe
671 3049 851 3129 duntaxat,
876 3064 1006 3116 rectene
1027 3068 1067 3116 an
1082 3055 1233 3132 perverse
1248 3045 1373 3112 factum

201 3161 267 3243 sit,
289 3161 381 3228 velut
401 3161 489 3245 apud
517 3161 661 3246 judicem
685 3162 873 3247 agitandum
897 3177 966 3241 est,
999 3161 1110 3228 sedin
1132 3159 1296 3227 laudando
1317 3173 1375 3224 aut

201 3273 441 3356 vituperando,
464 3293 598 3339 munere
617 3274 785 3356 censoris,
810 3274 986 3341 sumendae
1008 3288 1129 3357 partes,
1154 3287 1187 3338 et
1208 3271 1288 3355 quia
1308 3291 1374 3340 ma·

202 3401 260 3451 net
279 3385 429 3463 eccesie,
462 3403 543 3450 anne
566 3385 650 3451 idem
672 3386 763 3469 quod
784 3387 943 3452 hactenus
965 3384 1178 3463 factumest,
1212 3383 1245 3449 in
1266 3398 1374 3467 poste-

202 3516 273 3562 rum
295 3495 365 3562 fieri
387 3495 560 3580 expediat,
585 3497 758 3564 consilium
780 3513 911 3582 oportet
932 3497 1013 3564 dari.
1069 3497 1177 3563 Prima
1198 3495 1299 3581 igitur
1321 3497 1375 3580 iu·
1387 3531 1492 3579 Mum

203 3607 247 3674 ris
279 3608 339 3674 erit
358 3607 532 3692 quaestio,
569 3629 654 3693 quae
676 3624 873 3677 caeterarum
898 3608 1140 3693 quodammodo
1160 3606 1375 3693 praeiudicia-

203 3719 322 3786 lis‘est
368 3721 424 3786 Ad
446 3723 530 3787 hanc
543 3735 649 3788 autem
664 3721 720 3788 illa
742 3737 896 3801 naturae,
920 3741 1017 3804 quam
1038 3719 1220 3803 dixi,ratio
1243 3721 1297 3787 vel
1308 3739 1374 3785 ma-

204 3831 292 3898 xime
312 3831 465 3915 pertinet.
498 3832 581 3898 Nam
601 3833 649 3900 illi
670 3833 802 3917 quidem
826 3853 957 3917 operam
980 3832 1060 3898 mihi
1073 3820 1374 3915 luderei‘identur,

204 3943 262 4027 qui
282 3955 411 4010 resnou
433 3943 518 4011 inter
540 3943 629 4011 cives
651 3945 709 4011 sed
720 3947 862 4030 populos
881 3945 1028 4014 diversos
1041 3959 1171 4030 gestas,
1196 3943 1297 4026 idque
1308 3961 1375 4010 non

203 4075 284 4139 pace
306 4054 363 4120 sed
386 4056 496 4139 bello,
518 4077 557 4122 ex
588 4057 720 4141 scriptis
748 4056 908 4124 duntaxat
926 4057 1055 4142 legibus
1078 4056 1269 4142 dijudicant
1315 4054 1374 4120 Di-

204 4165 277 4232 onis
296 4167 392 4252 ejus,
417 4167 475 4251 qui
497 4169 702 4253 eloquentiae
723 4169 839 4236 merito
860 4169 1120 4254 Chrysostomus
1133 4167 1276 4245 dieitur,
1300 4166 1376 4232 niti-

205 4278 267 4344 dus
304 4294 353 4345 est
385 4279 418 4344 in
453 4281 536 4346 hanc
566 4301 631 4348 rem
663 4279 799 4348 loeus¹:
833 4293 889 4354 τῶν
920 4289 973 4366 μὲν
994 4283 1154 4366 ἐγγράφων
1176 4284 1254 4350 οὐδὲν
1271 4284 1301 4348 ἕν
1318 4291 1377 4356 τοῖς

204 4395 349 4472 πολεμίοις
370 4391 484 4476 iugales,
505 4397 547 4462 rai
567 4399 596 4464 tl
616 4395 661 4473 ἔθη
678 4396 868 4481 φυλάττεται
887 4399 969 4478 παρὰ
985 4401 1079 4467 πᾶσι,
1102 4394 1158 4461 κᾶν
1178 4396 1218 4467 εἰς
1246 4391 1378 4476 ἐσχάτην

241 4587 249 4620 ¹
267 4587 375 4653 Quintil.
390 4589 472 4638 Instit.
487 4604 551 4641 orat.
568 4595 584 4640 1.
604 4605 628 4650 3.
644 4607 666 4642 c.
684 4607 707 4654 4.
743 4590 755 4626 ²
771 4593 797 4642 in
815 4605 879 4642 orat.
895 4595 927 4642 de
940 4605 1004 4641 mor.
1021 4590 1059 4656 [p.
1076 4590 1134 4654 649.
1149 4602 1188 4640 vr.
1206 4587 1260 4653 an]
