3450 5434
373 642 433 719 148
700 655 748 702 on
771 654 865 721 June
892 651 1077 701 rannone.
1100 652 1180 699 cnr.
1205 653 1239 699 x.

368 810 529 876 bellorum
550 806 785 890 occupatione,
809 805 882 871 sive
902 806 936 871 in
957 806 1213 888 quibuscunque
1231 804 1313 872 locis
1332 806 1450 889 degere
1469 826 1548 871 nos-

369 934 501 986 cuntur.
548 918 682 984 Divisio
712 931 819 982 autem
850 917 929 982 haec
950 916 1127 982 calumnias
1148 916 1207 982 vix
1229 934 1382 997 umquam
1405 915 1547 999 effugit,

369 1050 436 1097 non
460 1030 538 1112 quia
568 1028 634 1095 dici
662 1042 792 1111 poterat
813 1026 848 1091 id
871 1026 979 1110 ipsum
1004 1026 1037 1092 in
1060 1041 1223 1110 potestate
1249 1026 1455 1109 imperatoris
1478 1046 1547 1093 non

370 1140 497 1221 fuisse,
530 1139 589 1207 scd
620 1138 713 1222 quasi
746 1137 898 1221 publicae
931 1139 979 1203 rei
1011 1137 1254 1220 dispensatione
1283 1136 1410 1219 privata
1443 1138 1549 1221 gratia

370 1265 562 1334 captaretur.
585 1250 702 1332 Itaque
722 1247 866 1313 accusati
887 1248 951 1313 hoc
971 1248 1102 1314 nomine
1123 1247 1304 1329 Servilius,
1328 1246 1546 1325 Coriolanus,

371 1361 533 1428 Camillus
561 1360 739 1441 aliique1,
771 1358 955 1425 utamicis
978 1372 1010 1423 et
1032 1358 1208 1424 clientibus
1241 1357 1312 1423 suis
1345 1356 1386 1423 de
1408 1358 1547 1440 publico

370 1472 555 1557 largientes.
578 1470 701 1553 Neque
719 1483 828 1535 tamen
844 1488 911 1534 non
931 1489 1054 1536 summa
1073 1468 1237 1535 interdurn
1255 1468 1402 1550 aequitas
1419 1468 1547 1547 aderat,

369 1583 416 1651 ἵνα
434 1588 459 1651 ol
477 1583 665 1666 συναράμενοι
686 1586 738 1649 τοῦ
765 1581 847 1664 ἔργον
872 1584 921 1649 τὸν
940 1589 997 1648 τῶν
1018 1583 1107 1649 πόνων
1134 1584 1243 1663 uuprlu
1264 1581 1450 1663 κομισάμενοι
1480 1606 1548 1662 προ-

369 1696 464 1772 θύμως
487 1693 536 1759 lori
557 1695 614 1765 riu
635 1691 735 1765 amu
756 1694 912 1772 στρατείας
931 1694 1098 1758 ἀπαντῶσιν
1116 1693 1148 1767 ²,
1172 1703 1210 1753 ut
1233 1693 1294 1773 qui
1315 1710 1348 1753 se
1370 1694 1462 1775 operi
1485 1689 1547 1755 ad-

370 1799 551 1882 diderant,
561 1802 691 1883 fructu
715 1799 841 1864 laboris
847 1811 1017 1883 percepto,
1039 1798 1087 1864 ad
1095 1797 1184 1863 alias
1193 1790 1415 1885 expeditiones
1428 1800 1547 1864 obeun-

371 1909 432 1976 clas
458 1908 581 1990 fierent
608 1912 823 1994 promtiores.
869 1906 1064 1991 Diripienda
1097 1908 1192 1972 etiam
1227 1908 1346 1991 praeda
1379 1908 1546 1976 interdum

372 2018 469 2085 militi
490 2038 644 2086 concessa
663 2020 698 2085 in
719 2018 933 2102 populatione
954 2032 1011 2085 aut
1030 2034 1107 2102 post
1127 2019 1283 2102 praelium
1305 2035 1362 2085 aut
1380 2036 1548 2104 expugna·

371 2130 517 2212 tionem,
549 2145 588 2196 ut
614 2130 709 2215 signo
737 2129 814 2195 dato
843 2128 1099 2196 discurreretura
1132 2131 1223 2211 quod
1242 2130 1386 2212 antiquis
1405 2131 1548 2197 saeculis

371 2238 498 2322 rarius,
518 2242 576 2308 scd
595 2256 704 2306 tamen
723 2254 927 2323 usurpatum.
973 2238 1169 2322 Exemplum
1190 2240 1308 2307 dedere
1331 2240 1371 2306 L.
1392 2242 1547 2309 Valerius

371 2349 406 2413 in
439 2369 517 2433 agro
550 2350 745 2431 Aequorum
777 2353 815 2432 ⁸,
858 2349 903 2437 Q.
937 2349 1059 2415 Fabius
1102 2349 1185 2416 fusis
1218 2350 1353 2417 Volscis
1386 2366 1547 2434 captaque

371 2460 492 2526 Ecetra
512 2466 548 2542 ⁴,
580 2480 659 2526 mox
690 2458 744 2524 alii
776 2479 881 2543 saepe.
927 2460 1027 2525 Hunc
1058 2459 1154 2525 etiarn
1185 2479 1308 2526 morern
1339 2461 1395 2526 alii
1424 2461 1548 2544 impro-

373 2570 473 2647 bant,
505 2570 560 2635 alii
591 2568 782 2636 defendunt.
829 2569 899 2656 Qui
930 2570 1116 2652 improbant
1149 2570 1265 2636 dicunt
1298 2571 1409 2637 avidas
1441 2572 1476 2639 in
1496 2573 1547 2638 di-

372 2679 537 2762 reptiones
569 2700 684 2747 manus
706 2679 888 2763 praeripere
910 2678 1046 2747 fortium
1070 2681 1263 2746 bellatorum
1283 2682 1447 2764 praemia,
1471 2704 1545 2748 cum

373 2794 426 2855 ita
447 2790 560 2874 ferme
578 2795 733 2871 eueniat,
753 2792 871 2875 utqui
890 2792 1022 2876 segnior
1041 2793 1086 2855 sit
1103 2790 1316 2875 praedetur,
1339 2805 1378 2856 at
1391 2792 1547 2876 fortissi-

372 2920 445 2965 mus
473 2904 612 2985 quisque
641 2900 767 2965 laboris
791 2899 1003 2987 periculique
1028 2904 1249 2985 praeeipuam
1272 2916 1408 2987 partem
1431 2916 1548 2988 petere

372 3010 501 3075 soleat:
531 3030 617 3092 quae
646 3010 748 3077 verba
778 3024 857 3076 sunt
885 3010 990 3092 Appii
1011 3011 1099 3092 apud
1119 3009 1255 3076 Livium
1279 3022 1302 3076 ¹.
1349 3012 1475 3079 Contra
1495 3014 1547 3079 di-

372 3119 482 3200 citur,
502 3123 641 3205 gratius
668 3118 708 3184 iel
717 3119 798 3203 fore
818 3118 1022 3204 laetiusque,
1047 3119 1136 3205 quod
1154 3124 1293 3205 quisque
1316 3142 1378 3187 suo
1388 3143 1546 3189 monuex

372 3230 462 3293 hoste
490 3242 625 3314 captum
657 3227 786 3294 domum
815 3229 999 3312 retulerit,
1022 3250 1122 3315 quam
1145 3233 1174 3294 si
1201 3228 1378 3315 multiplex
1401 3230 1546 3297 alterius

373 3337 520 3402 arbitrio
551 3341 699 3422 accipiat
719 3342 745 3403 ¹.
790 3339 932 3405 Accedit
961 3340 1053 3424 quod
1075 3342 1139 3406 hoc
1168 3340 1275 3423 ipsum
1296 3359 1544 3423 nonnumquam

373 3463 520 3514 autnon
542 3447 714 3531 impediri,
735 3463 793 3515 aut
815 3468 882 3516 non
904 3450 975 3517 sine
991 3449 1129 3517 maxima
1141 3450 1266 3516 invidia
1277 3464 1310 3516 et
1320 3450 1546 3535 indignatione

372 3557 514 3625 militurn
534 3572 663 3642 potest,
685 3574 797 3626 vetere
816 3560 889 3644 ejus
911 3560 957 3627 rei
981 3563 1131 3643 exemplo
1151 3560 1438 3645 inexpugnatione
1459 3560 1546 3627 Cor-

373 3683 490 3734 tuosae
511 3675 547 3749 ⁷,
576 3671 675 3754 cujus
696 3670 846 3752 praedam
874 3670 1038 3754 publicari
1066 3690 1139 3737 sero
1159 3670 1285 3736 tribuni
1313 3672 1490 3754 cupiebant
1513 3688 1548 3738 et

373 3791 489 3862 postea
511 3798 586 3844 curn
606 3779 897 3865 Gallograecorum
919 3794 1023 3846 castra
1043 3801 1060 3847 a
1085 3781 1124 3847 C.
1146 3780 1259 3846 Helvii
1278 3782 1404 3865 agmine
1419 3782 1548 3866 direpta

373 3904 452 3954 sunt
481 3904 594 3955 contra
624 3889 719 3956 ducis
749 3893 954 3957 voluntatem
974 3892 998 3957 ⁸.
1044 3891 1148 3979 Quod
1176 3890 1245 3957 dixi
1276 3892 1348 3958 aliis
1381 3892 1546 3960 interdum

372 4114 564 4126 nt—-n—

406 4252 510 4303 ¹Dlon.
533 4254 614 4305 Helle.
635 4258 654 4305 Ι.
672 4257 696 4305 6.
723 4256 762 4319 [p.
780 4259 837 4315 565.
855 4272 895 4308 vs.
916 4257 966 4323 ru]
986 4270 1011 4308 et
1027 4262 1044 4309 l.
1062 4272 1086 4319 7.
1106 4258 1144 4324 [p.
1161 4261 1220 4321 468.
1237 4272 1276 4308 vs.
1292 4274 1318 4323 9.
1335 4272 1360 4310 et
1379 4258 1431 4323 57]
1451 4260 1509 4309 le.
1527 4264 1547 4311 l.

372 4358 396 4401 5.
415 4344 452 4409 [c.
470 4346 523 4408 aa]
557 4342 664 4396 ’Diam
687 4347 771 4397 Helle.
793 4350 811 4395 1.
834 4361 859 4407 γ.
884 4348 923 4411 [p.
946 4350 1006 4411 469.
1024 4365 1063 4400 va.
1084 4351 1135 4414 ι5.]
1171 4349 1278 4400 ’idean
1295 4352 1313 4398 l.
1331 4363 1356 4412 9.
1374 4350 1413 4411 [p.
1430 4350 1489 4399 6ιι.
1507 4364 1547 4400 rs.

372 4436 425 4496 aa]
459 4433 558 4484 ⁴ldem
582 4439 600 4501 l.
627 4449 666 4486 ro.
692 4436 730 4499 [p.
747 4437 806 4499 ⁶47·
823 4452 862 4487 vs.
882 4451 922 4496 55.
940 4440 1008 4502 sqq]
1043 4439 1255 4504 ⁸1.s.[c.20.]
1289 4438 1427 4490 ‘Ibidem
1460 4436 1547 4489 lato.

371 4527 389 4572 l.
406 4526 430 4572 6.
455 4523 493 4588 [c.
515 4525 553 4587 4.]
588 4526 675 4576 ⁰Llu.
698 4530 716 4577 l.
740 4530 782 4585 56.
807 4527 844 4592 [c.
863 4530 919 4593 aa]
