3450 5434
378 627 441 693 252
677 630 724 675 DE
747 630 842 695 JURE
868 628 1055 676 PRAEDAE·
1081 630 1163 676 CAP·
1188 632 1252 679 ΧΠ.

1698 494 1699 543 l

377 798 411 848 et
432 784 619 867 supprimit.
667 785 753 851 Sunt
783 784 884 871 igitur
907 786 986 850 haec
1009 785 1143 852 omnino
1168 800 1201 852 et
1225 786 1418 870 simpliciter
1447 788 1557 868 mala,

380 915 463 977 quae
486 898 541 961 vel
564 898 606 961 ob
631 899 815 979 exemplum
835 917 973 979 poenam
996 897 1125 963 debent.
1151 898 1201 964 Ea
1218 914 1327 965 autem
1344 919 1448 982 poena
1471 901 1556 966 nulli

1698 2206 1699 2251 l

1698 2306 1699 2365 l

1698 2598 1699 2641 l

375 1006 497 1073 rectius
518 1008 700 1090 applicatur
721 1030 819 1090 quam
842 1008 918 1090 his,
933 1010 991 1091 qui
1009 1010 1094 1094 juris
1106 1010 1290 1077 communis
1302 1012 1553 1077 exsecutionem

375 1120 407 1183 in
430 1140 464 1185 se
487 1120 690 1202 receperint,
715 1135 748 1186 et
771 1121 892 1187 Baldus
915 1128 922 1161 ¹
947 1121 1031 1187 dixit
1050 1122 1123 1205 jure
1147 1123 1305 1188 canonico
1332 1139 1364 1189 et
1378 1126 1453 1208 jure
1474 1144 1554 1190 con-

374 1231 552 1309 scientiae,
577 1232 669 1314 quod
691 1254 709 1297 a
730 1234 803 1316 jure
835 1232 976 1298 naturali
1006 1252 1072 1299 non
1105 1234 1290 1317 discrepat,
1327 1236 1410 1302 bona
1443 1236 1553 1302 omnia

375 1343 598 1425 delinquentis
632 1345 731 1409 tacite
764 1344 907 1429 obligata
936 1366 996 1428 pro
1029 1344 1275 1427 satisfactione,
1300 1368 1401 1429 quare
1426 1362 1554 1431 praeter

375 1455 483 1538 priora
517 1455 614 1521 etiam
645 1457 783 1541 noejus
806 1456 936 1522 Batavis
960 1456 993 1521 in
1014 1458 1102 1523 bello
1126 1458 1320 1525 Lusitanico
1343 1442 1426 1525 fuit.
1475 1460 1553 1525 Ori-

376 1582 476 1633 untur
503 1568 716 1633 haecomnia
748 1589 788 1633 ex
811 1568 899 1633 nuda
929 1568 1153 1650 prohibitione
1174 1572 1465 1639 commerciorum:
1490 1574 1551 1637 alia

376 1700 454 1747 veto
478 1700 543 1746 non
563 1681 690 1746 minora
710 1702 726 1746 e
748 1680 846 1746 modo
867 1681 1088 1762 prohibendi,
1113 1703 1182 1764 quo
1194 1684 1375 1749 calumniae
1387 1685 1552 1767 pertinent

216 1799 361 1847 Beona-⁶·
375 1792 525 1875 superius
544 1787 557 1823 ²
578 1808 734 1859 narratae.
793 1793 829 1860 si
864 1808 1012 1857 nostrum
1042 1794 1139 1859 nobis
1170 1796 1363 1861 servandum
1405 1811 1455 1862 est
1492 1818 1549 1863 nec

215 1866 364 1955 ffieaa-
375 1904 408 1969 id
440 1906 537 1971 nobis
569 1904 692 1987 eripia
725 1924 894 1986 quoquam
926 1904 1045 1986 debet,
1071 1907 1153 1987 quid
1182 1923 1246 1972 tam
1281 1908 1340 1974 ulli
1374 1927 1470 1973 suum
1504 1926 1551 1975 est

253 2003 262 2021 ⁸
375 2036 472 2099 quarn
509 2017 590 2083 bene
614 2016 749 2082 merenti
779 2017 865 2082 bona
889 2014 999 2097 sama,
1024 2037 1108 2099 quae
1132 2036 1218 2085 certe
1239 2021 1461 2087 nobilioribus
1484 2021 1551 2087 aui·

374 2126 436 2193 mis
458 2128 579 2210 quovis
598 2131 714 2209 luctu,
739 2146 841 2210 paene
861 2143 894 2192 et
914 2128 984 2194 vita
1007 2130 1183 2210 pretiosior
1207 2132 1308 2198 est⁸i²
1334 2134 1451 2216 Atque
1471 2133 1550 2199 adeo

374 2260 451 2306 vera
479 2241 558 2305 haec
582 2239 703 2325 injuria
730 2256 801 2321 est,
826 2255 864 2305 ut
888 2259 1061 2307 commune
1085 2242 1211 2326 generis
1240 2262 1359 2309 nomen
1385 2243 1451 2309 sibi
1476 2265 1550 2327 pro·

375 2352 483 2435 prium
516 2350 631 2417 fecerit
652 2350 682 2416 ⁴:
707 2372 768 2418 nec
791 2352 876 2417 enim
902 2351 1159 2437 significantiore
1182 2356 1347 2421 vocabulo
1370 2355 1550 2438 exprimere

374 2483 551 2547 possumus
573 2465 630 2546 id,
656 2465 750 2546 quod
770 2464 989 2530 contumeliae
1012 2484 1110 2531 causa
1132 2464 1191 2548 fit,
1216 2487 1313 2548 quam
1336 2467 1457 2533 Graeci
1472 2470 1551 2553 ὕβριν

374 2591 504 2643 vocant.
537 2577 658 2659 Neque
679 2576 733 2641 hic
758 2577 797 2642 de
821 2576 887 2641 levi
911 2576 1111 2642 contumelia
1133 2578 1267 2661 agitur,
1287 2600 1371 2661 quae
1393 2577 1549 2645 facientes

373 2690 532 2767 delectet,
557 2689 692 2755 affectos
725 2707 839 2771 parum
870 2688 997 2765 laedat,
1021 2688 1080 2754 sed
1108 2688 1148 2754 de
1171 2709 1206 2754 ea
1230 2711 1295 2772 qua
1319 2691 1480 2757 Hollandi
1502 2691 1549 2757 in·
1698 2644 1699 2735 l

376 2800 488 2867 famati
511 2822 570 2885 per
600 2802 710 2867 orbem
735 2816 913 2880 terrarum,
937 2800 1199 2883 criminibusque
1225 2823 1291 2870 non
1316 2804 1426 2871 minus
1458 2804 1550 2871 falsis

374 2935 472 2997 quam
501 2915 668 2979 atrocibus
699 2914 733 2978 in
757 2912 870 2978 odium
890 2912 1025 2978 humani
1057 2913 1183 2997 generis
1212 2914 1344 2981 adducti
1365 2932 1462 2982 sunt:
1486 2938 1549 2999 qua

371 3026 520 3106 factum,
553 3041 591 3093 ut
613 3025 747 3108 plurimi
778 3044 871 3109 reges
899 3038 931 3089 et
965 3024 1080 3107 populi
1110 3040 1284 3092 contactus
1314 3027 1407 3094 etiarn
1444 3033 1548 3115 gentis

372 3141 466 3205 velut
496 3137 652 3221 profanos
684 3152 785 3218 atque
817 3134 959 3201 nefarios
993 3153 1248 3203 exsecrarentur.
1306 3138 1448 3209 Infantes
1472 3146 1546 3211 olim

372 3251 488 3334 populi
519 3249 656 3332 piratica
687 3248 835 3329 Cilices,
861 3246 958 3313 furtis
991 3248 1179 3331 Cercopes,
1214 3248 1354 3317 infandis
1383 3257 1548 3322 amoribus

372 3362 511 3442 Persae,
535 3362 738 3447 vitaexlege
762 3374 795 3425 et
824 3359 1010 3425 insociabili
1040 3360 1229 3426 Nomades:
1252 3363 1310 3428 sed
1332 3385 1431 3448 supra
1456 3388 1547 3435 omne

373 3473 465 3558 quod
495 3472 560 3538 dici
589 3487 699 3556 potest
722 3471 852 3536 illorum
880 3485 930 3536 est
953 3470 1065 3552 nefas,
1090 3472 1149 3555 qui
1172 3472 1281 3539 Deum
1304 3491 1336 3540 et
1356 3478 1545 3562 religionem

373 3605 440 3651 non
460 3598 661 3669 agnoscunt,
675 3603 749 3648 cum
771 3582 805 3647 id
826 3601 974 3663 eousque
996 3584 1035 3647 ab
1055 3584 1196 3649 humana
1217 3602 1331 3653 natura
1351 3591 1546 3672 abhorreat,

373 3712 412 3764 ut
434 3718 510 3763 vere
531 3697 656 3762 dictum
681 3695 725 3761 sit
743 3696 871 3759 nullum
905 3714 975 3760 esse
1007 3697 1190 3779 populum,
1212 3698 1266 3764 cui
1297 3719 1363 3765 non
1397 3720 1547 3785 appareat

373 3812 517 3892 aliquam
540 3809 644 3875 inesse
668 3808 818 3874 notitiam
842 3820 875 3870 et
895 3790 1020 3872 cultum
1044 3806 1228 3875 divinitatis
1250 3819 1274 3875 ⁶.
1322 3812 1453 3879 Cuncta
1475 3818 1547 3881 baec

371 3922 507 3989 crimina
538 3919 689 3987 Lusitani
717 3922 749 3984 in
774 3918 959 3983 Hollandos
983 3936 1218 4003 congesserunt
1242 3938 1305 3987 tam
1336 3944 1430 3990 caeca
1454 3931 1547 3993 male·

372 4035 502 4103 dicendi
526 4034 684 4112 libidine,
707 4047 747 4095 ut
770 4028 853 4095 nibil
869 4032 985 4095 horum
1007 4032 1189 4113 reperiatur
1206 4036 1297 4116 quod
1314 4056 1378 4102 non
1396 4039 1429 4104 in
1450 4060 1547 4121 quos-

375 4220 569 4228 —--——-

404 4325 412 4358 ¹
431 4326 458 4373 in
477 4329 494 4373 l.
513 4324 584 4373 furti.
603 4326 632 4373 C.
651 4326 682 4373 de
701 4325 784 4374 furtis.
802 4326 846 4387 [C.
865 4327 890 4374 ό.
909 4340 933 4374 2.
954 4326 1005 4391 15.]
1042 4324 1052 4358 ²
1071 4340 1094 4373 c.
1118 4338 1157 4373 11.
1175 4338 1201 4384 p.
1222 4338 1245 4371 a.
1258 4336 1304 4372 arr.
1318 4338 1339 4372 r.
1374 4323 1549 4375 'Ecclesiam

370 4417 412 4465 2⁶.
433 4430 472 4466 vs.
491 4430 515 4475 7.
533 4418 617 4465 Anch.
642 4430 714 4467 cons.
732 4430 789 4476 325.
807 4432 834 4465 v.
854 4420 929 4465 Gent.
947 4418 993 4465 lib.
1013 4432 1036 4466 a.
1055 4432 1078 4465 c.
1100 4418 1137 4464 18.
1173 4415 1183 4446 ⁴
1202 4418 1219 4463 l.
1241 4430 1261 4463 r.
1279 4416 1304 4463 n.
1325 4416 1356 4464 dc
1376 4414 1488 4473 injuriis.
1508 4418 1548 4479 [D.

369 4520 411 4569 47.
434 4508 484 4574 10.]
521 4508 532 4539 ⁶
550 4508 606 4556 Cic.
624 4509 656 4557 de
673 4521 723 4557 nat.
742 4510 821 4558 Deor.
839 4512 857 4557 l.
878 4523 900 4557 1.
920 4510 957 4571 [c.
979 4510 1017 4558 16.
1034 4510 1055 4571 §.
1073 4508 1128 4570 qn]
