<?xml version="1.0" encoding="UTF-8"?>
<!DOCTYPE html PUBLIC "-//W3C//DTD XHTML 1.0 Transitional//EN"
    "http://www.w3.org/TR/xhtml1/DTD/xhtml1-transitional.dtd">
<html xmlns="http://www.w3.org/1999/xhtml" xml:lang="en" lang="en">
 <head>
  <title>
</title>
<meta http-equiv="Content-Type" content="text/html;charset=utf-8" />
  <meta name='ocr-system' content='tesseract 3.04.00' />
  <meta name='ocr-capabilities' content='ocr_page ocr_carea ocr_par ocr_line ocrx_word'/>
</head>
<body>
  <div class='ocr_page' id='page_1' title='image "./ledroitdeprised02hamagoog_0285.png"; bbox 0 0 3450 5434; ppageno 0'>
   <div class='ocr_carea' id='block_1_1' title="bbox 480 638 1352 721">
    <p class='ocr_par' dir='ltr' id='par_1_1' title="bbox 480 638 1352 721">
     <span class='ocr_line' id='line_1_1' title="bbox 480 638 1352 721; baseline 0 -21"><span class='ocrx_word' id='word_1_1' title='bbox 480 654 527 701; x_wconf 84' lang='lat' dir='ltr'><strong>nr</strong></span> <span class='ocrx_word' id='word_1_2' title='bbox 550 654 644 721; x_wconf 80' lang='lat' dir='ltr'><strong>June</strong></span> <span class='ocrx_word' id='word_1_3' title='bbox 670 652 853 700; x_wconf 75' lang='lat' dir='ltr'><strong>rannone.</strong></span> <span class='ocrx_word' id='word_1_4' title='bbox 879 654 958 701; x_wconf 79' lang='lat' dir='ltr'><strong>cnr.</strong></span> <span class='ocrx_word' id='word_1_5' title='bbox 985 654 1049 699; x_wconf 87' lang='lat' dir='ltr'><strong>xrr.</strong></span> <span class='ocrx_word' id='word_1_6' title='bbox 1291 638 1352 717; x_wconf 79' lang='lat'><strong>263</strong></span> 
     </span>
    </p>
   </div>
   <div class='ocr_carea' id='block_1_2' title="bbox 148 808 1493 4003">
    <p class='ocr_par' dir='ltr' id='par_1_2' title="bbox 180 808 1493 1118">
     <span class='ocr_line' id='line_1_2' title="bbox 180 808 1472 892; baseline -0.005 -15"><span class='ocrx_word' id='word_1_7' title='bbox 180 813 222 877; x_wconf 88' lang='lat' dir='ltr'><strong>ad</strong></span> <span class='ocrx_word' id='word_1_8' title='bbox 244 811 456 877; x_wconf 89' lang='lat' dir='ltr'><strong>Macauntem</strong></span> <span class='ocrx_word' id='word_1_9' title='bbox 489 808 658 891; x_wconf 89' lang='lat' dir='ltr'><strong>aliquanto</strong></span> <span class='ocrx_word' id='word_1_10' title='bbox 690 824 767 891; x_wconf 92' lang='lat' dir='ltr'><strong>post</strong></span> <span class='ocrx_word' id='word_1_11' title='bbox 789 808 964 892; x_wconf 85' lang='lat' dir='ltr'><strong>dixerunt,</strong></span> <span class='ocrx_word' id='word_1_12' title='bbox 988 830 1023 877; x_wconf 91' lang='lat' dir='ltr'><strong>se</strong></span> <span class='ocrx_word' id='word_1_13' title='bbox 1046 830 1121 876; x_wconf 90' lang='lat' dir='ltr'><strong>cum</strong></span> <span class='ocrx_word' id='word_1_14' title='bbox 1145 808 1302 890; x_wconf 90' lang='lat' dir='ltr'><strong>Batavis,</strong></span> <span class='ocrx_word' id='word_1_15' title='bbox 1326 808 1353 876; x_wconf 89' lang='lat' dir='ltr'><strong>si</strong></span> <span class='ocrx_word' id='word_1_16' title='bbox 1366 824 1472 891; x_wconf 76' lang='lat' dir='ltr'><strong>Angusto</strong></span> 
     </span>
     <span class='ocr_line' id='line_1_3' title="bbox 182 884 1493 1005; baseline -0.003 -16"><span class='ocrx_word' id='word_1_17' title='bbox 182 944 296 989; x_wconf 91' lang='lat' dir='ltr'><strong>eorum</strong></span> <span class='ocrx_word' id='word_1_18' title='bbox 327 921 532 1005; x_wconf 88' lang='lat' dir='ltr'>potirentur,</span> <span class='ocrx_word' id='word_1_19' title='bbox 565 942 631 987; x_wconf 92' lang='lat' dir='ltr'><strong>non</strong></span> <span class='ocrx_word' id='word_1_20' title='bbox 659 936 726 987; x_wconf 91' lang='lat' dir='ltr'><strong>tam</strong></span> <span class='ocrx_word' id='word_1_21' title='bbox 757 924 933 988; x_wconf 89' lang='lat' dir='ltr'><strong>clementer</strong></span> <span class='ocrx_word' id='word_1_22' title='bbox 968 938 1108 989; x_wconf 89' lang='lat' dir='ltr'><strong>acturos.</strong></span> <span class='ocrx_word' id='word_1_23' title='bbox 1164 921 1221 987; x_wconf 93' lang='lat' dir='ltr'><strong>Ad</strong></span> <span class='ocrx_word' id='word_1_24' title='bbox 1255 922 1353 987; x_wconf 87' lang='lat' dir='ltr'><strong>finem</strong></span> <span class='ocrx_word' id='word_1_25' title='bbox 1366 884 1493 935; x_wconf 50' lang='lat' dir='ltr'><strong>mum</strong></span> 
     </span>
     <span class='ocr_line' id='line_1_4' title="bbox 186 1034 1355 1118; baseline -0.003 -17"><span class='ocrx_word' id='word_1_26' title='bbox 186 1035 275 1117; x_wconf 88' lang='lat' dir='ltr'><strong>quod</strong></span> <span class='ocrx_word' id='word_1_27' title='bbox 309 1035 427 1100; x_wconf 80' lang='lat' dir='ltr'><strong>attinet</strong></span> <span class='ocrx_word' id='word_1_28' title='bbox 454 1034 512 1116; x_wconf 95' lang='lat' dir='ltr'><strong>qui</strong></span> <span class='ocrx_word' id='word_1_29' title='bbox 543 1035 630 1101; x_wconf 91' lang='lat' dir='ltr'><strong>bello</strong></span> <span class='ocrx_word' id='word_1_30' title='bbox 651 1036 872 1118; x_wconf 88' lang='lat' dir='ltr'>proponitur,</span> <span class='ocrx_word' id='word_1_31' title='bbox 896 1037 984 1101; x_wconf 91' lang='lat' dir='ltr'><strong>hunc</strong></span> <span class='ocrx_word' id='word_1_32' title='bbox 1007 1034 1070 1100; x_wconf 92' lang='lat' dir='ltr'><strong>sibi</strong></span> <span class='ocrx_word' id='word_1_33' title='bbox 1097 1034 1241 1118; x_wconf 91' lang='lat' dir='ltr'><strong>quisque</strong></span> <span class='ocrx_word' id='word_1_34' title='bbox 1263 1053 1355 1116; x_wconf 90' lang='lat' dir='ltr'><strong>prae·</strong></span> 
     </span>
    </p>

    <p class='ocr_par' dir='ltr' id='par_1_3' title="bbox 183 1144 1487 2007">
     <span class='ocr_line' id='line_1_5' title="bbox 185 1144 1355 1230; baseline 0 -19"><span class='ocrx_word' id='word_1_35' title='bbox 185 1162 267 1212; x_wconf 88' lang='lat' dir='ltr'><strong>stare</strong></span> <span class='ocrx_word' id='word_1_36' title='bbox 297 1146 412 1212; x_wconf 88' lang='lat' dir='ltr'><strong>debet:</strong></span> <span class='ocrx_word' id='word_1_37' title='bbox 442 1164 503 1212; x_wconf 87' lang='lat' dir='ltr'><strong>nec</strong></span> <span class='ocrx_word' id='word_1_38' title='bbox 533 1146 567 1211; x_wconf 91' lang='lat' dir='ltr'><strong>in</strong></span> <span class='ocrx_word' id='word_1_39' title='bbox 598 1145 758 1230; x_wconf 88' lang='lat' dir='ltr'><strong>judicium</strong></span> <span class='ocrx_word' id='word_1_40' title='bbox 790 1148 969 1213; x_wconf 89' lang='lat' dir='ltr'><strong>humanum</strong></span> <span class='ocrx_word' id='word_1_41' title='bbox 1000 1146 1061 1212; x_wconf 89' lang='lat' dir='ltr'><strong>ista</strong></span> <span class='ocrx_word' id='word_1_42' title='bbox 1080 1166 1131 1213; x_wconf 92' lang='lat' dir='ltr'><strong>res</strong></span> <span class='ocrx_word' id='word_1_43' title='bbox 1154 1144 1266 1227; x_wconf 87' lang='lat' dir='ltr'><strong>cadit,</strong></span> <span class='ocrx_word' id='word_1_44' title='bbox 1290 1144 1355 1211; x_wconf 92' lang='lat' dir='ltr'><strong>nisi</strong></span> 
     </span>
     <span class='ocr_line' id='line_1_6' title="bbox 185 1256 1354 1343; baseline 0 -21"><span class='ocrx_word' id='word_1_45' title='bbox 185 1273 346 1338; x_wconf 89' lang='lat' dir='ltr'><strong>quatenus</strong></span> <span class='ocrx_word' id='word_1_46' title='bbox 369 1276 543 1323; x_wconf 91' lang='lat' dir='ltr'><strong>commune</strong></span> <span class='ocrx_word' id='word_1_47' title='bbox 565 1257 728 1341; x_wconf 88' lang='lat' dir='ltr'><strong>cujusque</strong></span> <span class='ocrx_word' id='word_1_48' title='bbox 751 1258 858 1342; x_wconf 91' lang='lat' dir='ltr'><strong>gentis</strong></span> <span class='ocrx_word' id='word_1_49' title='bbox 880 1258 1071 1343; x_wconf 83' lang='lat' dir='ltr'><strong>ingenium,</strong></span> <span class='ocrx_word' id='word_1_50' title='bbox 1094 1273 1164 1323; x_wconf 95' lang='lat' dir='ltr'><strong>tum</strong></span> <span class='ocrx_word' id='word_1_51' title='bbox 1185 1276 1264 1323; x_wconf 91' lang='lat' dir='ltr'><strong>vero</strong></span> <span class='ocrx_word' id='word_1_52' title='bbox 1288 1256 1354 1322; x_wconf 91' lang='lat' dir='ltr'><strong>sin·</strong></span> 
     </span>
     <span class='ocr_line' id='line_1_7' title="bbox 185 1366 1487 1478; baseline -0.001 -45"><span class='ocrx_word' id='word_1_53' title='bbox 185 1370 312 1451; x_wconf 87' lang='lat' dir='ltr'><strong>gulares</strong></span> <span class='ocrx_word' id='word_1_54' title='bbox 332 1367 478 1434; x_wconf 85' lang='lat' dir='ltr'><strong>actiones</strong></span> <span class='ocrx_word' id='word_1_55' title='bbox 500 1369 721 1452; x_wconf 87' lang='lat' dir='ltr'><strong>conjecturam</strong></span> <span class='ocrx_word' id='word_1_56' title='bbox 742 1368 965 1453; x_wconf 85' lang='lat' dir='ltr'><strong>suppeditant.</strong></span> <span class='ocrx_word' id='word_1_57' title='bbox 1009 1368 1135 1436; x_wconf 91' lang='lat' dir='ltr'><strong>Verum</strong></span> <span class='ocrx_word' id='word_1_58' title='bbox 1157 1367 1235 1435; x_wconf 87' lang='lat' dir='ltr'><strong>belli</strong></span> <span class='ocrx_word' id='word_1_59' title='bbox 1257 1366 1352 1433; x_wconf 91' lang='lat' dir='ltr'><strong>finem</strong></span> <span class='ocrx_word' id='word_1_60' title='bbox 1366 1378 1487 1478; x_wconf 57' lang='lat' dir='ltr'><strong>ffiflljl:</strong></span> 
     </span>
     <span class='ocr_line' id='line_1_8' title="bbox 185 1465 1444 1564; baseline 0 -20"><span class='ocrx_word' id='word_1_61' title='bbox 185 1499 254 1545; x_wconf 88' lang='lat' dir='ltr'><strong>esse</strong></span> <span class='ocrx_word' id='word_1_62' title='bbox 274 1478 417 1546; x_wconf 82' lang='lat' dir='ltr'><strong>diximus</strong></span> <span class='ocrx_word' id='word_1_63' title='bbox 435 1480 519 1564; x_wconf 88' lang='lat' dir='ltr'><strong>juris</strong></span> <span class='ocrx_word' id='word_1_64' title='bbox 541 1480 767 1563; x_wconf 88' lang='lat' dir='ltr'><strong>adeptionem:</strong></span> <span class='ocrx_word' id='word_1_65' title='bbox 791 1480 832 1546; x_wconf 87' lang='lat' dir='ltr'><strong>ad</strong></span> <span class='ocrx_word' id='word_1_66' title='bbox 844 1501 941 1563; x_wconf 90' lang='lat' dir='ltr'><strong>quem</strong></span> <span class='ocrx_word' id='word_1_67' title='bbox 955 1482 982 1547; x_wconf 91' lang='lat' dir='ltr'><strong>si</strong></span> <span class='ocrx_word' id='word_1_68' title='bbox 994 1481 1112 1564; x_wconf 89' lang='lat' dir='ltr'><strong>praeda</strong></span> <span class='ocrx_word' id='word_1_69' title='bbox 1123 1479 1247 1559; x_wconf 89' lang='lat' dir='ltr'><strong>tendit,</strong></span> <span class='ocrx_word' id='word_1_70' title='bbox 1266 1481 1354 1564; x_wconf 91' lang='lat' dir='ltr'><strong>juste</strong></span> <span class='ocrx_word' id='word_1_71' title='bbox 1367 1486 1408 1533; x_wconf 64' lang='lat' dir='ltr'><strong>aa.</strong></span> <span class='ocrx_word' id='word_1_72' title='bbox 1421 1465 1444 1532; x_wconf 74' lang='grc' dir='ltr'><strong>Ῐ·</strong></span> 
     </span>
     <span class='ocr_line' id='line_1_9' title="bbox 185 1590 1356 1673; baseline 0.002 -20"><span class='ocrx_word' id='word_1_73' title='bbox 185 1590 304 1673; x_wconf 91' lang='lat' dir='ltr'><strong>pieque</strong></span> <span class='ocrx_word' id='word_1_74' title='bbox 335 1606 426 1672; x_wconf 85' lang='lat' dir='ltr'><strong>parta</strong></span> <span class='ocrx_word' id='word_1_75' title='bbox 455 1591 579 1658; x_wconf 91' lang='lat' dir='ltr'><strong>censeri</strong></span> <span class='ocrx_word' id='word_1_76' title='bbox 612 1592 727 1657; x_wconf 84' lang='lat' dir='ltr'><strong>debet:</strong></span> <span class='ocrx_word' id='word_1_77' title='bbox 761 1611 858 1659; x_wconf 89' lang='lat' dir='ltr'><strong>secus</strong></span> <span class='ocrx_word' id='word_1_78' title='bbox 890 1593 918 1657; x_wconf 94' lang='lat' dir='ltr'><strong>si</strong></span> <span class='ocrx_word' id='word_1_79' title='bbox 952 1594 1091 1658; x_wconf 87' lang='lat' dir='ltr'><strong>bellator</strong></span> <span class='ocrx_word' id='word_1_80' title='bbox 1114 1610 1175 1657; x_wconf 89' lang='lat' dir='ltr'><strong>suo</strong></span> <span class='ocrx_word' id='word_1_81' title='bbox 1198 1591 1356 1669; x_wconf 85' lang='lat' dir='ltr'><strong>duntaxat</strong></span> 
     </span>
     <span class='ocr_line' id='line_1_10' title="bbox 183 1701 1356 1769; baseline 0.002 -4"><span class='ocrx_word' id='word_1_82' title='bbox 183 1702 276 1768; x_wconf 90' lang='lat' dir='ltr'><strong>lucro</strong></span> <span class='ocrx_word' id='word_1_83' title='bbox 307 1702 423 1768; x_wconf 84' lang='lat' dir='ltr'><strong>inhiat.</strong></span> <span class='ocrx_word' id='word_1_84' title='bbox 479 1702 519 1767; x_wconf 90' lang='lat' dir='ltr'><strong>Id</strong></span> <span class='ocrx_word' id='word_1_85' title='bbox 547 1702 582 1767; x_wconf 93' lang='lat' dir='ltr'><strong>in</strong></span> <span class='ocrx_word' id='word_1_86' title='bbox 613 1702 782 1769; x_wconf 88' lang='lat' dir='ltr'><strong>Lusitanis</strong></span> <span class='ocrx_word' id='word_1_87' title='bbox 811 1724 852 1767; x_wconf 87' lang='lat' dir='ltr'><strong>an</strong></span> <span class='ocrx_word' id='word_1_88' title='bbox 884 1702 917 1768; x_wconf 94' lang='lat' dir='ltr'><strong>in</strong></span> <span class='ocrx_word' id='word_1_89' title='bbox 941 1702 1071 1769; x_wconf 88' lang='lat' dir='ltr'><strong>Batavis</strong></span> <span class='ocrx_word' id='word_1_90' title='bbox 1100 1702 1289 1769; x_wconf 85' lang='lat' dir='ltr'><strong>credibilius</strong></span> <span class='ocrx_word' id='word_1_91' title='bbox 1312 1701 1356 1769; x_wconf 91' lang='lat' dir='ltr'><strong>sit</strong></span> 
     </span>
     <span class='ocr_line' id='line_1_11' title="bbox 183 1811 1355 1898; baseline 0 -20"><span class='ocrx_word' id='word_1_92' title='bbox 183 1811 372 1878; x_wconf 85' lang='lat' dir='ltr'><strong>videamus:</strong></span> <span class='ocrx_word' id='word_1_93' title='bbox 404 1828 532 1881; x_wconf 89' lang='lat' dir='ltr'><strong>veteres</strong></span> <span class='ocrx_word' id='word_1_94' title='bbox 555 1829 707 1879; x_wconf 85' lang='lat' dir='ltr'><strong>auctores</strong></span> <span class='ocrx_word' id='word_1_95' title='bbox 731 1821 740 1855; x_wconf 89' lang='lat'>¹</span> <span class='ocrx_word' id='word_1_96' title='bbox 764 1813 898 1881; x_wconf 86' lang='lat' dir='ltr'><strong>tradunt</strong></span> <span class='ocrx_word' id='word_1_97' title='bbox 918 1814 983 1898; x_wconf 86' lang='lat' dir='ltr'><strong>jam</strong></span> <span class='ocrx_word' id='word_1_98' title='bbox 1008 1814 1086 1880; x_wconf 89' lang='lat' dir='ltr'><strong>olim</strong></span> <span class='ocrx_word' id='word_1_99' title='bbox 1107 1828 1236 1898; x_wconf 82' lang='lat' dir='ltr'><strong>gentem</strong></span> <span class='ocrx_word' id='word_1_100' title='bbox 1256 1813 1355 1879; x_wconf 90' lang='lat' dir='ltr'><strong>Lusi·</strong></span> 
     </span>
     <span class='ocr_line' id='line_1_12' title="bbox 183 1924 1356 2007; baseline 0.003 -20"><span class='ocrx_word' id='word_1_101' title='bbox 183 1938 334 1990; x_wconf 87' lang='lat' dir='ltr'><strong>ranorum</strong></span> <span class='ocrx_word' id='word_1_102' title='bbox 367 1924 548 1991; x_wconf 88' lang='lat' dir='ltr'><strong>latrociniis</strong></span> <span class='ocrx_word' id='word_1_103' title='bbox 577 1938 611 1990; x_wconf 93' lang='lat' dir='ltr'><strong>et</strong></span> <span class='ocrx_word' id='word_1_104' title='bbox 639 1924 767 2007; x_wconf 90' lang='lat' dir='ltr'><strong>praedis</strong></span> <span class='ocrx_word' id='word_1_105' title='bbox 786 1925 901 1991; x_wconf 89' lang='lat' dir='ltr'><strong>vivere</strong></span> <span class='ocrx_word' id='word_1_106' title='bbox 924 1940 1095 1991; x_wconf 85' lang='lat' dir='ltr'><strong>assuetam.</strong></span> <span class='ocrx_word' id='word_1_107' title='bbox 1141 1926 1193 1991; x_wconf 83' lang='lat' dir='ltr'><strong>Ex</strong></span> <span class='ocrx_word' id='word_1_108' title='bbox 1216 1944 1255 1993; x_wconf 92' lang='lat' dir='ltr'><strong>eo</strong></span> <span class='ocrx_word' id='word_1_109' title='bbox 1274 1940 1356 1991; x_wconf 94' lang='lat' dir='ltr'><strong>tem-</strong></span> 
     </span>
    </p>

    <p class='ocr_par' dir='ltr' id='par_1_4' title="bbox 183 2034 1356 2342">
     <span class='ocr_line' id='line_1_13' title="bbox 183 2034 1355 2121; baseline 0.003 -22"><span class='ocrx_word' id='word_1_110' title='bbox 183 2054 263 2118; x_wconf 89' lang='lat' dir='ltr'><strong>pore</strong></span> <span class='ocrx_word' id='word_1_111' title='bbox 293 2055 389 2117; x_wconf 90' lang='lat' dir='ltr'><strong>quam</strong></span> <span class='ocrx_word' id='word_1_112' title='bbox 419 2034 566 2117; x_wconf 89' lang='lat' dir='ltr'><strong>impurae</strong></span> <span class='ocrx_word' id='word_1_113' title='bbox 596 2056 780 2118; x_wconf 88' lang='lat' dir='ltr'><strong>avaraeque</strong></span> <span class='ocrx_word' id='word_1_114' title='bbox 803 2050 916 2121; x_wconf 86' lang='lat' dir='ltr'><strong>gentes</strong></span> <span class='ocrx_word' id='word_1_115' title='bbox 940 2036 995 2102; x_wconf 92' lang='lat' dir='ltr'><strong>isti</strong></span> <span class='ocrx_word' id='word_1_116' title='bbox 1019 2056 1053 2103; x_wconf 89' lang='lat' dir='ltr'><strong>se</strong></span> <span class='ocrx_word' id='word_1_117' title='bbox 1077 2038 1201 2119; x_wconf 93' lang='lat' dir='ltr'><strong>populo</strong></span> <span class='ocrx_word' id='word_1_118' title='bbox 1219 2036 1355 2119; x_wconf 88' lang='lat' dir='ltr'><strong>permis·</strong></span> 
     </span>
     <span class='ocr_line' id='line_1_14' title="bbox 185 2146 1355 2231; baseline 0.003 -21"><span class='ocrx_word' id='word_1_119' title='bbox 185 2146 338 2228; x_wconf 91' lang='lat' dir='ltr'><strong>cuerint,</strong></span> <span class='ocrx_word' id='word_1_120' title='bbox 372 2160 405 2211; x_wconf 89' lang='lat' dir='ltr'><strong>et</strong></span> <span class='ocrx_word' id='word_1_121' title='bbox 435 2166 533 2227; x_wconf 89' lang='lat' dir='ltr'><strong>quam</strong></span> <span class='ocrx_word' id='word_1_122' title='bbox 564 2146 716 2229; x_wconf 88' lang='lat' dir='ltr'><strong>plerique</strong></span> <span class='ocrx_word' id='word_1_123' title='bbox 740 2167 852 2214; x_wconf 88' lang='lat' dir='ltr'><strong>eorum</strong></span> <span class='ocrx_word' id='word_1_124' title='bbox 885 2150 974 2231; x_wconf 88' lang='lat' dir='ltr'><strong>apud</strong></span> <span class='ocrx_word' id='word_1_125' title='bbox 1004 2148 1210 2215; x_wconf 86' lang='lat' dir='ltr'><strong>Christianos</strong></span> <span class='ocrx_word' id='word_1_126' title='bbox 1242 2167 1355 2230; x_wconf 87' lang='lat' dir='ltr'><strong>parurn</strong></span> 
     </span>
     <span class='ocr_line' id='line_1_15' title="bbox 185 2256 1356 2342; baseline 0.002 -22"><span class='ocrx_word' id='word_1_127' title='bbox 185 2256 270 2322; x_wconf 91' lang='lat' dir='ltr'><strong>serio</strong></span> <span class='ocrx_word' id='word_1_128' title='bbox 302 2256 483 2324; x_wconf 87' lang='lat' dir='ltr'><strong>Christiani</strong></span> <span class='ocrx_word' id='word_1_129' title='bbox 505 2258 707 2338; x_wconf 85' lang='lat' dir='ltr'><strong>habeantur,</strong></span> <span class='ocrx_word' id='word_1_130' title='bbox 732 2260 791 2340; x_wconf 93' lang='lat' dir='ltr'><strong>qui</strong></span> <span class='ocrx_word' id='word_1_131' title='bbox 811 2258 896 2324; x_wconf 87' lang='lat' dir='ltr'><strong>inter</strong></span> <span class='ocrx_word' id='word_1_132' title='bbox 914 2260 1003 2342; x_wconf 89' lang='lat' dir='ltr'><strong>ipsos</strong></span> <span class='ocrx_word' id='word_1_133' title='bbox 1028 2274 1105 2325; x_wconf 89' lang='lat' dir='ltr'><strong>sunt</strong></span> <span class='ocrx_word' id='word_1_134' title='bbox 1124 2259 1205 2326; x_wconf 92' lang='lat' dir='ltr'><strong>boni</strong></span> <span class='ocrx_word' id='word_1_135' title='bbox 1226 2256 1237 2292; x_wconf 85' lang='lat'>²</span> <span class='ocrx_word' id='word_1_136' title='bbox 1260 2258 1356 2323; x_wconf 90' lang='lat' dir='ltr'><strong>mini·</strong></span> 
     </span>
    </p>

    <p class='ocr_par' dir='ltr' id='par_1_5' title="bbox 184 2368 1357 2563">
     <span class='ocr_line' id='line_1_16' title="bbox 184 2368 1356 2455; baseline 0.003 -24"><span class='ocrx_word' id='word_1_137' title='bbox 184 2386 236 2432; x_wconf 91' lang='lat' dir='ltr'><strong>me</strong></span> <span class='ocrx_word' id='word_1_138' title='bbox 265 2368 427 2451; x_wconf 90' lang='lat' dir='ltr'><strong>ignorant.</strong></span> <span class='ocrx_word' id='word_1_139' title='bbox 472 2370 524 2434; x_wconf 93' lang='lat' dir='ltr'><strong>De</strong></span> <span class='ocrx_word' id='word_1_140' title='bbox 556 2368 687 2435; x_wconf 84' lang='lat' dir='ltr'><strong>Batavis</strong></span> <span class='ocrx_word' id='word_1_141' title='bbox 711 2384 824 2436; x_wconf 91' lang='lat' dir='ltr'><strong>contra</strong></span> <span class='ocrx_word' id='word_1_142' title='bbox 854 2390 939 2451; x_wconf 89' lang='lat' dir='ltr'><strong>quae</strong></span> <span class='ocrx_word' id='word_1_143' title='bbox 964 2384 1092 2436; x_wconf 85' lang='lat' dir='ltr'><strong>exstant</strong></span> <span class='ocrx_word' id='word_1_144' title='bbox 1121 2369 1251 2455; x_wconf 91' lang='lat' dir='ltr'><strong>elogia,</strong></span> <span class='ocrx_word' id='word_1_145' title='bbox 1284 2390 1356 2452; x_wconf 91' lang='lat' dir='ltr'><strong>per·</strong></span> 
     </span>
     <span class='ocr_line' id='line_1_17' title="bbox 185 2479 1357 2563; baseline 0.004 -21"><span class='ocrx_word' id='word_1_146' title='bbox 185 2497 283 2559; x_wconf 89' lang='lat' dir='ltr'><strong>quarn</strong></span> <span class='ocrx_word' id='word_1_147' title='bbox 306 2498 382 2544; x_wconf 88' lang='lat' dir='ltr'><strong>sane</strong></span> <span class='ocrx_word' id='word_1_148' title='bbox 406 2479 613 2560; x_wconf 85' lang='lat' dir='ltr'><strong>honorifica,</strong></span> <span class='ocrx_word' id='word_1_149' title='bbox 636 2480 870 2547; x_wconf 89' lang='lat' dir='ltr'><strong>transscribere</strong></span> <span class='ocrx_word' id='word_1_150' title='bbox 897 2481 1109 2563; x_wconf 88' lang='lat' dir='ltr'><strong>supersedeo.</strong></span> <span class='ocrx_word' id='word_1_151' title='bbox 1156 2481 1244 2547; x_wconf 93' lang='lat' dir='ltr'><strong>Illud</strong></span> <span class='ocrx_word' id='word_1_152' title='bbox 1265 2481 1357 2562; x_wconf 89' lang='lat' dir='ltr'><strong>quod</strong></span> 
     </span>
    </p>

    <p class='ocr_par' dir='ltr' id='par_1_6' title="bbox 183 2589 1356 2896">
     <span class='ocr_line' id='line_1_18' title="bbox 184 2589 1355 2672; baseline 0.003 -19"><span class='ocrx_word' id='word_1_153' title='bbox 184 2608 257 2653; x_wconf 90' lang='lat' dir='ltr'><strong>are</strong></span> <span class='ocrx_word' id='word_1_154' title='bbox 280 2589 441 2671; x_wconf 88' lang='lat' dir='ltr'><strong>praesenti</strong></span> <span class='ocrx_word' id='word_1_155' title='bbox 474 2610 547 2655; x_wconf 85' lang='lat' dir='ltr'><strong>non</strong></span> <span class='ocrx_word' id='word_1_156' title='bbox 572 2590 714 2657; x_wconf 89' lang='lat' dir='ltr'><strong>alienum</strong></span> <span class='ocrx_word' id='word_1_157' title='bbox 745 2606 817 2672; x_wconf 91' lang='lat' dir='ltr'><strong>est,</strong></span> <span class='ocrx_word' id='word_1_158' title='bbox 849 2590 926 2657; x_wconf 88' lang='lat' dir='ltr'><strong>satis</strong></span> <span class='ocrx_word' id='word_1_159' title='bbox 956 2590 1000 2658; x_wconf 91' lang='lat' dir='ltr'><strong>sit</strong></span> <span class='ocrx_word' id='word_1_160' title='bbox 1030 2591 1176 2671; x_wconf 85' lang='lat' dir='ltr'><strong>dixisse,</strong></span> <span class='ocrx_word' id='word_1_161' title='bbox 1208 2591 1355 2661; x_wconf 91' lang='lat' dir='ltr'><strong>omnium</strong></span> 
     </span>
     <span class='ocr_line' id='line_1_19' title="bbox 183 2699 1356 2785; baseline 0.003 -22"><span class='ocrx_word' id='word_1_162' title='bbox 183 2699 365 2765; x_wconf 87' lang='lat' dir='ltr'><strong>vicinarum</strong></span> <span class='ocrx_word' id='word_1_163' title='bbox 398 2700 545 2784; x_wconf 89' lang='lat' dir='ltr'><strong>gentium</strong></span> <span class='ocrx_word' id='word_1_164' title='bbox 574 2704 697 2768; x_wconf 90' lang='lat' dir='ltr'><strong>nullam</strong></span> <span class='ocrx_word' id='word_1_165' title='bbox 719 2722 737 2767; x_wconf 85' lang='lat' dir='ltr'><strong>a</strong></span> <span class='ocrx_word' id='word_1_166' title='bbox 760 2700 891 2784; x_wconf 88' lang='lat' dir='ltr'><strong>rapinae</strong></span> <span class='ocrx_word' id='word_1_167' title='bbox 922 2700 1034 2767; x_wconf 89' lang='lat' dir='ltr'><strong>studio</strong></span> <span class='ocrx_word' id='word_1_168' title='bbox 1066 2701 1198 2785; x_wconf 90' lang='lat' dir='ltr'><strong>longius</strong></span> <span class='ocrx_word' id='word_1_169' title='bbox 1229 2721 1356 2783; x_wconf 90' lang='lat' dir='ltr'><strong>semper</strong></span> 
     </span>
     <span class='ocr_line' id='line_1_20' title="bbox 184 2808 1355 2896; baseline 0.002 -21"><span class='ocrx_word' id='word_1_170' title='bbox 184 2808 340 2877; x_wconf 85' lang='lat' dir='ltr'><strong>abfuisse.</strong></span> <span class='ocrx_word' id='word_1_171' title='bbox 385 2810 526 2877; x_wconf 87' lang='lat' dir='ltr'><strong>Tacitus</strong></span> <span class='ocrx_word' id='word_1_172' title='bbox 547 2818 558 2853; x_wconf 81' lang='lat'><strong>³</strong></span> <span class='ocrx_word' id='word_1_173' title='bbox 578 2811 690 2896; x_wconf 90' lang='lat' dir='ltr'><strong>itaque</strong></span> <span class='ocrx_word' id='word_1_174' title='bbox 711 2812 746 2879; x_wconf 92' lang='lat' dir='ltr'><strong>in</strong></span> <span class='ocrx_word' id='word_1_175' title='bbox 768 2813 855 2878; x_wconf 94' lang='lat' dir='ltr'><strong>bello</strong></span> <span class='ocrx_word' id='word_1_176' title='bbox 877 2811 998 2879; x_wconf 91' lang='lat' dir='ltr'><strong>Civilis</strong></span> <span class='ocrx_word' id='word_1_177' title='bbox 1011 2811 1194 2878; x_wconf 87' lang='lat' dir='ltr'><strong>Germanos</strong></span> <span class='ocrx_word' id='word_1_178' title='bbox 1211 2813 1355 2895; x_wconf 89' lang='lat' dir='ltr'><strong>adprae-</strong></span> 
     </span>
    </p>

    <p class='ocr_par' dir='ltr' id='par_1_7' title="bbox 183 2920 1357 3230">
     <span class='ocr_line' id='line_1_21' title="bbox 184 2920 1355 3007; baseline 0.002 -20"><span class='ocrx_word' id='word_1_179' title='bbox 184 2920 258 2987; x_wconf 86' lang='lat' dir='ltr'><strong>dam</strong></span> <span class='ocrx_word' id='word_1_180' title='bbox 285 2936 468 3005; x_wconf 88' lang='lat' dir='ltr'><strong>pugnantes</strong></span> <span class='ocrx_word' id='word_1_181' title='bbox 499 2922 650 3003; x_wconf 91' lang='lat' dir='ltr'><strong>inducit,</strong></span> <span class='ocrx_word' id='word_1_182' title='bbox 673 2923 815 2990; x_wconf 80' lang='lat' dir='ltr'><strong>batavos</strong></span> <span class='ocrx_word' id='word_1_183' title='bbox 834 2943 894 3006; x_wconf 91' lang='lat' dir='ltr'><strong>pro</strong></span> <span class='ocrx_word' id='word_1_184' title='bbox 914 2923 1028 3007; x_wconf 89' lang='lat' dir='ltr'><strong>gloria.</strong></span> <span class='ocrx_word' id='word_1_185' title='bbox 1073 2924 1218 2989; x_wconf 86' lang='lat' dir='ltr'><strong>Proximi</strong></span> <span class='ocrx_word' id='word_1_186' title='bbox 1241 2938 1355 2990; x_wconf 91' lang='lat' dir='ltr'><strong>nostro</strong></span> 
     </span>
     <span class='ocr_line' id='line_1_22' title="bbox 183 3033 1356 3117; baseline 0 -18"><span class='ocrx_word' id='word_1_187' title='bbox 183 3034 315 3099; x_wconf 86' lang='lat' dir='ltr'><strong>saeculo</strong></span> <span class='ocrx_word' id='word_1_188' title='bbox 338 3048 371 3099; x_wconf 92' lang='lat' dir='ltr'><strong>et</strong></span> <span class='ocrx_word' id='word_1_189' title='bbox 392 3033 516 3099; x_wconf 84' lang='lat' dir='ltr'><strong>externi</strong></span> <span class='ocrx_word' id='word_1_190' title='bbox 534 3034 710 3116; x_wconf 88' lang='lat' dir='ltr'><strong>scriptores</strong></span> <span class='ocrx_word' id='word_1_191' title='bbox 732 3040 745 3077; x_wconf 78' lang='lat'>⁴</span> <span class='ocrx_word' id='word_1_192' title='bbox 764 3034 799 3100; x_wconf 93' lang='lat' dir='ltr'><strong>in</strong></span> <span class='ocrx_word' id='word_1_193' title='bbox 823 3034 965 3099; x_wconf 88' lang='lat' dir='ltr'><strong>eamdem</strong></span> <span class='ocrx_word' id='word_1_194' title='bbox 987 3033 1180 3101; x_wconf 90' lang='lat' dir='ltr'><strong>sententiam</strong></span> <span class='ocrx_word' id='word_1_195' title='bbox 1204 3033 1356 3117; x_wconf 90' lang='lat' dir='ltr'><strong>prodide-</strong></span> 
     </span>
     <span class='ocr_line' id='line_1_23' title="bbox 183 3144 1357 3230; baseline 0 -21"><span class='ocrx_word' id='word_1_196' title='bbox 183 3159 285 3224; x_wconf 88' lang='lat' dir='ltr'><strong>runt,</strong></span> <span class='ocrx_word' id='word_1_197' title='bbox 305 3144 492 3211; x_wconf 87' lang='lat' dir='ltr'><strong>Hollandos</strong></span> <span class='ocrx_word' id='word_1_198' title='bbox 514 3144 656 3211; x_wconf 90' lang='lat' dir='ltr'><strong>eminere</strong></span> <span class='ocrx_word' id='word_1_199' title='bbox 678 3144 762 3211; x_wconf 90' lang='lat' dir='ltr'><strong>inter</strong></span> <span class='ocrx_word' id='word_1_200' title='bbox 786 3160 898 3230; x_wconf 91' lang='lat' dir='ltr'><strong>gentes</strong></span> <span class='ocrx_word' id='word_1_201' title='bbox 920 3144 1134 3212; x_wconf 87' lang='lat' dir='ltr'><strong>Germanicas</strong></span> <span class='ocrx_word' id='word_1_202' title='bbox 1146 3145 1243 3211; x_wconf 89' lang='lat' dir='ltr'><strong>alieni</strong></span> <span class='ocrx_word' id='word_1_203' title='bbox 1256 3144 1357 3210; x_wconf 89' lang='lat' dir='ltr'><strong>absti-</strong></span> 
     </span>
    </p>

    <p class='ocr_par' dir='ltr' id='par_1_8' title="bbox 148 3255 1380 3895">
     <span class='ocr_line' id='line_1_24' title="bbox 148 3255 1356 3351; baseline 0.002 -32"><span class='ocrx_word' id='word_1_204' title='bbox 148 3346 152 3351; x_wconf 91' lang='lat'>.</span> <span class='ocrx_word' id='word_1_205' title='bbox 185 3255 308 3321; x_wconf 89' lang='lat' dir='ltr'><strong>nentia.</strong></span> <span class='ocrx_word' id='word_1_206' title='bbox 355 3255 429 3320; x_wconf 91' lang='lat' dir='ltr'><strong>Hoc</strong></span> <span class='ocrx_word' id='word_1_207' title='bbox 452 3255 526 3337; x_wconf 92' lang='lat' dir='ltr'><strong>ipso</strong></span> <span class='ocrx_word' id='word_1_208' title='bbox 549 3270 694 3337; x_wconf 91' lang='lat' dir='ltr'><strong>tempore</strong></span> <span class='ocrx_word' id='word_1_209' title='bbox 718 3255 752 3321; x_wconf 89' lang='lat' dir='ltr'><strong>in</strong></span> <span class='ocrx_word' id='word_1_210' title='bbox 773 3255 829 3321; x_wconf 86' lang='lat' dir='ltr'><strong>illa</strong></span> <span class='ocrx_word' id='word_1_211' title='bbox 850 3256 921 3339; x_wconf 88' lang='lat' dir='ltr'><strong>ipsa</strong></span> <span class='ocrx_word' id='word_1_212' title='bbox 944 3256 1036 3323; x_wconf 90' lang='lat' dir='ltr'><strong>India</strong></span> <span class='ocrx_word' id='word_1_213' title='bbox 1057 3255 1140 3338; x_wconf 92' lang='lat' dir='ltr'><strong>quid</strong></span> <span class='ocrx_word' id='word_1_214' title='bbox 1163 3256 1204 3323; x_wconf 90' lang='lat' dir='ltr'><strong>de</strong></span> <span class='ocrx_word' id='word_1_215' title='bbox 1226 3255 1356 3323; x_wconf 86' lang='lat' dir='ltr'><strong>Batavis</strong></span> 
     </span>
     <span class='ocr_line' id='line_1_25' title="bbox 185 3364 1380 3455; baseline 0.002 -24"><span class='ocrx_word' id='word_1_216' title='bbox 185 3364 305 3431; x_wconf 87' lang='lat' dir='ltr'><strong>sentire</strong></span> <span class='ocrx_word' id='word_1_217' title='bbox 325 3380 487 3451; x_wconf 87' lang='lat' dir='ltr'><strong>cogantur</strong></span> <span class='ocrx_word' id='word_1_218' title='bbox 505 3365 681 3449; x_wconf 91' lang='lat' dir='ltr'><strong>Lusitani,</strong></span> <span class='ocrx_word' id='word_1_219' title='bbox 706 3366 817 3433; x_wconf 88' lang='lat' dir='ltr'><strong>literae</strong></span> <span class='ocrx_word' id='word_1_220' title='bbox 839 3367 881 3432; x_wconf 89' lang='lat' dir='ltr'><strong>ad</strong></span> <span class='ocrx_word' id='word_1_221' title='bbox 903 3386 1011 3451; x_wconf 88' lang='lat' dir='ltr'><strong>regem</strong></span> <span class='ocrx_word' id='word_1_222' title='bbox 1030 3368 1246 3434; x_wconf 87' lang='lat' dir='ltr'><strong>Malaccensis</strong></span> <span class='ocrx_word' id='word_1_223' title='bbox 1269 3367 1380 3455; x_wconf 40' lang='lat' dir='ltr'><strong>epis(</strong></span> 
     </span>
     <span class='ocr_line' id='line_1_26' title="bbox 186 3476 1358 3566; baseline 0.003 -26"><span class='ocrx_word' id='word_1_224' title='bbox 186 3476 261 3557; x_wconf 92' lang='lat' dir='ltr'><strong>copi</strong></span> <span class='ocrx_word' id='word_1_225' title='bbox 290 3476 370 3543; x_wconf 90' lang='lat' dir='ltr'><strong>satis</strong></span> <span class='ocrx_word' id='word_1_226' title='bbox 401 3476 557 3542; x_wconf 89' lang='lat' dir='ltr'><strong>indicant.</strong></span> <span class='ocrx_word' id='word_1_227' title='bbox 603 3477 698 3542; x_wconf 84' lang='lat' dir='ltr'><strong>Mali</strong></span> <span class='ocrx_word' id='word_1_228' title='bbox 728 3478 838 3559; x_wconf 81' lang='lat' dir='ltr'><strong>nihil,</strong></span> <span class='ocrx_word' id='word_1_229' title='bbox 873 3477 1003 3560; x_wconf 88' lang='lat' dir='ltr'><strong>inquit,</strong></span> <span class='ocrx_word' id='word_1_230' title='bbox 1036 3478 1202 3566; x_wconf 78' lang='lat' dir='ltr'><strong>indigenis</strong></span> <span class='ocrx_word' id='word_1_231' title='bbox 1233 3478 1358 3544; x_wconf 78' lang='lat' dir='ltr'><strong>intula-</strong></span> 
     </span>
     <span class='ocr_line' id='line_1_27' title="bbox 186 3587 1358 3676; baseline 0.004 -27"><span class='ocrx_word' id='word_1_232' title='bbox 186 3600 293 3666; x_wconf 81' lang='lat' dir='ltr'><strong>rant,</strong></span> <span class='ocrx_word' id='word_1_233' title='bbox 324 3591 434 3653; x_wconf 81' lang='lat' dir='ltr'><strong>minus</strong></span> <span class='ocrx_word' id='word_1_234' title='bbox 463 3592 564 3652; x_wconf 80' lang='lat' dir='ltr'><strong>etiam</strong></span> <span class='ocrx_word' id='word_1_235' title='bbox 594 3588 799 3653; x_wconf 82' lang='lat' dir='ltr'><strong>Lusitanis:</strong></span> <span class='ocrx_word' id='word_1_236' title='bbox 834 3588 923 3653; x_wconf 84' lang='lat' dir='ltr'><strong>nulli</strong></span> <span class='ocrx_word' id='word_1_237' title='bbox 946 3588 1086 3675; x_wconf 79' lang='lat' dir='ltr'><strong>denique</strong></span> <span class='ocrx_word' id='word_1_238' title='bbox 1107 3593 1239 3654; x_wconf 82' lang='lat' dir='ltr'><strong>nationi</strong></span> <span class='ocrx_word' id='word_1_239' title='bbox 1260 3587 1358 3676; x_wconf 83' lang='lat' dir='ltr'><strong>qaid-</strong></span> 
     </span>
     <span class='ocr_line' id='line_1_28' title="bbox 186 3696 1357 3783; baseline 0.003 -23"><span class='ocrx_word' id='word_1_240' title='bbox 186 3716 287 3781; x_wconf 87' lang='lat' dir='ltr'><strong>qaam</strong></span> <span class='ocrx_word' id='word_1_241' title='bbox 318 3712 481 3763; x_wconf 81' lang='lat' dir='ltr'><strong>crearunt</strong></span> <span class='ocrx_word' id='word_1_242' title='bbox 513 3696 695 3763; x_wconf 79' lang='lat' dir='ltr'><strong>molestiae.</strong></span> <span class='ocrx_word' id='word_1_243' title='bbox 751 3698 797 3764; x_wconf 86' lang='lat' dir='ltr'><strong>Et</strong></span> <span class='ocrx_word' id='word_1_244' title='bbox 825 3718 922 3764; x_wconf 87' lang='lat' dir='ltr'><strong>mox:</strong></span> <span class='ocrx_word' id='word_1_245' title='bbox 953 3697 1092 3783; x_wconf 79' lang='lat' dir='ltr'><strong>Accaptr‘</strong></span> <span class='ocrx_word' id='word_1_246' title='bbox 1123 3698 1298 3765; x_wconf 83' lang='lat' dir='ltr'><strong>admodum</strong></span> <span class='ocrx_word' id='word_1_247' title='bbox 1325 3713 1357 3764; x_wconf 81' lang='lat' dir='ltr'><strong>at</strong></span> 
     </span>
     <span class='ocr_line' id='line_1_29' title="bbox 183 3807 1357 3895; baseline 0.003 -25"><span class='ocrx_word' id='word_1_248' title='bbox 183 3810 284 3893; x_wconf 85' lang='lat' dir='ltr'><strong>grati</strong></span> <span class='ocrx_word' id='word_1_249' title='bbox 306 3807 472 3894; x_wconf 80' lang='lat' dir='ltr'><strong>indigenis</strong></span> <span class='ocrx_word' id='word_1_250' title='bbox 494 3822 617 3888; x_wconf 83' lang='lat' dir='ltr'><strong>erant,</strong></span> <span class='ocrx_word' id='word_1_251' title='bbox 641 3812 797 3893; x_wconf 83' lang='lat' dir='ltr'><strong>quoniam</strong></span> <span class='ocrx_word' id='word_1_252' title='bbox 812 3811 913 3895; x_wconf 82' lang='lat' dir='ltr'><strong>justa</strong></span> <span class='ocrx_word' id='word_1_253' title='bbox 936 3812 1131 3873; x_wconf 80' lang='lat' dir='ltr'><strong>commercia</strong></span> <span class='ocrx_word' id='word_1_254' title='bbox 1160 3808 1357 3874; x_wconf 76' lang='lat' dir='ltr'><strong>exercebant</strong></span> 
     </span>
    </p>

    <p class='ocr_par' dir='ltr' id='par_1_9' title="bbox 186 3918 1357 4003">
     <span class='ocr_line' id='line_1_30' title="bbox 186 3918 1357 4003; baseline 0.005 -25"><span class='ocrx_word' id='word_1_255' title='bbox 186 3918 257 3979; x_wconf 81' lang='lat' dir='ltr'><strong>siaa</strong></span> <span class='ocrx_word' id='word_1_256' title='bbox 285 3919 321 3983; x_wconf 79' lang='lat' dir='ltr'><strong>ri</strong></span> <span class='ocrx_word' id='word_1_257' title='bbox 351 3930 453 4001; x_wconf 83' lang='lat' dir='ltr'><strong>arqaa</strong></span> <span class='ocrx_word' id='word_1_258' title='bbox 484 3920 630 4003; x_wconf 76' lang='lat' dir='ltr'><strong>im&#39;uria.</strong></span> <span class='ocrx_word' id='word_1_259' title='bbox 677 3918 827 4001; x_wconf 85' lang='lat' dir='ltr'><strong>Apparet</strong></span> <span class='ocrx_word' id='word_1_260' title='bbox 859 3918 1000 3984; x_wconf 90' lang='lat' dir='ltr'><strong>Batavos</strong></span> <span class='ocrx_word' id='word_1_261' title='bbox 1020 3918 1103 3985; x_wconf 92' lang='lat' dir='ltr'><strong>nihil</strong></span> <span class='ocrx_word' id='word_1_262' title='bbox 1124 3934 1251 4001; x_wconf 89' lang='lat' dir='ltr'><strong>praeter</strong></span> <span class='ocrx_word' id='word_1_263' title='bbox 1270 3937 1357 3984; x_wconf 88' lang='lat' dir='ltr'><strong>com·</strong></span> 
     </span>
    </p>
   </div>
   <div class='ocr_carea' id='block_1_3' title="bbox 185 4024 1358 4110">
    <p class='ocr_par' dir='ltr' id='par_1_10' title="bbox 185 4024 1358 4110">
     <span class='ocr_line' id='line_1_31' title="bbox 185 4024 1358 4110; baseline 0.006 -22"><span class='ocrx_word' id='word_1_264' title='bbox 185 4024 304 4090; x_wconf 89' lang='lat' dir='ltr'><strong>mercia</strong></span> <span class='ocrx_word' id='word_1_265' title='bbox 336 4026 538 4107; x_wconf 90' lang='lat' dir='ltr'><strong>quaesivisse</strong></span> <span class='ocrx_word' id='word_1_266' title='bbox 572 4044 604 4095; x_wconf 93' lang='lat' dir='ltr'><strong>et</strong></span> <span class='ocrx_word' id='word_1_267' title='bbox 635 4028 687 4095; x_wconf 91' lang='lat' dir='ltr'><strong>his</strong></span> <span class='ocrx_word' id='word_1_268' title='bbox 717 4044 889 4095; x_wconf 90' lang='lat' dir='ltr'><strong>contentos</strong></span> <span class='ocrx_word' id='word_1_269' title='bbox 920 4027 1029 4096; x_wconf 89' lang='lat' dir='ltr'><strong>fuisse·</strong></span> <span class='ocrx_word' id='word_1_270' title='bbox 1052 4028 1206 4110; x_wconf 85' lang='lat' dir='ltr'><strong>futuros,</strong></span> <span class='ocrx_word' id='word_1_271' title='bbox 1238 4028 1301 4093; x_wconf 94' lang='lat' dir='ltr'><strong>nisi</strong></span> <span class='ocrx_word' id='word_1_272' title='bbox 1324 4028 1358 4095; x_wconf 90' lang='lat' dir='ltr'><strong>in</strong></span> 
     </span>
    </p>
   </div>
   <div class='ocr_carea' id='block_1_4' title="bbox 185 4305 1359 4539">
    <p class='ocr_par' dir='ltr' id='par_1_11' title="bbox 185 4305 1359 4539">
     <span class='ocr_line' id='line_1_32' title="bbox 221 4305 1357 4375; baseline 0.006 -20"><span class='ocrx_word' id='word_1_273' title='bbox 221 4305 229 4338; x_wconf 92' lang='lat'>¹</span> <span class='ocrx_word' id='word_1_274' title='bbox 249 4309 346 4357; x_wconf 82' lang='lat' dir='ltr'><strong>strabo.</strong></span> <span class='ocrx_word' id='word_1_275' title='bbox 364 4309 403 4371; x_wconf 89' lang='lat' dir='ltr'><strong>[p.</strong></span> <span class='ocrx_word' id='word_1_276' title='bbox 421 4322 476 4371; x_wconf 69' lang='lat'><strong>¹⁵4</strong></span> <span class='ocrx_word' id='word_1_277' title='bbox 489 4309 527 4373; x_wconf 89' lang='lat' dir='ltr'><strong>b.]</strong></span> <span class='ocrx_word' id='word_1_278' title='bbox 544 4312 622 4360; x_wconf 90' lang='lat' dir='ltr'><strong>Diod.</strong></span> <span class='ocrx_word' id='word_1_279' title='bbox 636 4310 686 4359; x_wconf 88' lang='lat' dir='ltr'><strong>sic.</strong></span> <span class='ocrx_word' id='word_1_280' title='bbox 704 4312 743 4373; x_wconf 90' lang='lat' dir='ltr'><strong>[p.</strong></span> <span class='ocrx_word' id='word_1_281' title='bbox 763 4323 819 4367; x_wconf 79' lang='lat' dir='ltr'><strong>aas.</strong></span> <span class='ocrx_word' id='word_1_282' title='bbox 836 4310 872 4374; x_wconf 91' lang='lat' dir='ltr'><strong>c.]</strong></span> <span class='ocrx_word' id='word_1_283' title='bbox 893 4311 994 4361; x_wconf 84' lang='lat' dir='ltr'><strong>Servius</strong></span> <span class='ocrx_word' id='word_1_284' title='bbox 1011 4313 1043 4360; x_wconf 84' lang='lat' dir='ltr'><strong>ad</strong></span> <span class='ocrx_word' id='word_1_285' title='bbox 1054 4314 1071 4359; x_wconf 91' lang='lat'><strong>1.</strong></span> <span class='ocrx_word' id='word_1_286' title='bbox 1082 4323 1105 4369; x_wconf 73' lang='lat'><strong>3.</strong></span> <span class='ocrx_word' id='word_1_287' title='bbox 1123 4313 1215 4372; x_wconf 84' lang='lat' dir='ltr'><strong>Georg.</strong></span> <span class='ocrx_word' id='word_1_288' title='bbox 1226 4312 1277 4374; x_wconf 87' lang='lat' dir='ltr'><strong>[vs.</strong></span> <span class='ocrx_word' id='word_1_289' title='bbox 1290 4314 1357 4375; x_wconf 67' lang='lat' dir='ltr'><strong>rom]</strong></span> 
     </span>
     <span class='ocr_line' id='line_1_33' title="bbox 185 4396 1359 4464; baseline 0.006 -19"><span class='ocrx_word' id='word_1_290' title='bbox 185 4396 197 4431; x_wconf 83' lang='lat'><strong>¹</strong></span> <span class='ocrx_word' id='word_1_291' title='bbox 214 4400 245 4445; x_wconf 89' lang='lat' dir='ltr'><strong>V.</strong></span> <span class='ocrx_word' id='word_1_292' title='bbox 264 4400 338 4448; x_wconf 86' lang='lat' dir='ltr'><strong>osor.</strong></span> <span class='ocrx_word' id='word_1_293' title='bbox 354 4398 400 4449; x_wconf 92' lang='lat' dir='ltr'><strong>lib.</strong></span> <span class='ocrx_word' id='word_1_294' title='bbox 415 4414 438 4449; x_wconf 83' lang='lat'><strong>1.</strong></span> <span class='ocrx_word' id='word_1_295' title='bbox 471 4399 482 4434; x_wconf 81' lang='lat'><strong>¹</strong></span> <span class='ocrx_word' id='word_1_296' title='bbox 499 4401 596 4451; x_wconf 77' lang='lat' dir='ltr'><strong>Histoe.</strong></span> <span class='ocrx_word' id='word_1_297' title='bbox 605 4402 650 4451; x_wconf 90' lang='lat' dir='ltr'><strong>lib.</strong></span> <span class='ocrx_word' id='word_1_298' title='bbox 665 4416 689 4463; x_wconf 87' lang='lat'><strong>4.</strong></span> <span class='ocrx_word' id='word_1_299' title='bbox 706 4401 717 4434; x_wconf 91' lang='lat'><strong>⁴</strong></span> <span class='ocrx_word' id='word_1_300' title='bbox 736 4404 909 4452; x_wconf 82' lang='lat' dir='ltr'><strong>Chassanaeus</strong></span> <span class='ocrx_word' id='word_1_301' title='bbox 925 4404 956 4451; x_wconf 83' lang='lat' dir='ltr'><strong>ad</strong></span> <span class='ocrx_word' id='word_1_302' title='bbox 974 4414 1090 4451; x_wconf 83' lang='lat' dir='ltr'><strong>consuet.</strong></span> <span class='ocrx_word' id='word_1_303' title='bbox 1106 4402 1181 4463; x_wconf 75' lang='lat' dir='ltr'><strong>surg.</strong></span> <span class='ocrx_word' id='word_1_304' title='bbox 1194 4402 1220 4452; x_wconf 91' lang='lat' dir='ltr'><strong>in</strong></span> <span class='ocrx_word' id='word_1_305' title='bbox 1230 4404 1310 4464; x_wconf 87' lang='lat' dir='ltr'><strong>praef.</strong></span> <span class='ocrx_word' id='word_1_306' title='bbox 1328 4405 1359 4453; x_wconf 86' lang='lat' dir='ltr'><strong>ad</strong></span> 
     </span>
     <span class='ocr_line' id='line_1_34' title="bbox 186 4480 609 4539; baseline 0.005 -1"><span class='ocrx_word' id='word_1_307' title='bbox 186 4504 213 4538; x_wconf 90' lang='lat' dir='ltr'><strong>v.</strong></span> <span class='ocrx_word' id='word_1_308' title='bbox 228 4488 388 4539; x_wconf 85' lang='lat' dir='ltr'><strong>Hollandiae.</strong></span> <span class='ocrx_word' id='word_1_309' title='bbox 604 4480 609 4490; x_wconf 86' lang='lat'>&#39;</span> 
     </span>
    </p>
   </div>
   <div class='ocr_carea' id='block_1_5' title="bbox 0 0 1732 5434">
    <p class='ocr_par' dir='ltr' id='par_1_12' title="bbox 0 0 1732 5434">
     <span class='ocr_line' id='line_1_35' title="bbox 0 0 1732 5434; baseline 0 0"><span class='ocrx_word' id='word_1_310' title='bbox 0 0 1732 5434; x_wconf 95' lang='lat' dir='ltr'><strong> </strong></span> 
     </span>
    </p>
   </div>
  </div>
 </body>
</html>
