3450 5434
505 649 552 696 DE
577 648 671 716 JURE
697 646 883 693 PRAEDAE.
901 645 992 692 xCAP.
1017 645 1074 693 111.
1335 645 1376 710 39

200 827 268 874 non
290 821 440 891 possunt.
485 805 597 892 Quare
618 801 704 868 sicut
722 799 806 866 inter
827 800 1015 882 Hebraeos,
1036 803 1169 885 junctos
1190 819 1258 866 non
1277 801 1376 865 modo

201 919 369 1005 religionis
387 917 447 984 sed
464 932 496 982 et
525 899 725 998 reipublicae
747 927 779 978 et
798 913 966 998 sanguinis
987 913 1141 993 vincu10‚
1161 914 1249 997 justa
1269 926 1375 976 tamen

203 1032 288 1097 bella
306 1028 409 1098 fuisse
428 1027 642 1096 certissimum
661 1041 710 1092 est
732 1035 764 1107 ¹,
790 1024 834 1090 ita
857 1026 939 1107 quin
960 1025 1044 1090 idem
1065 1025 1149 1090 inter
1169 1023 1376 1090 Christianos

203 1140 332 1208 evenire
350 1141 470 1224 possit,
499 1139 649 1205 dubitare
671 1157 736 1202 non
758 1137 922 1202 convenit.
967 1137 1055 1202 Illud
1066 1136 1195 1203 interim
1207 1134 1375 1202 fatendum

204 1251 336 1318 minime
363 1273 402 1318 ex
428 1250 535 1317 offitio
556 1248 818 1316 Christianorum
840 1247 1009 1314 hominum
1031 1269 1086 1316 eos
1105 1247 1227 1329 facere,
1251 1248 1309 1330 qui
1328 1246 1378 1313 in·

202 1362 299 1448 juniis
328 1363 396 1430 suis
427 1383 587 1430 armorum
617 1375 781 1445 praestant
803 1361 1024 1442 occasionem,
1053 1380 1127 1426 cum
1146 1374 1272 1443 praeter
1292 1379 1380 1424 com·

205 1494 334 1540 munem
361 1474 465 1542 totius
495 1473 705 1540 humanitatis
732 1472 1003 1538 necessitudinem
1033 1471 1188 1556 peculiari
1207 1470 1325 1538 amoris
1349 1486 1380 1536 et

205 1585 396 1654 concordiae
418 1601 618 1652 sacramento
641 1585 836 1670 obligentur.

249 1700 468 1781 Nequaquam
501 1717 579 1764 vero
600 1697 652 1763 his
673 1695 856 1765 rationibus
878 1711 1037 1780 repugnat
1058 1695 1149 1777 quod
1172 1709 1203 1760 et
1224 1693 1380 1760 Christus

207 1811 276 1894 ipse
297 1825 328 1875 et
350 1809 563 1893 philosophi,
586 1806 746 1874 Platonici
766 1807 927 1889 maxime,
953 1821 1063 1874 vetant
1081 1814 1114 1878 τὸ
1132 1810 1381 1886 inebramin-

198 1925 334 2009 juriam
358 1936 522 2007 reponere.
568 1919 654 1986 Nam
675 1919 757 2002 quid
780 1917 823 1985 sit
842 1919 934 2001 quod
952 1920 992 1985 ab
1013 1919 1079 1985 illis
1098 1919 1316 2003 improbetur,
1341 1939 1380 1982 ex

207 2032 260 2100 his
293 2053 376 2114 quae
408 2049 505 2114 supra
537 2032 577 2098 de
610 2029 725 2115 poenis
754 2029 829 2096 fuse
852 2031 931 2096 satis
953 2031 1163 2096 tractavimus
1182 2029 1217 2111 ²,
1241 2029 1380 2114 intelligi

212 2159 330 2229 potest.
376 2143 421 2208 Et
449 2143 588 2226 primurn
618 2142 696 2208 satis
728 2123 855 2210 constat
882 2157 1051 2225 praecepta
1074 2142 1128 2207 illa
1150 2141 1287 2225 privatis
1309 2141 1383 2206 data

212 2272 244 2323 et
268 2254 420 2322 ecclesiae
443 2254 660 2335 administris,
691 2273 776 2337 quos
797 2255 857 2320 hac
878 2254 910 2319 in
938 2269 1028 2337 parte
1051 2253 1207 2319 Christus
1238 2252 1384 2337 privatos

215 2387 285 2434 esse
307 2366 437 2447 voluit,
460 2366 644 2448 meritoque
673 2366 707 2432 id
728 2365 895 2450 prohiberi
918 2365 1009 2448 quod
1037 2385 1253 2446 concessum,
1276 2380 1314 2430 ut
1343 2365 1384 2431 ad

209 2483 310 2565 legem
336 2497 452 2544 nonam
475 2476 638 2558 diximus,
667 2492 774 2543 toturn
798 2477 944 2542 ordinem
966 2476 1163 2559 reipublicae
1182 2478 1385 2559 perturbaret

208 2593 346 2676 ejusque
369 2588 635 2671 tranquillitatem
656 2591 872 2655 convelleret:
898 2588 1171 2671 quemadmodum
1182 2588 1309 2670 antiqui
1327 2588 1381 2672 ju-

210 2703 255 2769 ris
278 2701 564 2786 regula⁸testatnr
586 2719 652 2766 non
675 2719 744 2766 esse
768 2701 906 2786 singulis
926 2700 1200 2784 permittendum,
1225 2698 1316 2781 quod
1328 2720 1385 2782 per

211 2813 433 2908 magistratum
463 2810 594 2895 publice
614 2812 719 2894 possit
743 2811 832 2892 fieri,
853 2831 895 2876 ne
915 2811 957 2876 sit
978 2810 1106 2876 occasio
1116 2809 1250 2894 majoris
1260 2812 1383 2876 tumul-

211 2941 275 2990 tus.
323 2924 397 2989 Hoc
416 2921 522 3006 ipsum
543 2937 649 2989 tamen
674 2943 849 3005 quousque
870 2922 1001 2993 extendi
1020 2922 1137 2987 debeat
1159 2920 1237 2986 alibi
1257 2921 1384 2986 videbi·

213 3055 296 3101 mus.
343 3035 474 3100 Interim
497 3049 627 3118 apparet
648 3053 701 3099 eas
722 3033 896 3100 sententias
917 3035 958 3100 ad
976 3033 1108 3117 publica
1127 3052 1214 3098 arma
1234 3051 1301 3098 non
1312 3011 1383 3116 per-

211 3147 325 3212 tinere.
369 3146 462 3226 ‚Celsi
493 3145 639 3228 alioquin
663 3161 694 3211 et
720 3146 869 3231 Juliani,
892 3162 1022 3213 nostrae
1054 3144 1184 3230 pietatis
1215 3145 1384 3226 hostiurn,

210 3257 408 3325 accusationi
442 3257 744 3338 subscriberemus,
777 3258 835 3341 qui
860 3258 1068 3325 Christianos
1098 3256 1284 3323 calumniati
1307 3271 1385 3323 sunt

212 3391 284 3436 cum
309 3368 433 3435 ultione
461 3370 534 3454 jura
563 3368 671 3434 omnia
698 3372 812 3435 tollere
834 3385 866 3436 et
889 3370 1096 3456 magistratus
1117 3388 1303 3453 poenasque
1324 3387 1384 3434 no·

213 3481 366 3546 centium.
411 3480 514 3568 Quod
543 3494 669 3545 tanturn
704 3481 818 3562 abest,
859 3497 897 3547 ut
928 3498 1041 3548 contra
1068 3481 1217 3566 theologi
1248 3479 1385 3546 nostri*

213 3591 467 3658 vindicationem
487 3591 520 3656 in
539 3591 700 3658 virtutum
720 3611 818 3658 censu
843 3594 1001 3674 habeant,
1023 3608 1060 3659 ut
1076 3592 1222 3677 justitiae
1241 3591 1385 3676 pedisse·

215 3723 322 3785 quam.
369 3703 520 3768 Alterum
553 3701 694 3784 vltium,
723 3705 815 3786 quod
841 3706 901 3769 hac
923 3705 956 3769 in
980 3717 1070 3788 parte
1100 3704 1224 3786 culpari
1255 3718 1387 3787 potest,

183 3843 186 3848 ·
214 3813 422 3881 manifestius
453 3829 502 3880 est
530 3835 627 3896 quam
649 3829 685 3880 ut
707 3814 773 3880 dici
796 3835 928 3880 necesse
949 3815 1014 3897 sit,
1038 3814 1190 3881 nimirum
1211 3815 1269 3880 ubi
1292 3835 1389 3880 causa

191 3913 393 3994 ‘ulciscendi
416 3924 537 4011 iniusta
558 3940 616 3991 est.
652 3925 802 3992 Tertium
825 3927 882 3992 ubi
903 3927 1022 3992 modus
1034 3927 1223 4007 exceditur,
1243 3925 1301 4008 qui
1313 3945 1387 4009 pec-

198 4053 287 4104 ·cato
312 4017 508 4121 respondet:
534 4037 617 4104 illud
634 4037 799 4122 justitiae,
820 4040 884 4104 hoc
906 4038 1095 4104 clementiae
1108 4057 1179 4104 esse
1190 4034 1387 4104 contrarium

217 4149 339 4216 Seneca
362 4155 373 4187 ⁵
398 4148 539 4252 scripsit.
585 4150 748 4237 Quartum
779 4164 850 4232 est,
875 4150 933 4217 ubi
960 4170 1026 4216 non
1053 4151 1144 4235 justo
1167 4149 1273 4215 animo
1304 4147 1387 4213 ultio

215 4302 408 4320 unq—*—

250 4383 257 4416 ¹
276 4385 333 4447 Jud.
348 4397 389 4434 ao.
404 4395 443 4440 23.
477 4379 488 4414 ²
506 4395 562 4442 cap.
577 4397 599 4432 a.
633 4381 644 4414 ³
661 4385 679 4432 l.
693 4397 744 4432 non
760 4395 797 4432 esr
812 4383 926 4446 singulis.
940 4383 966 4433 ll'.
981 4387 1012 4434 de
1026 4398 1078 4445 reg.
1093 4383 1142 4441 jur.
1158 4385 1203 4445 [D.
1218 4385 1386 4446 50·17·17⁶·]

217 4473 336 4524 ⁴Thom.
357 4488 379 4522 2.
403 4487 426 4522 a.
448 4487 473 4534 q.
496 4487 537 4531 72·
558 4485 603 4523 arr.
625 4487 648 4532 ³·
670 4475 1390 4535 etq.108.et158.Silv.inv.lra.§aet3.etinv.

220 4566 348 4616 Vindicta.
381 4565 443 4614 ⁵de
458 4567 533 4616 clem.
547 4567 564 4614 l.
583 4579 604 4614 1.
619 4579 642 4616 c.
659 4580 691 4615 20
705 4577 729 4614 et
745 4569 762 4614 l.
779 4581 802 4615 a.
817 4580 839 4615 c.
854 4580 879 4628 4.
