3450 5434
555 654 603 701 DE
625 653 718 720 JURE
745 652 929 699 rnnnnntt.
954 653 1033 701 CAP.
1058 652 1108 700 xl.
1351 652 1410 715 171

240 824 273 874 er
295 828 398 892 aquae
411 794 486 874 'usu
508 807 621 874 Batavi
645 809 846 875 arcebantur.
870 806 944 873 Nec
968 806 1098 874 illorum
1118 808 1233 874 melior
1247 806 1494 887 conditio,Anno
1510 835 1571 879 ¹⁵99·

240 940 326 1004 quos
348 918 529 987 Laurentio
550 918 714 1002 Bicquero
734 919 817 985 duce
838 917 1007 1003 profectos
1026 918 1270 1002 plurimumque
1295 920 1411 1004 pelago

236 1031 374 1116 jactatos
407 1030 643 1098 Lusitanorum
673 1049 809 1110 manus,
842 1029 923 1114 ipsis
943 1029 1068 1113 ubique
1091 1030 1236 1114 scopulis
1259 1029 1413 1097 formida·

242 1142 374 1210 biliores
396 1157 611 1226 exceperunt:
635 1142 740 1208 donec
751 1141 791 1207 ad
803 1140 933 1223 sinum,
947 1160 1045 1224 quern
1059 1142 1257 1209 Sanctorum
1266 1141 1411 1209 omnium

240 1268 380 1335 vocant,
403 1255 539 1338 appulsa
561 1252 655 1318 navis
677 1273 753 1319 curn
776 1251 943 1319 mercibus
965 1253 1101 1337 praedae
1120 1252 1248 1319 addicta
1261 1268 1329 1319 est:
1352 1254 1413 1318 ho·

240 1363 344 1430 mines
362 1364 502 1450 conjecti
521 1364 553 1430 iu
573 1363 729 1444 vincula,
755 1364 846 1446 quod
856 1384 896 1429 eo
906 1364 1086 1431 terribilius
1096 1363 1183 1446 fuit,
1206 1364 1285 1447 quia
1300 1366 1412 1433 eodem

240 1476 273 1542 in
297 1478 371 1542 loco
395 1474 489 1541 anuis
512 1491 585 1542 ante
609 1490 752 1559 quatuor
771 1475 862 1542 Galli
885 1475 1011 1557 aliquot
1027 1476 1178 1559 patibulo
1197 1476 1282 1544 affixi
1302 1478 1414 1545 audie-

239 1588 368 1653 bantur.
414 1586 487 1652 Nec
516 1585 646 1653 mitiora
664 1607 682 1653 a
702 1584 872 1653 Lusitanis
904 1587 1207 1669 Lusitanorumque
1240 1588 1413 1655 emissariis

163 1708 171 1728 ⁸
241 1698 455 1782 exspectanda
493 1697 567 1779 his,
607 1697 665 1779 qui
706 1717 784 1763 casu
816 1716 1017 1780 quocunque
1052 1696 1086 1764 in
1117 1714 1238 1781 partem
1270 1699 1412 1782 aliquam

241 1808 392 1877 Africani
414 1808 535 1875 littoris
556 1808 738 1875 deciderint
767 1808 1011 1893 Spilbergianae
1037 1810 1260 1891 ephemerides
1280 1812 1495 1879 demon-Auno
1508 1827 1569 1889 4⁶01·

240 1936 359 1987 strant.
406 1921 472 1987 Sed
500 1923 581 1986 tales
613 1939 675 2005 ego
705 1918 851 1986 fortunas
874 1920 943 1987 suis
966 1923 1129 2005 cujusque
1153 1921 1244 1988 libris
1267 1924 1414 2006 proditas

240 2033 305 2099 huc
327 2030 503 2099 transferre
525 2031 745 2115 supersedeo,
777 2032 855 2098 dum
870 2032 1059 2117 argumenti
1083 2034 1185 2100 nostri
1210 2034 1340 2119 propria
1361 2054 1413 2100 me

239 2158 407 2211 revocant.
1289 2150 1292 2163 '

282 2256 392 2322 Nemo
422 2256 529 2323 nescit
558 2256 645 2322 sicut
674 2255 854 2323 Castellani
886 2254 1056 2322 maximam
1072 2322 1075 2331 ,
1089 2256 1258 2323 Americae
1289 2274 1412 2342 partem
1425 2262 1570 2311 Arsiam.

238 2366 302 2433 sibi
331 2366 519 2448 vindicant,
552 2367 597 2433 ira
627 2367 807 2434 Lusitanos
838 2340 1053 2451 Aethiopici,
1086 2368 1214 2450 Indici,
1243 2368 1413 2437 Brasiliani

239 2478 363 2545 Oceani
391 2478 583 2545 commercia
608 2497 668 2547 sua
695 2498 766 2545 esse
794 2479 903 2559 velle,
937 2492 1080 2545 caeteros
1098 2499 1209 2545 omnes
1230 2482 1414 2549 excludere.

238 2589 276 2657 lu
300 2609 369 2672 quo
390 2610 466 2656 cum
487 2590 554 2657 illis
572 2606 700 2673 praeter
719 2589 893 2656 britannos
913 2604 945 2655 et
964 2589 1054 2655 Galli
1075 2605 1107 2656 et
1125 2590 1199 2657 Itali
1213 2592 1414 2676 etconjunc-

239 2700 383 2767 tissimae
416 2722 567 2784 quaeque
600 2716 714 2786 gentes
736 2700 820 2766 nihil
847 2700 1084 2784 concederent,
1107 2701 1224 2769 Batavi
1246 2718 1279 2769 et
1300 2703 1415 2769 hostes

240 2811 373 2879 ermari
395 2812 573 2897 plurimum
595 2815 741 2879 valentes
762 2830 829 2878 non
852 2828 1130 2897 repugnaverunt.
1176 2812 1258 2878 Erat
1280 2812 1412 2896 quidem

240 2923 321 3007 ipsis
348 2943 414 2989 non
440 2924 550 2991 minus
578 2944 676 3007 quam
706 2924 842 2991 caeteris
872 2938 1043 3008 perspecta
1063 2922 1160 2990 istius
1180 2924 1414 3009 postulationis

239 3035 416 3118 iniquitas:
441 3038 498 3102 sed
520 3036 607 3120 apud
630 3052 742 3103 nostra
755 3036 909 3121 ingenia,
934 3056 1017 3118 quae
1028 3053 1095 3101 non
1109 3050 1266 3118 quantum
1280 3034 1413 3117 liceret,

241 3148 297 3213 sed
320 3163 477 3230 quantum
497 3148 717 3215 necessarium
738 3162 823 3215 esset
842 3147 876 3213 in
896 3148 984 3213 bello
1003 3144 1187 3212 faciendum
1207 3146 1269 3212 sibi
1290 3164 1414 3231 semper

241 3257 488 3340 existimarunt,
520 3258 647 3341 aliquid
678 3258 774 3324 etiam
804 3279 865 3343 pro
888 3258 1043 3325 hostibus
1065 3257 1171 3325 valuit
1193 3252 1321 3325 veteris'
1337 3249 1413 3325 hinc

240 3369 468 3454 principatus,
503 3370 579 3437 inde
611 3370 777 3436 societatis
817 3370 986 3435 memoria.
1039 3369 1088 3435 Ita
1123 3369 1199 3435 dum
1235 3369 1414 3453 Hispanica

239 3481 461 3567 negotiatione
481 3480 654 3547 sustentari
674 3482 766 3565 plebs
784 3482 909 3564 potuit,
933 3500 1129 3563 quamquam
1150 3501 1277 3547 cacum
1289 3481 1414 3567 magnis

241 3592 371 3678 injuriis
402 3594 578 3677 coniuncta
607 3608 696 3673 erat,
729 3593 787 3658 has
818 3609 926 3660 tamen
961 3595 1098 3659 tolerare
1120 3592 1212 3676 prius
1234 3592 1413 3675 potiusque

240 3704 348 3771 visum
381 3722 429 3770 est
460 3724 557 3786 quam
581 3704 664 3770 alios
684 3719 823 3770 conatus
853 3702 1007 3789 aggredi,
1040 3702 1098 3784 qui
1130 3701 1327 3771 difficiliores
1355 3702 1413 3769 ali·

241 3816 374 3899 quando
386 3814 503 3883 facturi
515 3816 712 3882 videbantur
723 3816 812 3898 pacis
823 3814 983 3880 ineundae
995 3814 1146 3881 rationes.
1172 3814 1243 3879 Hac
1255 3814 1413 3898 patientia

240 3927 350 3992 decem
374 3948 432 4011 per
453 3948 557 3994 annos
579 3942 612 3993 et
634 3926 760 3993 diutius
784 3926 941 4012 agitatum
965 3940 1023 3993 est.
1067 3924 1153 3991 Nam
1177 3926 1314 4005 exinde,
1338 3946 1412 3991 cum

239 4052 408 4122 appareret
428 4040 540 4105 hostes
563 4058 631 4105 eanr
653 4037 740 4104 viam
754 4036 918 4122 ingressos
930 4052 987 4119 ut,
1013 4056 1098 4120 quos
1111 4036 1208 4103 armis
1219 4056 1285 4102 non
1295 4050 1413 4119 potue-

238 4165 331 4229 rant,
364 4149 447 4215 fante
478 4166 578 4232 atque
610 4149 722 4233 inopia
754 4149 905 4235 subigere
937 4150 1080 4228 vellent,
1114 4146 1258 4231 praecisa
1288 4145 1413 4213 scilicet

240 4261 450 4343 Hispaniensi
469 4262 688 4343 mercatione,
709 4260 742 4327 in
762 4281 828 4343 qua
847 4262 1006 4327 hactenus
1024 4256 1140 4343 populi
1160 4257 1228 4323 vita
1247 4273 1314 4324 erat
1332 4278 1411 4324 con·

237 4372 377 4452 scitura,
409 4372 565 4456 paulatim
598 4372 710 4439 Batavi
743 4373 941 4459 longinquas
972 4368 1196 4454 navigationes
1227 4371 1411 4452 proculque

239 4483 363 4566 positas
383 4499 513 4569 gentes,
536 4474 682 4570 cognitas
703 4484 874 4551 Lusitanis
892 4484 950 4550 sed
971 4503 1038 4550 non
1061 4484 1228 4566 subditas,
1253 4485 1411 4570 respicere
