3450 5434
349 588 411 652 312
637 587 683 632 DE
709 587 800 648 JURE
827 585 1015 632 PRAEDAE.
1042 585 1111 631 CAP
1147 586 1225 631 xlv.

348 741 520 820 eumdem,
544 762 641 823 quem
665 743 763 807 semel
774 742 883 807 odisse
896 742 983 806 ultro
996 755 1191 823 coeperant,
1216 740 1255 806 ad
1266 741 1525 808 internecionem

349 873 454 935 usque
475 869 723 935 persequantur.
770 855 942 920 Adversus
962 855 1043 919 tales
1062 852 1163 936 igitur
1183 853 1331 919 homines
1353 869 1390 919 ut
1408 855 1526 919 leniter

348 986 441 1058 agere
464 984 523 1029 nec
544 964 692 1047 periculo
715 984 775 1031 nec
798 965 982 1031 timiditatis
1006 966 1127 1048 probro
1150 979 1265 1044 vacat,
1290 965 1333 1030 ita
1353 985 1387 1032 se
1408 966 1522 1032 ulcisci
1546 977 1549 982 '

348 1077 424 1159 quia
447 1077 665 1142 necessarium
691 1076 786 1142 etiam
810 1079 983 1144 honestum
1008 1092 1068 1141 est.
1115 1076 1281 1141 Novimus
1306 1076 1390 1142 enim
1414 1097 1523 1144 mores

349 1189 595 1270 Hispanorum,
626 1188 684 1271 qui
714 1189 792 1254 belli
816 1189 917 1272 hujus
941 1189 1032 1270 quod
1055 1188 1089 1253 in
1114 1185 1227 1272 Belgio
1252 1188 1374 1272 geritur
1398 1188 1524 1270 initiis,

347 1321 423 1366 cum
447 1299 511 1365 illis
535 1301 647 1383 aliquo
670 1301 769 1366 modo
793 1316 1002 1384 parceretur,
1026 1301 1117 1366 nullo
1130 1299 1194 1382 ipsi
1206 1298 1436 1366 abstinuerunt
1448 1322 1524 1366 cru—

347 1411 490 1479 delitatis
513 1432 651 1496 genere,
676 1432 734 1477 nec
759 1412 850 1496 prius
874 1411 1020 1478 deterriti
1043 1426 1142 1491 sunt,
1168 1431 1263 1493 quarn
1286 1412 1372 1495 paria
1386 1412 1418 1478 in
1432 1413 1524 1497 ipsos

347 1524 604 1590 decernerentur.
652 1526 700 1590 At
732 1525 765 1589 in
798 1524 890 1588 India
923 1543 962 1587 ne
994 1523 1058 1588 hoc
1083 1523 1215 1604 quidem
1240 1525 1389 1609 contigit.
1434 1526 1523 1612 Quis

346 1637 451 1702 nescit
474 1636 626 1721 injuriam
643 1636 823 1718 quamlibet
835 1637 1036 1718 corporalem
1049 1654 1176 1700 omnem
1190 1636 1350 1702 bonorum
1361 1639 1520 1722 jacturam

345 1746 475 1813 infinito
508 1747 687 1813 anteire1‘3
734 1747 806 1812 Illic
834 1761 943 1812 autem
963 1762 1031 1812 tum
1054 1745 1168 1813 Batavi
1188 1748 1412 1830 discerpantur
1433 1748 1520 1830 viri,

345 1859 386 1924 ad
413 1879 519 1924 remos
550 1860 764 1941 addicantur,
798 1859 945 1942 ipsorum
978 1873 1091 1924 contra
1121 1859 1260 1942 captivis
1284 1875 1317 1926 et
1339 1861 1407 1926 vita
1430 1863 1521 1927 salva

345 1984 395 2035 est
414 1986 447 2035 et
465 1973 555 2036 salva
573 1971 714 2036 libertas.
761 1971 868 2053 Atqui
889 1990 1028 2053 aequum
1049 1970 1157 2036 fuerat
1177 1993 1233 2038 eos
1253 1972 1400 2057 graviora
1421 1993 1519 2054 quam

343 2079 487 2146 fecerant
520 2084 668 2166 perpeti,
705 2099 742 2150 ut
776 2085 835 2166 qui
870 2082 996 2166 priores
1029 2103 1088 2148 nec
1125 2083 1242 2148 irritati
1276 2100 1342 2149 tam
1367 2085 1517 2151 immania

345 2193 522 2258 edidissent
554 2197 708 2278 exempla.
756 2195 847 2260 Haec
883 2216 961 2262 vero
986 2194 1069 2260 ultio
1092 2215 1168 2260 sane
1192 2195 1257 2261 dici
1281 2197 1337 2262 vix
1361 2212 1514 2262 meretur.

345 2304 527 2388 Castigatio
559 2320 686 2370 tantum
719 2322 789 2387 est,
832 2327 897 2389 qua
930 2307 1056 2372 discant
1088 2307 1228 2373 immites
1259 2307 1380 2390 animi,
1416 2329 1513 2391 quam

344 2417 452 2501 gravis
476 2417 519 2482 sit
541 2417 614 2483 aliis
636 2438 742 2484 rerum
767 2439 899 2484 suarum
921 2420 1064 2502 jactura:

651 2571 659 2584 ·
697 2551 760 2595 non
782 2532 862 2594 solos
887 2533 1000 2617 tangit
1025 2529 1170 2595 Atridas

561 2641 628 2706 Iste
650 2640 754 2708 dolor.

386 2755 558 2843 Quoniam·
585 2775 664 2820 vero
697 2755 871 2822 honestum
895 2755 928 2820 in
950 2755 1086 2838 praedae
1116 2768 1248 2837 captura
1276 2755 1453 2838 praecipue
1477 2777 1515 2822 ex

343 2867 407 2933 fine
440 2866 580 2951 spectari
615 2867 858 2949 supradictum
883 2882 955 2947 est,
979 2865 1092 2932 referri
1116 2868 1181 2933 huc
1204 2867 1301 2932 debet
1324 2869 1415 2949 quod
1438 2869 1515 2934 alibi

341 2980 575 3063 probavimus,
598 2979 728 3045 omissis
751 2978 902 3063 plurimis
925 2979 1051 3062 opimae
1074 2979 1153 3044 satis
1176 2981 1312 3062 praedae
1333 2980 1515 3047 occasioni·

341 3093 427 3171 bus,
469 3105 585 3156 nautas
625 3091 766 3156 Batavos
800 3112 869 3156 eam
906 3091 1128 3174 suspicionem
1163 3094 1277 3174 procul
1313 3093 1391 3157 satis
1426 3113 1443 3157 a
1477 3113 1513 3159 se

341 3202 541 3284 removisse,
576 3217 613 3268 ut
635 3203 721 3268 nuda
745 3203 881 3285 praedae
903 3203 1083 3286 cupiditate
1106 3203 1235 3288 aggredi
1260 3218 1346 3270 tanta
1369 3204 1514 3288 pericula

339 3315 428 3380 credi
460 3334 526 3381 non
558 3329 716 3398 possent,
750 3334 824 3379 cum
857 3318 961 3397 palam
995 3315 1039 3381 sit
1067 3315 1232 3397 quidquid
1255 3314 1428 3396 fecerunt,
1454 3317 1512 3382 hac

339 3428 380 3493 de
413 3446 508 3492 causa
540 3423 678 3505 fecisse,
711 3426 801 3507 quod
835 3426 1014 3493 Lusitanos
1038 3442 1194 3509 quaestus
1215 3427 1423 3494 avidissimos
1446 3447 1511 3496 non

339 3538 402 3604 alia
429 3537 553 3603 ratione
584 3536 738 3603 videbant
767 3557 863 3620 posse
896 3537 1049 3604 coerceri.
1095 3539 1264 3606 Praeterea
1296 3540 1365 3622 ipsa
1395 3542 1513 3623 praeda

339 3669 406 3716 non
435 3651 560 3715 lucrum
592 3649 708 3732 affert,
741 3649 798 3716 sed
827 3650 980 3715 damnum
1013 3666 1161 3733 reparat,
1194 3672 1262 3733 quo
1293 3651 1375 3717 nihil
1405 3667 1513 3735 potest

340 3761 469 3829 evenire
497 3761 680 3828 honestius.
726 3761 806 3828 Non
828 3777 935 3827 autem
956 3760 1128 3830 fraudibus
1147 3763 1247 3843 ullis,
1271 3784 1336 3830 non
1357 3763 1512 3846 perfidia,

340 3895 423 3956 quae
451 3890 559 3940 tamen
588 3888 739 3958 poterant
770 3873 805 3939 in
836 3874 1014 3940 Lusitanos
1055 3895 1121 3940 non
1153 3874 1273 3960 injusta
1304 3875 1432 3957 videri,
1473 3897 1513 3942 ne

339 3985 474 4053 furtivis
497 3986 632 4069 quidem
656 3985 1017 4069 circumventionibus,
1043 3987 1099 4052 sed
1119 3988 1223 4070 palam
1247 3987 1382 4070 publico
1403 3989 1512 4054 Marte

339 4099 510 4184 pugnandi
532 4099 660 4181 copiam
682 4097 844 4165 fecerunt:
870 4099 1057 4182 etquidem
1080 4119 1175 4182 saepe
1194 4099 1293 4182 pauci
1312 4120 1387 4165 cum
1407 4101 1512 4186 copiis

341 4212 502 4278 immenso
521 4211 723 4296 majoribus,
747 4231 783 4276 ea
802 4211 984 4277 animorum
1006 4211 1129 4276 virtute
1151 4226 1366 4295 etcorporum
1378 4215 1512 4294 robore,

373 4459 380 4491 ¹
398 4462 416 4507 l.
435 4461 461 4508 in
477 4473 618 4509 servorum.
636 4459 661 4507 ff.
680 4461 711 4508 dc
729 4459 828 4520 poenis.
848 4459 894 4521 [D.
911 4463 952 4522 48.
974 4473 1011 4522 19.
1032 4460 1082 4524 10.]
