<?xml version="1.0" encoding="UTF-8"?>
<!DOCTYPE html PUBLIC "-//W3C//DTD XHTML 1.0 Transitional//EN"
    "http://www.w3.org/TR/xhtml1/DTD/xhtml1-transitional.dtd">
<html xmlns="http://www.w3.org/1999/xhtml" xml:lang="en" lang="en">
 <head>
  <title>
</title>
<meta http-equiv="Content-Type" content="text/html;charset=utf-8" />
  <meta name='ocr-system' content='tesseract 3.04.00' />
  <meta name='ocr-capabilities' content='ocr_page ocr_carea ocr_par ocr_line ocrx_word'/>
</head>
<body>
  <div class='ocr_page' id='page_1' title='image "./ledroitdeprised02hamagoog_0070.png"; bbox 0 0 3450 5434; ppageno 0'>
   <div class='ocr_carea' id='block_1_1' title="bbox 374 623 1243 702">
    <p class='ocr_par' dir='ltr' id='par_1_1' title="bbox 374 623 1243 702">
     <span class='ocr_line' id='line_1_1' title="bbox 374 623 1243 702; baseline -0.006 -17"><span class='ocrx_word' id='word_1_1' title='bbox 374 623 417 701; x_wconf 88' lang='lat'><strong>48</strong></span> <span class='ocrx_word' id='word_1_2' title='bbox 688 634 850 702; x_wconf 79' lang='lat' dir='ltr'><strong>otJuns</strong></span> <span class='ocrx_word' id='word_1_3' title='bbox 876 633 1155 683; x_wconf 66' lang='lat' dir='ltr'><strong>amanuncus</strong></span> <span class='ocrx_word' id='word_1_4' title='bbox 1190 633 1243 680; x_wconf 83' lang='lat' dir='ltr'><strong>tv.</strong></span> 
     </span>
    </p>
   </div>
   <div class='ocr_carea' id='block_1_2' title="bbox 369 784 1550 3886">
    <p class='ocr_par' dir='ltr' id='par_1_2' title="bbox 374 784 1550 1657">
     <span class='ocr_line' id='line_1_2' title="bbox 374 784 1550 876; baseline -0.006 -17"><span class='ocrx_word' id='word_1_5' title='bbox 374 790 562 876; x_wconf 83' lang='lat' dir='ltr'><strong>praecedit,</strong></span> <span class='ocrx_word' id='word_1_6' title='bbox 589 791 751 858; x_wconf 89' lang='lat' dir='ltr'><strong>interdum</strong></span> <span class='ocrx_word' id='word_1_7' title='bbox 783 789 878 857; x_wconf 90' lang='lat' dir='ltr'><strong>etiam</strong></span> <span class='ocrx_word' id='word_1_8' title='bbox 911 789 1085 856; x_wconf 82' lang='lat' dir='ltr'><strong>comitatur</strong></span> <span class='ocrx_word' id='word_1_9' title='bbox 1104 790 1127 855; x_wconf 89' lang='lat'><strong>¹.</strong></span> <span class='ocrx_word' id='word_1_10' title='bbox 1181 787 1326 854; x_wconf 89' lang='lat' dir='ltr'><strong>Primum</strong></span> <span class='ocrx_word' id='word_1_11' title='bbox 1358 784 1441 854; x_wconf 90' lang='lat' dir='ltr'><strong>enim</strong></span> <span class='ocrx_word' id='word_1_12' title='bbox 1473 784 1550 870; x_wconf 87' lang='lat' dir='ltr'><strong>quis</strong></span> 
     </span>
     <span class='ocr_line' id='line_1_3' title="bbox 376 897 1549 987; baseline -0.006 -17"><span class='ocrx_word' id='word_1_13' title='bbox 376 920 426 970; x_wconf 91' lang='lat' dir='ltr'><strong>est</strong></span> <span class='ocrx_word' id='word_1_14' title='bbox 456 903 600 970; x_wconf 90' lang='lat' dir='ltr'><strong>hostium</strong></span> <span class='ocrx_word' id='word_1_15' title='bbox 632 901 689 987; x_wconf 92' lang='lat' dir='ltr'><strong>qui</strong></span> <span class='ocrx_word' id='word_1_16' title='bbox 721 902 821 969; x_wconf 90' lang='lat' dir='ltr'><strong>vitam</strong></span> <span class='ocrx_word' id='word_1_17' title='bbox 846 902 1003 968; x_wconf 80' lang='lat' dir='ltr'><strong>duntaxat</strong></span> <span class='ocrx_word' id='word_1_18' title='bbox 1023 917 1166 968; x_wconf 85' lang='lat' dir='ltr'><strong>nostram</strong></span> <span class='ocrx_word' id='word_1_19' title='bbox 1187 913 1339 984; x_wconf 88' lang='lat' dir='ltr'><strong>appetat,</strong></span> <span class='ocrx_word' id='word_1_20' title='bbox 1363 918 1430 965; x_wconf 93' lang='lat' dir='ltr'><strong>non</strong></span> <span class='ocrx_word' id='word_1_21' title='bbox 1453 897 1549 964; x_wconf 86' lang='lat' dir='ltr'><strong>etiarn</strong></span> 
     </span>
     <span class='ocr_line' id='line_1_4' title="bbox 375 1008 1550 1097; baseline -0.005 -15"><span class='ocrx_word' id='word_1_22' title='bbox 375 1016 571 1096; x_wconf 86' lang='lat' dir='ltr'><strong>facultates,</strong></span> <span class='ocrx_word' id='word_1_23' title='bbox 595 1029 740 1081; x_wconf 90' lang='lat' dir='ltr'><strong>autnon</strong></span> <span class='ocrx_word' id='word_1_24' title='bbox 763 1013 863 1080; x_wconf 89' lang='lat' dir='ltr'><strong>vitam</strong></span> <span class='ocrx_word' id='word_1_25' title='bbox 887 1013 1000 1097; x_wconf 89' lang='lat' dir='ltr'><strong>potius</strong></span> <span class='ocrx_word' id='word_1_26' title='bbox 1031 1014 1074 1079; x_wconf 89' lang='lat' dir='ltr'><strong>ob</strong></span> <span class='ocrx_word' id='word_1_27' title='bbox 1095 1011 1200 1080; x_wconf 71' lang='lat' dir='ltr'><strong>istas?</strong></span> <span class='ocrx_word' id='word_1_28' title='bbox 1226 1010 1351 1080; x_wconf 92' lang='lat' dir='ltr'><strong>Merito</strong></span> <span class='ocrx_word' id='word_1_29' title='bbox 1372 1008 1473 1095; x_wconf 88' lang='lat' dir='ltr'><strong>igitur</strong></span> <span class='ocrx_word' id='word_1_30' title='bbox 1492 1029 1550 1093; x_wconf 91' lang='lat' dir='ltr'><strong>per</strong></span> 
     </span>
     <span class='ocr_line' id='line_1_5' title="bbox 376 1122 1549 1209; baseline -0.005 -17"><span class='ocrx_word' id='word_1_31' title='bbox 376 1129 496 1192; x_wconf 88' lang='lat' dir='ltr'><strong>bellum</strong></span> <span class='ocrx_word' id='word_1_32' title='bbox 517 1126 551 1192; x_wconf 89' lang='lat' dir='ltr'><strong>id</strong></span> <span class='ocrx_word' id='word_1_33' title='bbox 572 1127 664 1209; x_wconf 91' lang='lat' dir='ltr'><strong>quod</strong></span> <span class='ocrx_word' id='word_1_34' title='bbox 683 1125 780 1191; x_wconf 89' lang='lat' dir='ltr'><strong>nobis</strong></span> <span class='ocrx_word' id='word_1_35' title='bbox 800 1124 949 1208; x_wconf 84' lang='lat' dir='ltr'><strong>quotidie</strong></span> <span class='ocrx_word' id='word_1_36' title='bbox 972 1123 1131 1208; x_wconf 82' lang='lat' dir='ltr'><strong>eripitur,</strong></span> <span class='ocrx_word' id='word_1_37' title='bbox 1155 1138 1212 1191; x_wconf 88' lang='lat' dir='ltr'><strong>aut</strong></span> <span class='ocrx_word' id='word_1_38' title='bbox 1232 1122 1433 1190; x_wconf 84' lang='lat' dir='ltr'><strong>tantumdem</strong></span> <span class='ocrx_word' id='word_1_39' title='bbox 1455 1141 1549 1188; x_wconf 90' lang='lat' dir='ltr'><strong>recu·</strong></span> 
     </span>
     <span class='ocr_line' id='line_1_6' title="bbox 374 1231 1548 1323; baseline -0.005 -20"><span class='ocrx_word' id='word_1_40' title='bbox 374 1238 558 1323; x_wconf 86' lang='lat' dir='ltr'><strong>perabimus</strong></span> <span class='ocrx_word' id='word_1_41' title='bbox 582 1234 603 1304; x_wconf 87' lang='lat'><strong>².</strong></span> <span class='ocrx_word' id='word_1_42' title='bbox 650 1237 748 1303; x_wconf 88' lang='lat' dir='ltr'><strong>Unde</strong></span> <span class='ocrx_word' id='word_1_43' title='bbox 770 1235 935 1320; x_wconf 90' lang='lat' dir='ltr'><strong>plerisque</strong></span> <span class='ocrx_word' id='word_1_44' title='bbox 957 1235 1065 1302; x_wconf 88' lang='lat' dir='ltr'><strong>visum</strong></span> <span class='ocrx_word' id='word_1_45' title='bbox 1096 1251 1147 1302; x_wconf 90' lang='lat' dir='ltr'><strong>est</strong></span> <span class='ocrx_word' id='word_1_46' title='bbox 1171 1235 1205 1302; x_wconf 91' lang='lat' dir='ltr'><strong>in</strong></span> <span class='ocrx_word' id='word_1_47' title='bbox 1227 1234 1322 1301; x_wconf 86' lang='lat' dir='ltr'><strong>bellis</strong></span> <span class='ocrx_word' id='word_1_48' title='bbox 1344 1232 1440 1316; x_wconf 90' lang='lat' dir='ltr'><strong>quasi</strong></span> <span class='ocrx_word' id='word_1_49' title='bbox 1467 1231 1548 1298; x_wconf 89' lang='lat' dir='ltr'><strong>taci-</strong></span> 
     </span>
     <span class='ocr_line' id='line_1_7' title="bbox 375 1343 1547 1432; baseline -0.008 -15"><span class='ocrx_word' id='word_1_50' title='bbox 375 1366 439 1417; x_wconf 86' lang='lat' dir='ltr'><strong>tam</strong></span> <span class='ocrx_word' id='word_1_51' title='bbox 465 1349 646 1432; x_wconf 88' lang='lat' dir='ltr'><strong>pactionem</strong></span> <span class='ocrx_word' id='word_1_52' title='bbox 678 1346 928 1432; x_wconf 85' lang='lat' dir='ltr'><strong>permutationis</strong></span> <span class='ocrx_word' id='word_1_53' title='bbox 956 1348 1108 1414; x_wconf 89' lang='lat' dir='ltr'><strong>accedere</strong></span> <span class='ocrx_word' id='word_1_54' title='bbox 1129 1349 1164 1429; x_wconf 82' lang='lat'><strong>⁸‚</strong></span> <span class='ocrx_word' id='word_1_55' title='bbox 1196 1363 1235 1413; x_wconf 95' lang='lat' dir='ltr'><strong>ut</strong></span> <span class='ocrx_word' id='word_1_56' title='bbox 1262 1347 1330 1412; x_wconf 90' lang='lat' dir='ltr'><strong>alea</strong></span> <span class='ocrx_word' id='word_1_57' title='bbox 1361 1343 1547 1411; x_wconf 85' lang='lat' dir='ltr'><strong>certaminis</strong></span> 
     </span>
     <span class='ocr_line' id='line_1_8' title="bbox 374 1455 1545 1544; baseline -0.004 -17"><span class='ocrx_word' id='word_1_58' title='bbox 374 1477 514 1543; x_wconf 88' lang='lat' dir='ltr'><strong>uterque</strong></span> <span class='ocrx_word' id='word_1_59' title='bbox 534 1475 707 1527; x_wconf 89' lang='lat' dir='ltr'><strong>contentus</strong></span> <span class='ocrx_word' id='word_1_60' title='bbox 730 1459 832 1527; x_wconf 85' lang='lat' dir='ltr'><strong>aliena</strong></span> <span class='ocrx_word' id='word_1_61' title='bbox 852 1474 1003 1544; x_wconf 88' lang='lat' dir='ltr'><strong>caperet,</strong></span> <span class='ocrx_word' id='word_1_62' title='bbox 1027 1479 1087 1526; x_wconf 86' lang='lat' dir='ltr'><strong>sua</strong></span> <span class='ocrx_word' id='word_1_63' title='bbox 1115 1457 1297 1525; x_wconf 87' lang='lat' dir='ltr'><strong>amitteret:</strong></span> <span class='ocrx_word' id='word_1_64' title='bbox 1321 1472 1359 1525; x_wconf 93' lang='lat' dir='ltr'><strong>ut</strong></span> <span class='ocrx_word' id='word_1_65' title='bbox 1387 1455 1429 1524; x_wconf 85' lang='lat' dir='ltr'><strong>sit</strong></span> <span class='ocrx_word' id='word_1_66' title='bbox 1456 1456 1545 1540; x_wconf 91' lang='lat' dir='ltr'><strong>quod</strong></span> 
     </span>
     <span class='ocr_line' id='line_1_9' title="bbox 375 1572 822 1657; baseline -0.004 -17"><span class='ocrx_word' id='word_1_67' title='bbox 375 1573 463 1657; x_wconf 89' lang='lat' dir='ltr'><strong>apud</strong></span> <span class='ocrx_word' id='word_1_68' title='bbox 480 1572 700 1639; x_wconf 90' lang='lat' dir='ltr'><strong>Menandrum</strong></span> <span class='ocrx_word' id='word_1_69' title='bbox 721 1584 733 1618; x_wconf 89' lang='lat'><strong>⁴</strong></span> <span class='ocrx_word' id='word_1_70' title='bbox 755 1587 822 1638; x_wconf 87' lang='lat' dir='ltr'><strong>est:</strong></span> 
     </span>
    </p>

    <p class='ocr_par' dir='ltr' id='par_1_3' title="bbox 633 1685 1325 1770">
     <span class='ocr_line' id='line_1_10' title="bbox 633 1685 1325 1770; baseline -0.006 -16"><span class='ocrx_word' id='word_1_71' title='bbox 633 1690 657 1754; x_wconf 86' lang='lat' dir='ltr'><strong>oi</strong></span> <span class='ocrx_word' id='word_1_72' title='bbox 676 1689 735 1770; x_wconf 70' lang='grc' dir='ltr'><strong>γὰρ</strong></span> <span class='ocrx_word' id='word_1_73' title='bbox 754 1689 880 1760; x_wconf 73' lang='grc' dir='ltr'><strong><em>θέλοντες</em></strong></span> <span class='ocrx_word' id='word_1_74' title='bbox 902 1687 1076 1768; x_wconf 70' lang='grc' dir='ltr'><strong><em>προςλοιβεῖν</em></strong></span> <span class='ocrx_word' id='word_1_75' title='bbox 1093 1686 1136 1752; x_wconf 73' lang='grc' dir='ltr'><strong>τὰ</strong></span> <span class='ocrx_word' id='word_1_76' title='bbox 1154 1688 1211 1751; x_wconf 75' lang='grc' dir='ltr'><strong>τῶν</strong></span> <span class='ocrx_word' id='word_1_77' title='bbox 1230 1685 1325 1759; x_wconf 71' lang='grc' dir='ltr'><strong><em>πέλοις</em></strong></span> 
     </span>
    </p>

    <p class='ocr_par' dir='ltr' id='par_1_4' title="bbox 632 1795 1214 1881">
     <span class='ocr_line' id='line_1_11' title="bbox 632 1795 1214 1881; baseline -0.002 -16"><span class='ocrx_word' id='word_1_78' title='bbox 632 1795 1214 1881; x_wconf 53' lang='lat' dir='ltr'><strong>mmmmmmmmwm</strong></span> 
     </span>
    </p>

    <p class='ocr_par' dir='ltr' id='par_1_5' title="bbox 632 1907 1238 1991">
     <span class='ocr_line' id='line_1_12' title="bbox 632 1907 1238 1991; baseline -0.003 -17"><span class='ocrx_word' id='word_1_79' title='bbox 632 1911 674 1976; x_wconf 75' lang='lat' dir='ltr'><strong>rui</strong></span> <span class='ocrx_word' id='word_1_80' title='bbox 694 1908 777 1975; x_wconf 67' lang='lat' dir='ltr'><strong>tntu</strong></span> <span class='ocrx_word' id='word_1_81' title='bbox 799 1907 972 1990; x_wconf 68' lang='lat' dir='ltr'><strong>npuortit&#39;unt</strong></span> <span class='ocrx_word' id='word_1_82' title='bbox 991 1917 1050 1981; x_wconf 76' lang='grc' dir='ltr'><strong>τοῖς</strong></span> <span class='ocrx_word' id='word_1_83' title='bbox 1066 1911 1238 1991; x_wconf 73' lang='grc' dir='ltr'><strong><em>ἀλλοτρίως.</em></strong></span> 
     </span>
    </p>

    <p class='ocr_par' dir='ltr' id='par_1_6' title="bbox 637 2014 1330 2103">
     <span class='ocr_line' id='line_1_13' title="bbox 637 2014 1330 2103; baseline 0.003 -22"><span class='ocrx_word' id='word_1_84' title='bbox 637 2014 706 2100; x_wconf 80' lang='lat' dir='ltr'><strong>Qui</strong></span> <span class='ocrx_word' id='word_1_85' title='bbox 726 2019 959 2102; x_wconf 83' lang='lat' dir='ltr'><strong>concupiscunt</strong></span> <span class='ocrx_word' id='word_1_86' title='bbox 980 2030 1098 2102; x_wconf 76' lang='lat' dir='ltr'><strong>cupere</strong></span> <span class='ocrx_word' id='word_1_87' title='bbox 1111 2020 1241 2085; x_wconf 77' lang='lat' dir='ltr'><strong>uicinas</strong></span> <span class='ocrx_word' id='word_1_88' title='bbox 1260 2031 1330 2103; x_wconf 75' lang='lat' dir='ltr'><strong>apes</strong></span> 
     </span>
    </p>

    <p class='ocr_par' dir='ltr' id='par_1_7' title="bbox 632 2126 1415 2214">
     <span class='ocr_line' id='line_1_14' title="bbox 632 2126 1415 2214; baseline 0 -20"><span class='ocrx_word' id='word_1_89' title='bbox 632 2129 795 2213; x_wconf 68' lang='lat' dir='ltr'><strong>persaepe</strong></span> <span class='ocrx_word' id='word_1_90' title='bbox 816 2126 855 2196; x_wconf 77' lang='lat' dir='ltr'><strong>de</strong></span> <span class='ocrx_word' id='word_1_91' title='bbox 877 2142 930 2214; x_wconf 76' lang='lat' dir='ltr'><strong>spe</strong></span> <span class='ocrx_word' id='word_1_92' title='bbox 951 2127 1046 2194; x_wconf 77' lang='lat' dir='ltr'><strong>clude</strong></span> <span class='ocrx_word' id='word_1_93' title='bbox 1066 2149 1141 2194; x_wconf 83' lang='lat' dir='ltr'><strong>cum</strong></span> <span class='ocrx_word' id='word_1_94' title='bbox 1160 2132 1245 2196; x_wconf 77' lang='lat' dir='ltr'><strong>uicti</strong></span> <span class='ocrx_word' id='word_1_95' title='bbox 1263 2127 1415 2210; x_wconf 81' lang='lat' dir='ltr'><strong>cadunt,</strong></span> 
     </span>
    </p>

    <p class='ocr_par' dir='ltr' id='par_1_8' title="bbox 636 2209 1328 2325">
     <span class='ocr_line' id='line_1_15' title="bbox 636 2209 1328 2325; baseline 0.003 -21"><span class='ocrx_word' id='word_1_96' title='bbox 636 2209 792 2305; x_wconf 66' lang='lat' dir='ltr'><strong>Ali&#39;urius</strong></span> <span class='ocrx_word' id='word_1_97' title='bbox 814 2243 916 2305; x_wconf 78' lang='lat' dir='ltr'><strong>ctiam</strong></span> <span class='ocrx_word' id='word_1_98' title='bbox 937 2239 1034 2306; x_wconf 74' lang='lat' dir='ltr'><strong>rebus</strong></span> <span class='ocrx_word' id='word_1_99' title='bbox 1052 2239 1220 2325; x_wconf 79' lang='lat' dir='ltr'><strong>adjiciunt</strong></span> <span class='ocrx_word' id='word_1_100' title='bbox 1240 2261 1328 2306; x_wconf 86' lang='lat' dir='ltr'><strong>suus.</strong></span> 
     </span>
    </p>

    <p class='ocr_par' dir='ltr' id='par_1_9' title="bbox 369 2349 1549 3886">
     <span class='ocr_line' id='line_1_16' title="bbox 419 2349 1547 2436; baseline 0.004 -20"><span class='ocrx_word' id='word_1_101' title='bbox 419 2352 541 2435; x_wconf 89' lang='lat' dir='ltr'><strong>Neque</strong></span> <span class='ocrx_word' id='word_1_102' title='bbox 575 2352 671 2436; x_wconf 85' lang='lat' dir='ltr'><strong>longe</strong></span> <span class='ocrx_word' id='word_1_103' title='bbox 690 2349 767 2418; x_wconf 89' lang='lat' dir='ltr'><strong>hinc</strong></span> <span class='ocrx_word' id='word_1_104' title='bbox 799 2349 867 2417; x_wconf 87' lang='lat' dir='ltr'><strong>abit</strong></span> <span class='ocrx_word' id='word_1_105' title='bbox 900 2350 1150 2419; x_wconf 85' lang='lat' dir='ltr'><strong>Aristotelicum</strong></span> <span class='ocrx_word' id='word_1_106' title='bbox 1181 2351 1266 2418; x_wconf 91' lang='lat' dir='ltr'><strong>illud</strong></span> <span class='ocrx_word' id='word_1_107' title='bbox 1285 2357 1315 2416; x_wconf 82' lang='lat'><strong>⁸:</strong></span> <span class='ocrx_word' id='word_1_108' title='bbox 1349 2355 1443 2436; x_wconf 73' lang='grc' dir='ltr'><strong>ὁγὰρ</strong></span> <span class='ocrx_word' id='word_1_109' title='bbox 1465 2354 1547 2434; x_wconf 77' lang='grc' dir='ltr'><strong><em>νόμος</em></strong></span> 
     </span>
     <span class='ocr_line' id='line_1_17' title="bbox 373 2461 1547 2548; baseline 0 -16"><span class='ocrx_word' id='word_1_110' title='bbox 373 2465 515 2546; x_wconf 74' lang='grc' dir='ltr'><strong><em>ὃμολονίοο</em></strong></span> <span class='ocrx_word' id='word_1_111' title='bbox 534 2466 579 2538; x_wconf 72' lang='grc' dir='ltr'><strong>τίς</strong></span> <span class='ocrx_word' id='word_1_112' title='bbox 597 2465 693 2538; x_wconf 77' lang='grc' dir='ltr'><strong><em>ἔστιν,</em></strong></span> <span class='ocrx_word' id='word_1_113' title='bbox 712 2465 741 2530; x_wconf 76' lang='grc' dir='ltr'><strong>ἐν</strong></span> <span class='ocrx_word' id='word_1_114' title='bbox 764 2461 785 2548; x_wconf 79' lang='grc' dir='ltr'><strong><em>ᾧ</em></strong></span> <span class='ocrx_word' id='word_1_115' title='bbox 806 2466 848 2533; x_wconf 72' lang='grc' dir='ltr'><strong>τοὶ</strong></span> <span class='ocrx_word' id='word_1_116' title='bbox 868 2467 949 2533; x_wconf 72' lang='grc' dir='ltr'><strong><em>κοντοὶ</em></strong></span> <span class='ocrx_word' id='word_1_117' title='bbox 970 2465 1097 2546; x_wconf 69' lang='grc' dir='ltr'><strong><em>πόλεμον</em></strong></span> <span class='ocrx_word' id='word_1_118' title='bbox 1116 2467 1297 2548; x_wconf 72' lang='grc' dir='ltr'><strong><em>κρατούμενα</em></strong></span> <span class='ocrx_word' id='word_1_119' title='bbox 1305 2473 1361 2533; x_wconf 77' lang='grc' dir='ltr'><strong>τῶν</strong></span> <span class='ocrx_word' id='word_1_120' title='bbox 1372 2467 1547 2547; x_wconf 70' lang='grc' dir='ltr'><strong><em>κροτούντων</em></strong></span> 
     </span>
     <span class='ocr_line' id='line_1_18' title="bbox 373 2572 1545 2662; baseline -0.006 -19"><span class='ocrx_word' id='word_1_121' title='bbox 373 2573 447 2643; x_wconf 72' lang='grc' dir='ltr'><strong><em>οἶνοί</em></strong></span> <span class='ocrx_word' id='word_1_122' title='bbox 466 2583 568 2662; x_wconf 76' lang='grc' dir='ltr'><strong><em>φονον.</em></strong></span> <span class='ocrx_word' id='word_1_123' title='bbox 614 2573 680 2639; x_wconf 81' lang='lat' dir='ltr'><strong>Est</strong></span> <span class='ocrx_word' id='word_1_124' title='bbox 709 2577 794 2638; x_wconf 80' lang='lat' dir='ltr'><strong>eninr</strong></span> <span class='ocrx_word' id='word_1_125' title='bbox 823 2572 879 2638; x_wconf 80' lang='lat' dir='ltr'><strong>lex</strong></span> <span class='ocrx_word' id='word_1_126' title='bbox 903 2577 972 2639; x_wconf 81' lang='lat' dir='ltr'><strong>istu</strong></span> <span class='ocrx_word' id='word_1_127' title='bbox 1001 2577 1100 2659; x_wconf 85' lang='lat' dir='ltr'><strong>quasi</strong></span> <span class='ocrx_word' id='word_1_128' title='bbox 1121 2594 1291 2640; x_wconf 79' lang='lat' dir='ltr'><strong>consensus</strong></span> <span class='ocrx_word' id='word_1_129' title='bbox 1311 2572 1461 2659; x_wconf 83' lang='lat' dir='ltr'><strong>aliquis,</strong></span> <span class='ocrx_word' id='word_1_130' title='bbox 1482 2592 1545 2657; x_wconf 85' lang='lat' dir='ltr'><strong>quo</strong></span> 
     </span>
     <span class='ocr_line' id='line_1_19' title="bbox 373 2682 1545 2770; baseline 0 -22"><span class='ocrx_word' id='word_1_131' title='bbox 373 2682 455 2750; x_wconf 74' lang='lat' dir='ltr'><strong>bello</strong></span> <span class='ocrx_word' id='word_1_132' title='bbox 482 2698 583 2770; x_wconf 83' lang='lat' dir='ltr'><strong>capta</strong></span> <span class='ocrx_word' id='word_1_133' title='bbox 608 2705 672 2750; x_wconf 75' lang='lat' dir='ltr'><strong>esse</strong></span> <span class='ocrx_word' id='word_1_134' title='bbox 693 2685 856 2750; x_wconf 81' lang='lat' dir='ltr'><strong>dicuntur</strong></span> <span class='ocrx_word' id='word_1_135' title='bbox 886 2688 1099 2770; x_wconf 78' lang='lat' dir='ltr'><strong>capientium.</strong></span> <span class='ocrx_word' id='word_1_136' title='bbox 1144 2685 1316 2766; x_wconf 85' lang='lat' dir='ltr'><strong>Alterum,</strong></span> <span class='ocrx_word' id='word_1_137' title='bbox 1337 2684 1430 2768; x_wconf 89' lang='lat' dir='ltr'><strong>quod</strong></span> <span class='ocrx_word' id='word_1_138' title='bbox 1457 2702 1545 2750; x_wconf 92' lang='lat' dir='ltr'><strong>nunc</strong></span> 
     </span>
     <span class='ocr_line' id='line_1_20' title="bbox 373 2793 1549 2883; baseline -0.001 -22"><span class='ocrx_word' id='word_1_139' title='bbox 373 2795 496 2877; x_wconf 84' lang='lat' dir='ltr'><strong>dicam,</strong></span> <span class='ocrx_word' id='word_1_140' title='bbox 515 2812 708 2880; x_wconf 90' lang='lat' dir='ltr'><strong>perpetuum</strong></span> <span class='ocrx_word' id='word_1_141' title='bbox 729 2811 799 2878; x_wconf 87' lang='lat' dir='ltr'><strong>est,</strong></span> <span class='ocrx_word' id='word_1_142' title='bbox 821 2815 922 2861; x_wconf 92' lang='lat' dir='ltr'><strong>neca</strong></span> <span class='ocrx_word' id='word_1_143' title='bbox 943 2796 1031 2862; x_wconf 89' lang='lat' dir='ltr'><strong>bello</strong></span> <span class='ocrx_word' id='word_1_144' title='bbox 1053 2811 1163 2880; x_wconf 89' lang='lat' dir='ltr'><strong>potest</strong></span> <span class='ocrx_word' id='word_1_145' title='bbox 1182 2798 1305 2863; x_wconf 86' lang='lat' dir='ltr'><strong>abesse.</strong></span> <span class='ocrx_word' id='word_1_146' title='bbox 1344 2795 1448 2883; x_wconf 91' lang='lat' dir='ltr'><strong>Quod</strong></span> <span class='ocrx_word' id='word_1_147' title='bbox 1459 2793 1549 2862; x_wconf 75' lang='lat' dir='ltr'><strong>enim·</strong></span> 
     </span>
     <span class='ocr_line' id='line_1_21' title="bbox 373 2905 1546 2993; baseline -0.002 -20"><span class='ocrx_word' id='word_1_148' title='bbox 373 2907 494 2974; x_wconf 92' lang='lat' dir='ltr'><strong>bellum</strong></span> <span class='ocrx_word' id='word_1_149' title='bbox 527 2907 649 2993; x_wconf 84' lang='lat' dir='ltr'><strong>geritur</strong></span> <span class='ocrx_word' id='word_1_150' title='bbox 680 2907 750 2975; x_wconf 90' lang='lat' dir='ltr'><strong>sine</strong></span> <span class='ocrx_word' id='word_1_151' title='bbox 780 2921 892 2973; x_wconf 89' lang='lat' dir='ltr'><strong>sumtu</strong></span> <span class='ocrx_word' id='word_1_152' title='bbox 922 2921 955 2973; x_wconf 91' lang='lat' dir='ltr'><strong>et</strong></span> <span class='ocrx_word' id='word_1_153' title='bbox 977 2905 1047 2973; x_wconf 90' lang='lat' dir='ltr'><strong>sine</strong></span> <span class='ocrx_word' id='word_1_154' title='bbox 1070 2907 1215 2974; x_wconf 64' lang='lat' dir='ltr'><strong>damno?</strong></span> <span class='ocrx_word' id='word_1_155' title='bbox 1239 2908 1290 2974; x_wconf 91' lang='lat' dir='ltr'><strong>Ut</strong></span> <span class='ocrx_word' id='word_1_156' title='bbox 1311 2906 1398 2974; x_wconf 89' lang='lat' dir='ltr'><strong>enim</strong></span> <span class='ocrx_word' id='word_1_157' title='bbox 1420 2921 1546 2972; x_wconf 89' lang='lat' dir='ltr'><strong>caetera</strong></span> 
     </span>
     <span class='ocr_line' id='line_1_22' title="bbox 372 3017 1546 3102; baseline -0.002 -18"><span class='ocrx_word' id='word_1_158' title='bbox 372 3018 480 3085; x_wconf 87' lang='lat' dir='ltr'><strong>omnia</strong></span> <span class='ocrx_word' id='word_1_159' title='bbox 510 3039 550 3084; x_wconf 89' lang='lat' dir='ltr'><strong>ex</strong></span> <span class='ocrx_word' id='word_1_160' title='bbox 581 3033 661 3086; x_wconf 91' lang='lat' dir='ltr'><strong>voto</strong></span> <span class='ocrx_word' id='word_1_161' title='bbox 692 3019 891 3099; x_wconf 84' lang='lat' dir='ltr'><strong>succedant,</strong></span> <span class='ocrx_word' id='word_1_162' title='bbox 923 3018 1016 3101; x_wconf 90' lang='lat' dir='ltr'><strong>quod</strong></span> <span class='ocrx_word' id='word_1_163' title='bbox 1045 3038 1224 3102; x_wconf 91' lang='lat' dir='ltr'><strong>numquam</strong></span> <span class='ocrx_word' id='word_1_164' title='bbox 1248 3018 1392 3101; x_wconf 85' lang='lat' dir='ltr'><strong>accidit,</strong></span> <span class='ocrx_word' id='word_1_165' title='bbox 1417 3017 1546 3084; x_wconf 90' lang='lat' dir='ltr'><strong>interim</strong></span> 
     </span>
     <span class='ocr_line' id='line_1_23' title="bbox 370 3128 1543 3220; baseline -0.003 -23"><span class='ocrx_word' id='word_1_166' title='bbox 370 3145 477 3197; x_wconf 89' lang='lat' dir='ltr'><strong>tamen</strong></span> <span class='ocrx_word' id='word_1_167' title='bbox 501 3129 558 3220; x_wconf 89' lang='lat' dir='ltr'><strong>qui</strong></span> <span class='ocrx_word' id='word_1_168' title='bbox 580 3131 700 3196; x_wconf 91' lang='lat' dir='ltr'><strong>bellum</strong></span> <span class='ocrx_word' id='word_1_169' title='bbox 723 3149 832 3214; x_wconf 85' lang='lat' dir='ltr'><strong>gerere</strong></span> <span class='ocrx_word' id='word_1_170' title='bbox 853 3129 1001 3214; x_wconf 85' lang='lat' dir='ltr'><strong>cogitur,</strong></span> <span class='ocrx_word' id='word_1_171' title='bbox 1018 3129 1095 3196; x_wconf 87' lang='lat' dir='ltr'><strong>arei</strong></span> <span class='ocrx_word' id='word_1_172' title='bbox 1106 3128 1303 3198; x_wconf 88' lang='lat' dir='ltr'><strong>domesticae</strong></span> <span class='ocrx_word' id='word_1_173' title='bbox 1314 3128 1543 3213; x_wconf 90' lang='lat' dir='ltr'><strong>procuratione</strong></span> 
     </span>
     <span class='ocr_line' id='line_1_24' title="bbox 371 3239 1546 3328; baseline -0.002 -21"><span class='ocrx_word' id='word_1_174' title='bbox 371 3255 535 3307; x_wconf 90' lang='lat' dir='ltr'><strong>avocatur.</strong></span> <span class='ocrx_word' id='word_1_175' title='bbox 560 3239 670 3322; x_wconf 89' lang='lat' dir='ltr'><strong>Atqui</strong></span> <span class='ocrx_word' id='word_1_176' title='bbox 693 3241 721 3306; x_wconf 90' lang='lat' dir='ltr'><strong>is</strong></span> <span class='ocrx_word' id='word_1_177' title='bbox 744 3240 802 3323; x_wconf 90' lang='lat' dir='ltr'><strong>qui</strong></span> <span class='ocrx_word' id='word_1_178' title='bbox 823 3241 913 3325; x_wconf 76' lang='lat' dir='ltr'><strong>iusta</strong></span> <span class='ocrx_word' id='word_1_179' title='bbox 936 3261 1023 3306; x_wconf 90' lang='lat' dir='ltr'><strong>arma</strong></span> <span class='ocrx_word' id='word_1_180' title='bbox 1045 3240 1172 3326; x_wconf 85' lang='lat' dir='ltr'><strong>induit,</strong></span> <span class='ocrx_word' id='word_1_181' title='bbox 1191 3242 1247 3328; x_wconf 89' lang='lat' dir='ltr'><strong>jus</strong></span> <span class='ocrx_word' id='word_1_182' title='bbox 1267 3242 1364 3308; x_wconf 88' lang='lat' dir='ltr'><strong>habet</strong></span> <span class='ocrx_word' id='word_1_183' title='bbox 1383 3256 1416 3307; x_wconf 89' lang='lat' dir='ltr'><strong>et</strong></span> <span class='ocrx_word' id='word_1_184' title='bbox 1433 3241 1546 3308; x_wconf 85' lang='lat' dir='ltr'><strong>damna</strong></span> 
     </span>
     <span class='ocr_line' id='line_1_25' title="bbox 372 3351 1546 3437; baseline 0.001 -19"><span class='ocrx_word' id='word_1_185' title='bbox 372 3351 481 3418; x_wconf 92' lang='lat' dir='ltr'><strong>omnia</strong></span> <span class='ocrx_word' id='word_1_186' title='bbox 508 3367 540 3418; x_wconf 92' lang='lat' dir='ltr'><strong>et</strong></span> <span class='ocrx_word' id='word_1_187' title='bbox 562 3352 746 3436; x_wconf 86' lang='lat' dir='ltr'><strong>impensas,</strong></span> <span class='ocrx_word' id='word_1_188' title='bbox 771 3367 809 3418; x_wconf 92' lang='lat' dir='ltr'><strong>ut</strong></span> <span class='ocrx_word' id='word_1_189' title='bbox 833 3351 896 3419; x_wconf 90' lang='lat' dir='ltr'><strong>sibi</strong></span> <span class='ocrx_word' id='word_1_190' title='bbox 920 3351 1030 3419; x_wconf 89' lang='lat' dir='ltr'><strong>debita</strong></span> <span class='ocrx_word' id='word_1_191' title='bbox 1054 3352 1307 3437; x_wconf 82' lang='lat' dir='ltr'><strong>recuperandi⁸:</strong></span> <span class='ocrx_word' id='word_1_192' title='bbox 1333 3354 1546 3437; x_wconf 89' lang='lat' dir='ltr'><strong>quemadmo-</strong></span> 
     </span>
     <span class='ocr_line' id='line_1_26' title="bbox 373 3462 1546 3548; baseline 0.001 -20"><span class='ocrx_word' id='word_1_193' title='bbox 373 3463 451 3529; x_wconf 91' lang='lat' dir='ltr'><strong>dum</strong></span> <span class='ocrx_word' id='word_1_194' title='bbox 480 3463 513 3529; x_wconf 94' lang='lat' dir='ltr'><strong>in</strong></span> <span class='ocrx_word' id='word_1_195' title='bbox 544 3463 677 3548; x_wconf 86' lang='lat' dir='ltr'><strong>judiciis</strong></span> <span class='ocrx_word' id='word_1_196' title='bbox 700 3463 887 3531; x_wconf 88' lang='lat' dir='ltr'><strong>forensibus</strong></span> <span class='ocrx_word' id='word_1_197' title='bbox 907 3468 919 3509; x_wconf 84' lang='lat'>⁷</span> <span class='ocrx_word' id='word_1_198' title='bbox 941 3480 974 3531; x_wconf 94' lang='lat' dir='ltr'><strong>et</strong></span> <span class='ocrx_word' id='word_1_199' title='bbox 993 3464 1163 3548; x_wconf 86' lang='lat' dir='ltr'><strong>dispendia</strong></span> <span class='ocrx_word' id='word_1_200' title='bbox 1186 3480 1219 3531; x_wconf 91' lang='lat' dir='ltr'><strong>et</strong></span> <span class='ocrx_word' id='word_1_201' title='bbox 1238 3481 1367 3532; x_wconf 91' lang='lat' dir='ltr'><strong>sumtus</strong></span> <span class='ocrx_word' id='word_1_202' title='bbox 1389 3485 1455 3531; x_wconf 90' lang='lat' dir='ltr'><strong>non</strong></span> <span class='ocrx_word' id='word_1_203' title='bbox 1478 3462 1546 3530; x_wconf 86' lang='lat' dir='ltr'><strong>litis</strong></span> 
     </span>
     <span class='ocr_line' id='line_1_27' title="bbox 372 3574 1546 3661; baseline 0.002 -23"><span class='ocrx_word' id='word_1_204' title='bbox 372 3574 489 3657; x_wconf 89' lang='lat' dir='ltr'><strong>modo,</strong></span> <span class='ocrx_word' id='word_1_205' title='bbox 513 3575 571 3641; x_wconf 89' lang='lat' dir='ltr'><strong>sed</strong></span> <span class='ocrx_word' id='word_1_206' title='bbox 591 3590 624 3641; x_wconf 91' lang='lat' dir='ltr'><strong>et</strong></span> <span class='ocrx_word' id='word_1_207' title='bbox 645 3575 865 3643; x_wconf 88' lang='lat' dir='ltr'><strong>exsecutionis</strong></span> <span class='ocrx_word' id='word_1_208' title='bbox 888 3577 928 3642; x_wconf 88' lang='lat' dir='ltr'><strong>ab</strong></span> <span class='ocrx_word' id='word_1_209' title='bbox 944 3597 984 3656; x_wconf 93' lang='lat' dir='ltr'><strong>eo</strong></span> <span class='ocrx_word' id='word_1_210' title='bbox 1000 3575 1111 3642; x_wconf 87' lang='lat' dir='ltr'><strong>sarciri</strong></span> <span class='ocrx_word' id='word_1_211' title='bbox 1124 3597 1265 3661; x_wconf 85' lang='lat' dir='ltr'><strong>aequum</strong></span> <span class='ocrx_word' id='word_1_212' title='bbox 1277 3592 1346 3659; x_wconf 88' lang='lat' dir='ltr'><strong>est,</strong></span> <span class='ocrx_word' id='word_1_213' title='bbox 1359 3576 1418 3661; x_wconf 94' lang='lat' dir='ltr'><strong>qui</strong></span> <span class='ocrx_word' id='word_1_214' title='bbox 1430 3590 1546 3660; x_wconf 91' lang='lat' dir='ltr'><strong>sponte</strong></span> 
     </span>
     <span class='ocr_line' id='line_1_28' title="bbox 369 3686 1546 3775; baseline -0.001 -23"><span class='ocrx_word' id='word_1_215' title='bbox 369 3686 435 3772; x_wconf 88' lang='lat' dir='ltr'><strong>juri</strong></span> <span class='ocrx_word' id='word_1_216' title='bbox 456 3707 522 3753; x_wconf 91' lang='lat' dir='ltr'><strong>non</strong></span> <span class='ocrx_word' id='word_1_217' title='bbox 540 3686 658 3772; x_wconf 89' lang='lat' dir='ltr'><strong>patuit.</strong></span> <span class='ocrx_word' id='word_1_218' title='bbox 706 3688 793 3754; x_wconf 89' lang='lat' dir='ltr'><strong>Hinc</strong></span> <span class='ocrx_word' id='word_1_219' title='bbox 814 3688 896 3754; x_wconf 91' lang='lat' dir='ltr'><strong>illud</strong></span> <span class='ocrx_word' id='word_1_220' title='bbox 919 3703 987 3756; x_wconf 87' lang='lat' dir='ltr'><strong>est:</strong></span> <span class='ocrx_word' id='word_1_221' title='bbox 1010 3691 1172 3774; x_wconf 78' lang='lat' dir='ltr'><strong>impensas</strong></span> <span class='ocrx_word' id='word_1_222' title='bbox 1192 3689 1271 3754; x_wconf 75' lang='lat' dir='ltr'><em>belli</em></span> <span class='ocrx_word' id='word_1_223' title='bbox 1291 3688 1360 3775; x_wconf 76' lang='lat' dir='ltr'><strong>lege</strong></span> <span class='ocrx_word' id='word_1_224' title='bbox 1377 3692 1461 3756; x_wconf 81' lang='lat' dir='ltr'><strong>uicti</strong></span> <span class='ocrx_word' id='word_1_225' title='bbox 1476 3708 1546 3752; x_wconf 90' lang='lat' dir='ltr'><strong>sus-</strong></span> 
     </span>
     <span class='ocr_line' id='line_1_29' title="bbox 370 3798 1547 3886; baseline 0 -22"><span class='ocrx_word' id='word_1_226' title='bbox 370 3813 526 3886; x_wconf 72' lang='lat' dir='ltr'><strong>cepturus</strong></span> <span class='ocrx_word' id='word_1_227' title='bbox 546 3804 570 3867; x_wconf 81' lang='lat'><strong>⁸.</strong></span> <span class='ocrx_word' id='word_1_228' title='bbox 615 3800 785 3868; x_wconf 86' lang='lat' dir='ltr'><strong>Postremo</strong></span> <span class='ocrx_word' id='word_1_229' title='bbox 807 3816 932 3867; x_wconf 91' lang='lat' dir='ltr'><strong>certum</strong></span> <span class='ocrx_word' id='word_1_230' title='bbox 956 3815 1005 3866; x_wconf 94' lang='lat' dir='ltr'><strong>est</strong></span> <span class='ocrx_word' id='word_1_231' title='bbox 1027 3820 1121 3883; x_wconf 85' lang='lat' dir='ltr'><strong>eum,</strong></span> <span class='ocrx_word' id='word_1_232' title='bbox 1139 3800 1199 3883; x_wconf 92' lang='lat' dir='ltr'><strong>qui</strong></span> <span class='ocrx_word' id='word_1_233' title='bbox 1213 3801 1305 3886; x_wconf 90' lang='lat' dir='ltr'><strong>justo</strong></span> <span class='ocrx_word' id='word_1_234' title='bbox 1328 3801 1418 3866; x_wconf 89' lang='lat' dir='ltr'><strong>bello</strong></span> <span class='ocrx_word' id='word_1_235' title='bbox 1441 3798 1547 3866; x_wconf 89' lang='lat' dir='ltr'><strong>sciens</strong></span> 
     </span>
    </p>
   </div>
   <div class='ocr_carea' id='block_1_3' title="bbox 368 4081 1548 4514">
    <p class='ocr_par' dir='ltr' id='par_1_10' title="bbox 368 4081 1548 4514">
     <span class='ocr_line' id='line_1_30' title="bbox 405 4081 1548 4146; baseline 0.001 -12"><span class='ocrx_word' id='word_1_236' title='bbox 405 4081 413 4114; x_wconf 90' lang='lat'><strong>¹</strong></span> <span class='ocrx_word' id='word_1_237' title='bbox 432 4099 458 4134; x_wconf 85' lang='lat' dir='ltr'><strong>v.</strong></span> <span class='ocrx_word' id='word_1_238' title='bbox 479 4082 545 4133; x_wconf 80' lang='lat' dir='ltr'><strong>infra</strong></span> <span class='ocrx_word' id='word_1_239' title='bbox 568 4097 592 4132; x_wconf 88' lang='lat' dir='ltr'><strong>c.</strong></span> <span class='ocrx_word' id='word_1_240' title='bbox 613 4096 637 4143; x_wconf 84' lang='lat'><strong>7.</strong></span> <span class='ocrx_word' id='word_1_241' title='bbox 671 4081 681 4115; x_wconf 76' lang='lat'>²</span> <span class='ocrx_word' id='word_1_242' title='bbox 698 4084 757 4145; x_wconf 74' lang='lat' dir='ltr'><strong>Dig.</strong></span> <span class='ocrx_word' id='word_1_243' title='bbox 782 4086 853 4145; x_wconf 91' lang='lat' dir='ltr'><strong>quod</strong></span> <span class='ocrx_word' id='word_1_244' title='bbox 869 4085 978 4146; x_wconf 82' lang='lat' dir='ltr'><strong>quisque</strong></span> <span class='ocrx_word' id='word_1_245' title='bbox 993 4083 1066 4142; x_wconf 85' lang='lat' dir='ltr'><strong>iuris.</strong></span> <span class='ocrx_word' id='word_1_246' title='bbox 1084 4095 1132 4133; x_wconf 89' lang='lat' dir='ltr'><strong>tot.</strong></span> <span class='ocrx_word' id='word_1_247' title='bbox 1149 4083 1189 4133; x_wconf 84' lang='lat' dir='ltr'><strong>tit.</strong></span> <span class='ocrx_word' id='word_1_248' title='bbox 1205 4083 1250 4146; x_wconf 89' lang='lat' dir='ltr'><strong>[D.</strong></span> <span class='ocrx_word' id='word_1_249' title='bbox 1268 4096 1293 4133; x_wconf 83' lang='lat' dir='ltr'><strong>a.</strong></span> <span class='ocrx_word' id='word_1_250' title='bbox 1310 4083 1347 4146; x_wconf 70' lang='lat' dir='ltr'><strong>a]</strong></span> <span class='ocrx_word' id='word_1_251' title='bbox 1367 4083 1423 4133; x_wconf 84' lang='lat' dir='ltr'><strong>cic.</strong></span> <span class='ocrx_word' id='word_1_252' title='bbox 1439 4085 1473 4132; x_wconf 88' lang='lat' dir='ltr'><strong>de</strong></span> <span class='ocrx_word' id='word_1_253' title='bbox 1492 4083 1548 4136; x_wconf 83' lang='lat' dir='ltr'><strong>inv.</strong></span> 
     </span>
     <span class='ocr_line' id='line_1_31' title="bbox 369 4172 1544 4239; baseline -0.001 -15"><span class='ocrx_word' id='word_1_254' title='bbox 369 4177 387 4224; x_wconf 86' lang='lat'><strong>1.</strong></span> <span class='ocrx_word' id='word_1_255' title='bbox 411 4188 435 4224; x_wconf 81' lang='lat' dir='ltr'><strong>a.</strong></span> <span class='ocrx_word' id='word_1_256' title='bbox 452 4175 514 4224; x_wconf 80' lang='lat' dir='ltr'><strong>silv.</strong></span> <span class='ocrx_word' id='word_1_257' title='bbox 529 4175 555 4223; x_wconf 87' lang='lat' dir='ltr'><strong>in</strong></span> <span class='ocrx_word' id='word_1_258' title='bbox 573 4176 976 4234; x_wconf 74' lang='lat' dir='ltr'><strong>v.Be11um.1.§r.c0nc1.r.</strong></span> <span class='ocrx_word' id='word_1_259' title='bbox 1007 4172 1112 4236; x_wconf 79' lang='lat' dir='ltr'><strong>⁸Vtsq.</strong></span> <span class='ocrx_word' id='word_1_260' title='bbox 1127 4188 1151 4224; x_wconf 87' lang='lat' dir='ltr'><strong>c.</strong></span> <span class='ocrx_word' id='word_1_261' title='bbox 1167 4189 1192 4239; x_wconf 84' lang='lat'><strong>9.</strong></span> <span class='ocrx_word' id='word_1_262' title='bbox 1209 4188 1235 4224; x_wconf 93' lang='lat' dir='ltr'><strong>n.</strong></span> <span class='ocrx_word' id='word_1_263' title='bbox 1256 4187 1294 4233; x_wconf 84' lang='lat'><strong>17.</strong></span> <span class='ocrx_word' id='word_1_264' title='bbox 1327 4172 1411 4238; x_wconf 81' lang='lat' dir='ltr'><strong>⁴[ap.</strong></span> <span class='ocrx_word' id='word_1_265' title='bbox 1427 4173 1498 4223; x_wconf 80' lang='lat' dir='ltr'><strong>stob.</strong></span> <span class='ocrx_word' id='word_1_266' title='bbox 1515 4173 1544 4224; x_wconf 87' lang='lat' dir='ltr'><strong>in</strong></span> 
     </span>
     <span class='ocr_line' id='line_1_32' title="bbox 369 4263 1544 4330; baseline 0.002 -16"><span class='ocrx_word' id='word_1_267' title='bbox 369 4265 445 4314; x_wconf 78' lang='lat' dir='ltr'><strong>florii.</strong></span> <span class='ocrx_word' id='word_1_268' title='bbox 468 4268 485 4314; x_wconf 89' lang='grc'><strong>1.</strong></span> <span class='ocrx_word' id='word_1_269' title='bbox 511 4279 549 4316; x_wconf 86' lang='lat' dir='ltr'><strong>ro.</strong></span> <span class='ocrx_word' id='word_1_270' title='bbox 570 4279 595 4314; x_wconf 91' lang='lat' dir='ltr'><strong>n.</strong></span> <span class='ocrx_word' id='word_1_271' title='bbox 617 4263 652 4329; x_wconf 69' lang='grc'><strong>3.]</strong></span> <span class='ocrx_word' id='word_1_272' title='bbox 689 4264 700 4296; x_wconf 78' lang='lat'>⁸</span> <span class='ocrx_word' id='word_1_273' title='bbox 724 4268 756 4315; x_wconf 89' lang='lat' dir='ltr'><strong>de</strong></span> <span class='ocrx_word' id='word_1_274' title='bbox 781 4279 834 4327; x_wconf 88' lang='lat' dir='ltr'><strong>rep.</strong></span> <span class='ocrx_word' id='word_1_275' title='bbox 852 4269 870 4315; x_wconf 89' lang='lat'><strong>1.</strong></span> <span class='ocrx_word' id='word_1_276' title='bbox 890 4280 912 4316; x_wconf 88' lang='lat'><strong>1.</strong></span> <span class='ocrx_word' id='word_1_277' title='bbox 929 4280 953 4316; x_wconf 90' lang='lat' dir='ltr'><strong>c.</strong></span> <span class='ocrx_word' id='word_1_278' title='bbox 970 4268 995 4316; x_wconf 85' lang='grc' dir='ltr'><strong>ό.</strong></span> <span class='ocrx_word' id='word_1_279' title='bbox 1012 4267 1051 4330; x_wconf 91' lang='lat' dir='ltr'><strong>[p.</strong></span> <span class='ocrx_word' id='word_1_280' title='bbox 1069 4279 1141 4323; x_wconf 78' lang='lat' dir='ltr'><strong>ress.</strong></span> <span class='ocrx_word' id='word_1_281' title='bbox 1161 4280 1184 4316; x_wconf 87' lang='lat' dir='ltr'><strong>r.</strong></span> <span class='ocrx_word' id='word_1_282' title='bbox 1200 4281 1238 4318; x_wconf 82' lang='lat' dir='ltr'><strong>vr.</strong></span> <span class='ocrx_word' id='word_1_283' title='bbox 1255 4265 1291 4330; x_wconf 83' lang='lat'><strong>6.]</strong></span> <span class='ocrx_word' id='word_1_284' title='bbox 1326 4265 1424 4315; x_wconf 73' lang='lat' dir='ltr'><strong>‘vica</strong></span> <span class='ocrx_word' id='word_1_285' title='bbox 1439 4264 1544 4324; x_wconf 82' lang='lat' dir='ltr'><strong>dejure</strong></span> 
     </span>
     <span class='ocr_line' id='line_1_33' title="bbox 370 4355 1545 4422; baseline 0.002 -18"><span class='ocrx_word' id='word_1_286' title='bbox 370 4355 431 4405; x_wconf 86' lang='lat' dir='ltr'><strong>belli</strong></span> <span class='ocrx_word' id='word_1_287' title='bbox 449 4369 474 4404; x_wconf 89' lang='lat' dir='ltr'><strong>n.</strong></span> <span class='ocrx_word' id='word_1_288' title='bbox 494 4369 524 4415; x_wconf 83' lang='lat'><strong>17</strong></span> <span class='ocrx_word' id='word_1_289' title='bbox 541 4368 566 4406; x_wconf 90' lang='lat' dir='ltr'><strong>et</strong></span> <span class='ocrx_word' id='word_1_290' title='bbox 585 4368 617 4413; x_wconf 84' lang='lat'><strong>50</strong></span> <span class='ocrx_word' id='word_1_291' title='bbox 634 4368 660 4405; x_wconf 85' lang='lat' dir='ltr'><strong>et</strong></span> <span class='ocrx_word' id='word_1_292' title='bbox 677 4369 718 4418; x_wconf 79' lang='lat'><strong>⁵4-</strong></span> <span class='ocrx_word' id='word_1_293' title='bbox 735 4359 801 4406; x_wconf 81' lang='lat' dir='ltr'><strong>Bart.</strong></span> <span class='ocrx_word' id='word_1_294' title='bbox 817 4359 849 4408; x_wconf 87' lang='lat' dir='ltr'><strong>de</strong></span> <span class='ocrx_word' id='word_1_295' title='bbox 867 4371 974 4420; x_wconf 83' lang='lat' dir='ltr'><strong>repress.</strong></span> <span class='ocrx_word' id='word_1_296' title='bbox 990 4372 1016 4419; x_wconf 88' lang='lat' dir='ltr'><strong>q.</strong></span> <span class='ocrx_word' id='word_1_297' title='bbox 1033 4372 1049 4422; x_wconf 85' lang='lat'><em>9</em></span> <span class='ocrx_word' id='word_1_298' title='bbox 1066 4360 1099 4407; x_wconf 76' lang='lat' dir='ltr'><strong>td</strong></span> <span class='ocrx_word' id='word_1_299' title='bbox 1114 4371 1137 4416; x_wconf 74' lang='lat' dir='ltr'><strong>s.</strong></span> <span class='ocrx_word' id='word_1_300' title='bbox 1156 4359 1233 4408; x_wconf 77' lang='lat' dir='ltr'><strong>Mart.</strong></span> <span class='ocrx_word' id='word_1_301' title='bbox 1249 4359 1327 4409; x_wconf 81' lang='lat' dir='ltr'><strong>Laud.</strong></span> <span class='ocrx_word' id='word_1_302' title='bbox 1343 4359 1376 4408; x_wconf 89' lang='lat' dir='ltr'><strong>de</strong></span> <span class='ocrx_word' id='word_1_303' title='bbox 1392 4357 1462 4406; x_wconf 77' lang='lat' dir='ltr'><strong>betto</strong></span> <span class='ocrx_word' id='word_1_304' title='bbox 1477 4371 1504 4418; x_wconf 90' lang='lat' dir='ltr'><strong>q.</strong></span> <span class='ocrx_word' id='word_1_305' title='bbox 1523 4370 1545 4406; x_wconf 88' lang='lat' dir='ltr'><strong>t.</strong></span> 
     </span>
     <span class='ocr_line' id='line_1_34' title="bbox 368 4444 1544 4514; baseline 0 -19"><span class='ocrx_word' id='word_1_306' title='bbox 368 4444 1544 4514; x_wconf 46' lang='lat' dir='ltr'><strong>⁷mmwmmmm5nstqmuemmmfflMmmmm</strong></span> 
     </span>
    </p>
   </div>
   <div class='ocr_carea' id='block_1_4' title="bbox 372 4536 863 4603">
    <p class='ocr_par' dir='ltr' id='par_1_11' title="bbox 372 4536 863 4603">
     <span class='ocr_line' id='line_1_35' title="bbox 372 4536 863 4603; baseline -0.002 -2"><span class='ocrx_word' id='word_1_307' title='bbox 372 4538 415 4601; x_wconf 78' lang='lat' dir='ltr'><strong>[C-</strong></span> <span class='ocrx_word' id='word_1_308' title='bbox 434 4551 459 4597; x_wconf 82' lang='lat'><strong>7·</strong></span> <span class='ocrx_word' id='word_1_309' title='bbox 480 4539 533 4601; x_wconf 62' lang='grc' dir='ltr'><strong>ει]</strong></span> <span class='ocrx_word' id='word_1_310' title='bbox 568 4536 658 4603; x_wconf 63' lang='grc' dir='ltr'><strong>Ἰωῑ-</strong></span> <span class='ocrx_word' id='word_1_311' title='bbox 677 4542 694 4588; x_wconf 89' lang='lat'><strong>¹·</strong></span> <span class='ocrx_word' id='word_1_312' title='bbox 712 4551 752 4600; x_wconf 77' lang='lat'><strong>8³·</strong></span> <span class='ocrx_word' id='word_1_313' title='bbox 772 4541 806 4594; x_wconf 85' lang='lat' dir='ltr'><strong>[c.</strong></span> <span class='ocrx_word' id='word_1_314' title='bbox 828 4549 863 4601; x_wconf 74' lang='lat' dir='ltr'><strong>nt</strong></span> 
     </span>
    </p>
   </div>
   <div class='ocr_carea' id='block_1_5' title="bbox 0 0 1730 5434">
    <p class='ocr_par' dir='ltr' id='par_1_12' title="bbox 0 0 1730 5434">
     <span class='ocr_line' id='line_1_36' title="bbox 0 0 1730 5434; baseline 0 0"><span class='ocrx_word' id='word_1_315' title='bbox 0 0 1730 5434; x_wconf 95' lang='lat' dir='ltr'><strong> </strong></span> 
     </span>
    </p>
   </div>
  </div>
 </body>
</html>
