3450 5434
504 609 550 655 un
572 608 666 675 Junn
692 608 879 656 rxxnnan.
904 608 987 657 oxa.
1011 609 1047 655 x.
1324 602 1385 669 155

215 764 296 831 liato
317 763 385 831 civi
406 764 447 832 ad
469 764 703 846 reparationem
728 763 874 847 iacturae
897 762 1046 849 obligari.
1092 762 1169 834 Sed,
1184 762 1247 827 hoe
1275 760 1386 827 subla·
1440 741 1443 749 ¹

214 889 285 941 tum
317 890 390 956 est,
421 890 493 940 tum
522 895 565 943 ne
597 873 755 941 aerarium
786 874 863 939 belli
893 872 1077 957 praesertim
1109 888 1256 956 ternpore
1275 870 1385 939 ninriis

214 984 459 1069 erogationibus
491 985 737 1068 exhauriretur,
760 999 831 1051 tum
851 1005 892 1050 ne
921 984 996 1067 quis
1020 1004 1056 1049 ea
1078 982 1233 1049 facilitate
1256 982 1385 1049 illectus

212 1114 266 1161 res
282 1115 358 1161 suas
377 1096 495 1163 minus
506 1094 637 1163 fortiter
656 1095 862 1163 defendendo
880 1094 1025 1161 hostium
1043 1114 1121 1179 opes
1133 1108 1276 1178 augeret.
1299 1092 1385 1157 Mox

213 1207 390 1273 nonnullae
419 1206 545 1290 species
572 1220 811 1287 occurrerunt,
831 1204 865 1271 in
895 1206 1019 1287 quibus
1042 1205 1181 1289 aequius
1201 1203 1386 1285 utiliusque

213 1312 322 1383 visum
341 1332 391 1384 est
411 1318 646 1401 rempublicam
665 1319 741 1402 jure
764 1336 826 1383 suo
848 1331 981 1385 eatenus
1002 1317 1137 1399 cedere,
1157 1330 1196 1381 ut
1213 1313 1386 1381 sinedam-

211 1444 257 1492 no
275 1446 338 1494 suo
360 1427 483 1495 civium
504 1427 628 1494 damnis
651 1429 859 1511 consuleret,
882 1431 945 1495 hoc
969 1442 1038 1509 est,
1061 1440 1099 1505 ut
1119 1446 1170 1493 res
1181 1446 1221 1491 ex
1233 1424 1385 1491 hostibus

212 1552 357 1620 receptas
388 1537 429 1604 ad
458 1553 586 1605 veteres
608 1538 759 1604 dominos
782 1538 886 1604 redire
906 1552 1081 1623 pateretur.
1127 1535 1215 1603 Hinc
1236 1535 1290 1620 jus
1312 1532 1529 1633 nas-{ffiffl

211 1647 298 1713 citur
311 1648 514 1733 postliminii
532 1648 565 1715 in
586 1649 716 1735 legibus
726 1647 883 1716 Romanis
900 1647 1131 1729 notissimum,
1147 1646 1257 1713 minus
1277 1660 1384 1714 tamen

211 1757 325 1840 primis
345 1757 411 1825 illis
432 1758 665 1847 interpretibus
687 1758 905 1828 intellectum.
939 1759 990 1824 De
1014 1757 1167 1840 eoquod
1190 1756 1229 1821 ad
1247 1755 1384 1840 praedae

210 1868 504 1935 considerationem
527 1870 607 1937 satis
626 1868 671 1937 sit
690 1870 869 1937 videamus.
913 1870 1000 1936 Nam
1025 1869 1065 1934 de
1084 1866 1287 1952 postliminio
1299 1866 1384 1935 inter

212 1992 336 2047 exteras
372 1978 521 2047 nationes
562 1980 667 2064 deque
698 1980 912 2064 homiuibus,
953 1980 1011 2063 qui
1041 1995 1098 2045 aut
1128 1980 1214 2045 bello
1246 1978 1384 2044 redeunt

210 2102 267 2155 aut
296 2089 519 2178 recipiuntur,
548 2094 645 2176 longa
674 2106 708 2158 et
737 2092 779 2157 ab
806 2091 959 2158 instituto
987 2090 1092 2158 aliena
1111 2090 1154 2159 sit
1176 2088 1381 2173 disceptatio.

113 2212 117 2219 ·
209 2199 348 2267 Romani
371 2221 466 2287 agros
488 2202 690 2289 postliminio
710 2201 817 2269 redire
839 2204 1018 2269 voluerunt
1041 2203 1061 2267 ¹.
1106 2200 1193 2269 Nam
1216 2220 1290 2266 cum
1312 2194 1513 2297 sinemgss

208 2329 334 2377 annona
365 2331 418 2377 res
450 2312 568 2378 bellica
595 2312 750 2386 sustineri
776 2331 844 2379 non
867 2327 979 2396 posset
1000 2327 1032 2378 et
1057 2312 1205 2397 plerique
1226 2310 1382 2395 periculis

208 2420 353 2487 deterriti
385 2442 495 2488 curam
524 2441 676 2507 agrorum
706 2423 931 2509 deponerent,
954 2423 1129 2507 praecipue
1156 2423 1186 2489 'si
1211 2422 1302 2489 nulla
1323 2440 1383 2487 sua

207 2532 406 2617 negligentia
436 2535 495 2600 sed
516 2533 552 2600 vi
576 2533 721 2601 hostium
744 2535 866 2619 majore
890 2533 1003 2619 (quod
1021 2534 1197 2619 plurimum
1228 2533 1262 2599 in
1284 2532 1382 2598 rebus

209 2642 272 2708 soli
305 2643 435 2729 evenit)
465 2643 614 2727 expulsi,
637 2664 694 2729 spe
716 2645 806 2711 omni
830 2645 864 2709 in
887 2659 1054 2728 posterum
1085 2642 1296 2729 recuperandi
1327 2643 1382 2708 de-

208 2751 444 2835 stituerentur,
463 2754 683 2821 indemnitatis
702 2755 844 2838 quodam
863 2769 961 2839 pacto
973 2754 1135 2821 excitandi
1147 2754 1296 2821 homines
1308 2752 1382 2819 fue·

206 2877 308 2946 runt,
330 2876 368 2929 ut
388 2864 556 2947 possidere
578 2864 699 2931 fundos
718 2880 752 2931 et
774 2867 882 2932 colere
903 2866 1037 2932 vellent.
1076 2865 1115 2930 In
1135 2864 1233 2931 rebus
1252 2862 1383 2929 mobili·

206 2973 270 3040 bus
293 2974 465 3040 nunidem
497 2977 693 3043 observatur
709 2973 741 3042 ²:
773 2996 841 3044 non
871 2976 969 3043 modo
1000 2975 1080 3059 quia
1106 2994 1216 3042 earum
1240 2972 1382 3041 difficilis

206 3098 256 3150 est
284 3084 474 3171 indagatio,
507 3086 564 3154 sed
594 3086 752 3169 quoniam
781 3087 893 3153 dubiis
925 3086 1127 3171 temporibus
1161 3084 1246 3153 illud
1279 3103 1382 3171 genus

207 3194 426 3277 possessionis
446 3195 537 3263 oneri
557 3197 668 3263 verius
691 3218 790 3281 quam
809 3198 887 3265 usui
906 3213 976 3279 est,
1000 3198 1199 3279 timidosque
1218 3196 1381 3263 interdurn

207 3318 241 3370 et
262 3304 411 3371 imbelles
433 3303 531 3387 facit,
554 3307 600 3373 ita
622 3323 660 3374 ut
683 3307 916 3391 impedimenta
939 3327 1005 3374 non
1029 3309 1168 3376 absurde
1191 3306 1289 3373 iidem
1314 3305 1382 3371 Ro·

206 3415 292 3481 mani
313 3417 559 3499 appellaverint.
604 3416 725 3503 Excipi
745 3421 757 3457 ⁸
776 3434 882 3485 tamen
906 3419 1090 3486 debuerunt
1111 3437 1327 3501 quaecunque
1346 3417 1380 3486 in

206 3527 293 3592 bello
316 3544 413 3593 usum
435 3528 576 3610 habent,
599 3544 638 3595 ut
660 3550 759 3595 naves
783 3531 900 3615 longae
924 3545 957 3597 et
979 3532 1162 3611 onerariae,
1186 3549 1253 3596 non
1272 3544 1379 3595 autem

204 3636 398 3721 piscatoriae
422 3653 454 3704 et
476 3659 560 3721 quae
582 3641 764 3724 voluptatis
792 3661 889 3707 causa
910 3653 1089 3724 parantur,
1114 3659 1218 3722 equus
1241 3654 1274 3705 et
1296 3658 1382 3721 equa

204 3767 272 3836 non
293 3748 419 3828 omnis,
439 3749 500 3814 sed
516 3748 598 3815 freni
617 3750 766 3836 patiens,
790 3753 900 3817 mulus
920 3750 1015 3817 etiam
1036 3750 1227 3817 clitellarius
1236 3752 1259 3815 ⁴.
1282 3748 1380 3817 Nihil

203 3859 290 3924 enim
313 3858 430 3927 utilius
451 3876 500 3927 est
523 3881 621 3945 quarn
644 3863 763 3929 habere
785 3862 827 3929 ad
844 3881 975 3927 manum
995 3863 1122 3946 copiam
1143 3880 1251 3928 earum
1271 3880 1390 3925 rerum.

202 3968 392 4050 maximam,
416 3990 498 4055 quas
520 3972 631 4038 subita
653 3992 749 4059 saepe
771 3972 953 4059 indigentia
976 3973 1052 4039 belli
1075 3972 1236 4057 requirit:
1261 3972 1302 4037 ad
1325 3990 1377 4037 eas

202 4075 303 4165 igitur
334 4082 565 4165 comparandas
597 4083 731 4151 invitari
763 4084 853 4151 cives
884 4084 1054 4167 oportuit,
1089 4082 1279 4167 praesertim
1302 4100 1377 4148 curn

234 4296 281 4348 ²1.
304 4300 327 4349 si
352 4302 477 4362 captivus.
500 4306 523 4361 ς.
550 4317 572 4352 ι.
597 4304 622 4352 ff.
647 4306 679 4354 de
704 4316 770 4365 capt.
795 4302 840 4369 [D.
856 4319 900 4368 49.
921 4318 959 4362 15.
977 4304 1032 4368 ao]
1068 4302 1120 4353 ¹c.
1139 4318 1163 4362 g.
1196 4302 1242 4351 ⁸l.
1261 4302 1327 4352 mli.
1345 4304 1377 4352 de

199 4401 267 4450 capt.
285 4390 331 4453 [D.
348 4405 390 4455 49.
409 4391 461 4456 rs]
481 4393 537 4442 Cic.
555 4394 581 4443 in
598 4395 705 4455 topicis.
723 4396 827 4455 festus,
845 4410 878 4447 ex
895 4396 972 4445 Aelio
992 4398 1079 4454 Gallo,
1098 4396 1125 4445 ln
1142 4393 1377 4446 v.Poetliminium.

201 4493 214 4526 ⁴
230 4482 262 4531 V.
280 4483 297 4529 l.
314 4482 510 4544 postliminium.
528 4484 554 4533 in
573 4483 632 4535 line.
650 4485 676 4535 lr.
694 4487 726 4535 de
744 4497 813 4548 capt.
834 4485 879 4551 [D.
896 4501 937 4549 49.
959 4499 997 4543 rs.
1019 4484 1068 4551 ¹9·]
