<?xml version="1.0" encoding="UTF-8"?>
<!DOCTYPE html PUBLIC "-//W3C//DTD XHTML 1.0 Transitional//EN"
    "http://www.w3.org/TR/xhtml1/DTD/xhtml1-transitional.dtd">
<html xmlns="http://www.w3.org/1999/xhtml" xml:lang="en" lang="en">
 <head>
  <title>
</title>
<meta http-equiv="Content-Type" content="text/html;charset=utf-8" />
  <meta name='ocr-system' content='tesseract 3.04.00' />
  <meta name='ocr-capabilities' content='ocr_page ocr_carea ocr_par ocr_line ocrx_word'/>
</head>
<body>
  <div class='ocr_page' id='page_1' title='image "./ledroitdeprised02hamagoog_0351.png"; bbox 0 0 3450 5434; ppageno 0'>
   <div class='ocr_carea' id='block_1_1' title="bbox 512 653 1384 725">
    <p class='ocr_par' dir='ltr' id='par_1_1' title="bbox 512 653 1384 725">
     <span class='ocr_line' id='line_1_1' title="bbox 512 653 1384 725; baseline 0.008 -26"><span class='ocrx_word' id='word_1_1' title='bbox 512 653 559 700; x_wconf 78' lang='lat' dir='ltr'><strong>Du</strong></span> <span class='ocrx_word' id='word_1_2' title='bbox 582 655 675 722; x_wconf 75' lang='lat' dir='ltr'><strong>Juttu</strong></span> <span class='ocrx_word' id='word_1_3' title='bbox 702 655 888 702; x_wconf 71' lang='lat' dir='ltr'><strong>pannulis.</strong></span> <span class='ocrx_word' id='word_1_4' title='bbox 914 656 996 702; x_wconf 82' lang='lat' dir='ltr'><strong>CAP·</strong></span> <span class='ocrx_word' id='word_1_5' title='bbox 1021 657 1083 703; x_wconf 78' lang='lat' dir='ltr'><strong>XV·</strong></span> <span class='ocrx_word' id='word_1_6' title='bbox 1322 661 1384 725; x_wconf 79' lang='lat'><strong>329</strong></span> 
     </span>
    </p>
   </div>
   <div class='ocr_carea' id='block_1_2' title="bbox 198 809 1472 4348">
    <p class='ocr_par' dir='ltr' id='par_1_2' title="bbox 198 809 1472 4348">
     <span class='ocr_line' id='line_1_2' title="bbox 211 809 1383 900; baseline 0.007 -24"><span class='ocrx_word' id='word_1_7' title='bbox 211 811 302 879; x_wconf 91' lang='lat' dir='ltr'><strong>oneri</strong></span> <span class='ocrx_word' id='word_1_8' title='bbox 325 809 427 877; x_wconf 77' lang='lat' dir='ltr'><strong>factae</strong></span> <span class='ocrx_word' id='word_1_9' title='bbox 450 831 516 876; x_wconf 91' lang='lat' dir='ltr'><strong>non</strong></span> <span class='ocrx_word' id='word_1_10' title='bbox 539 811 626 875; x_wconf 91' lang='lat' dir='ltr'><strong>bello</strong></span> <span class='ocrx_word' id='word_1_11' title='bbox 651 824 684 876; x_wconf 88' lang='lat' dir='ltr'><strong>ct</strong></span> <span class='ocrx_word' id='word_1_12' title='bbox 706 810 747 875; x_wconf 93' lang='lat' dir='ltr'><strong>ad</strong></span> <span class='ocrx_word' id='word_1_13' title='bbox 768 811 940 894; x_wconf 90' lang='lat' dir='ltr'><strong>globorum</strong></span> <span class='ocrx_word' id='word_1_14' title='bbox 962 810 1047 876; x_wconf 90' lang='lat' dir='ltr'><strong>ictus</strong></span> <span class='ocrx_word' id='word_1_15' title='bbox 1069 827 1196 895; x_wconf 88' lang='lat' dir='ltr'><strong>apertae</strong></span> <span class='ocrx_word' id='word_1_16' title='bbox 1218 815 1383 900; x_wconf 91' lang='lat' dir='ltr'><strong>undique,</strong></span> 
     </span>
     <span class='ocr_line' id='line_1_3' title="bbox 211 921 1385 1014; baseline 0.008 -27"><span class='ocrx_word' id='word_1_17' title='bbox 211 943 269 989; x_wconf 88' lang='lat' dir='ltr'><strong>nec</strong></span> <span class='ocrx_word' id='word_1_18' title='bbox 301 937 475 990; x_wconf 89' lang='lat' dir='ltr'><strong>ventorum</strong></span> <span class='ocrx_word' id='word_1_19' title='bbox 508 921 589 988; x_wconf 91' lang='lat' dir='ltr'><strong>satis</strong></span> <span class='ocrx_word' id='word_1_20' title='bbox 619 937 771 1004; x_wconf 87' lang='lat' dir='ltr'><strong>potentes</strong></span> <span class='ocrx_word' id='word_1_21' title='bbox 794 939 827 987; x_wconf 90' lang='lat' dir='ltr'><strong>et</strong></span> <span class='ocrx_word' id='word_1_22' title='bbox 849 922 882 986; x_wconf 94' lang='lat' dir='ltr'><strong>in</strong></span> <span class='ocrx_word' id='word_1_23' title='bbox 916 923 1105 990; x_wconf 88' lang='lat' dir='ltr'><strong>universum</strong></span> <span class='ocrx_word' id='word_1_24' title='bbox 1138 924 1254 1010; x_wconf 85' lang='lat' dir='ltr'>dignae</span> <span class='ocrx_word' id='word_1_25' title='bbox 1271 923 1385 1014; x_wconf 87' lang='lat' dir='ltr'><strong>&#39;magis</strong></span> 
     </span>
     <span class='ocr_line' id='line_1_4' title="bbox 209 1033 1384 1121; baseline 0.007 -22"><span class='ocrx_word' id='word_1_26' title='bbox 209 1035 322 1117; x_wconf 90' lang='lat' dir='ltr'><strong>vinci,</strong></span> <span class='ocrx_word' id='word_1_27' title='bbox 346 1055 443 1117; x_wconf 89' lang='lat' dir='ltr'><strong>quarn</strong></span> <span class='ocrx_word' id='word_1_28' title='bbox 465 1053 549 1116; x_wconf 89' lang='lat' dir='ltr'><strong>quae</strong></span> <span class='ocrx_word' id='word_1_29' title='bbox 572 1034 701 1117; x_wconf 90' lang='lat' dir='ltr'><strong>possint</strong></span> <span class='ocrx_word' id='word_1_30' title='bbox 723 1034 864 1100; x_wconf 88' lang='lat' dir='ltr'><strong>vincere.</strong></span> <span class='ocrx_word' id='word_1_31' title='bbox 912 1033 1005 1101; x_wconf 84' lang='lat' dir='ltr'>Gens</span> <span class='ocrx_word' id='word_1_32' title='bbox 1028 1035 1147 1102; x_wconf 88' lang='lat' dir='ltr'><strong>Batava</strong></span> <span class='ocrx_word' id='word_1_33' title='bbox 1171 1037 1279 1121; x_wconf 91' lang='lat' dir='ltr'><strong>gelido</strong></span> <span class='ocrx_word' id='word_1_34' title='bbox 1303 1059 1384 1106; x_wconf 90' lang='lat' dir='ltr'><strong>ven·</strong></span> 
     </span>
     <span class='ocr_line' id='line_1_5' title="bbox 210 1146 1382 1234; baseline 0.007 -24"><span class='ocrx_word' id='word_1_35' title='bbox 210 1162 351 1229; x_wconf 88' lang='lat' dir='ltr'><strong>tosoquc</strong></span> <span class='ocrx_word' id='word_1_36' title='bbox 382 1148 500 1227; x_wconf 90' lang='lat' dir='ltr'><strong>coelo,</strong></span> <span class='ocrx_word' id='word_1_37' title='bbox 532 1147 594 1212; x_wconf 91' lang='lat' dir='ltr'><strong>sub</strong></span> <span class='ocrx_word' id='word_1_38' title='bbox 627 1146 700 1229; x_wconf 90' lang='lat' dir='ltr'><strong>ipso</strong></span> <span class='ocrx_word' id='word_1_39' title='bbox 732 1146 965 1229; x_wconf 85' lang='lat' dir='ltr'>septentrionis</span> <span class='ocrx_word' id='word_1_40' title='bbox 1001 1147 1129 1229; x_wconf 85' lang='lat' dir='ltr'>sidere,</span> <span class='ocrx_word' id='word_1_41' title='bbox 1164 1148 1249 1215; x_wconf 90' lang='lat' dir='ltr'><strong>inter</strong></span> <span class='ocrx_word' id='word_1_42' title='bbox 1281 1171 1382 1234; x_wconf 91' lang='lat' dir='ltr'><strong>aquas</strong></span> 
     </span>
     <span class='ocr_line' id='line_1_6' title="bbox 208 1256 1382 1342; baseline 0.008 -20"><span class='ocrx_word' id='word_1_43' title='bbox 208 1277 285 1324; x_wconf 90' lang='lat' dir='ltr'><strong>suas</strong></span> <span class='ocrx_word' id='word_1_44' title='bbox 307 1258 444 1323; x_wconf 89' lang='lat' dir='ltr'><strong>educata</strong></span> <span class='ocrx_word' id='word_1_45' title='bbox 467 1273 501 1323; x_wconf 90' lang='lat' dir='ltr'><strong>et</strong></span> <span class='ocrx_word' id='word_1_46' title='bbox 523 1257 725 1324; x_wconf 89' lang='lat' dir='ltr'><strong>incredibilis</strong></span> <span class='ocrx_word' id='word_1_47' title='bbox 745 1256 926 1324; x_wconf 91' lang='lat' dir='ltr'><strong>multitudo</strong></span> <span class='ocrx_word' id='word_1_48' title='bbox 947 1259 989 1323; x_wconf 91' lang='lat' dir='ltr'><strong>ab</strong></span> <span class='ocrx_word' id='word_1_49' title='bbox 1010 1258 1089 1341; x_wconf 93' lang='lat' dir='ltr'><strong>ipsis</strong></span> <span class='ocrx_word' id='word_1_50' title='bbox 1111 1261 1269 1342; x_wconf 89' lang='lat' dir='ltr'><strong>pueritiae</strong></span> <span class='ocrx_word' id='word_1_51' title='bbox 1289 1265 1382 1331; x_wconf 87' lang='lat' dir='ltr'><strong>annis</strong></span> 
     </span>
     <span class='ocr_line' id='line_1_7' title="bbox 209 1369 1380 1459; baseline 0.006 -25"><span class='ocrx_word' id='word_1_52' title='bbox 209 1370 361 1453; x_wconf 87' lang='lat' dir='ltr'><strong>majorem</strong></span> <span class='ocrx_word' id='word_1_53' title='bbox 382 1369 470 1435; x_wconf 89' lang='lat' dir='ltr'><strong>vitae</strong></span> <span class='ocrx_word' id='word_1_54' title='bbox 488 1384 611 1452; x_wconf 89' lang='lat' dir='ltr'><strong>partem</strong></span> <span class='ocrx_word' id='word_1_55' title='bbox 631 1369 665 1433; x_wconf 91' lang='lat' dir='ltr'><strong>in</strong></span> <span class='ocrx_word' id='word_1_56' title='bbox 684 1387 807 1434; x_wconf 91' lang='lat' dir='ltr'><strong>oceano</strong></span> <span class='ocrx_word' id='word_1_57' title='bbox 825 1369 941 1449; x_wconf 88' lang='lat' dir='ltr'><strong>solita,</strong></span> <span class='ocrx_word' id='word_1_58' title='bbox 966 1390 1062 1451; x_wconf 88' lang='lat' dir='ltr'><strong>quam</strong></span> <span class='ocrx_word' id='word_1_59' title='bbox 1083 1370 1229 1439; x_wconf 88' lang='lat' dir='ltr'><strong>interris</strong></span> <span class='ocrx_word' id='word_1_60' title='bbox 1248 1373 1380 1459; x_wconf 84' lang='lat' dir='ltr'><strong>degere,</strong></span> 
     </span>
     <span class='ocr_line' id='line_1_8' title="bbox 208 1480 1381 1570; baseline 0.006 -25"><span class='ocrx_word' id='word_1_61' title='bbox 208 1481 297 1546; x_wconf 90' lang='lat' dir='ltr'><strong>haud</strong></span> <span class='ocrx_word' id='word_1_62' title='bbox 328 1481 423 1546; x_wconf 90' lang='lat' dir='ltr'><strong>aliter</strong></span> <span class='ocrx_word' id='word_1_63' title='bbox 451 1481 530 1547; x_wconf 92' lang='lat' dir='ltr'><strong>mari</strong></span> <span class='ocrx_word' id='word_1_64' title='bbox 561 1500 660 1562; x_wconf 87' lang='lat' dir='ltr'><strong>quam</strong></span> <span class='ocrx_word' id='word_1_65' title='bbox 691 1482 765 1545; x_wconf 90' lang='lat' dir='ltr'><strong>solo</strong></span> <span class='ocrx_word' id='word_1_66' title='bbox 796 1480 920 1546; x_wconf 90' lang='lat' dir='ltr'><strong>utitur:</strong></span> <span class='ocrx_word' id='word_1_67' title='bbox 952 1481 1203 1548; x_wconf 88' lang='lat' dir='ltr'><strong>tolerantissima</strong></span> <span class='ocrx_word' id='word_1_68' title='bbox 1225 1483 1381 1570; x_wconf 79' lang='lat' dir='ltr'><strong>frigoris,</strong></span> 
     </span>
     <span class='ocr_line' id='line_1_9' title="bbox 208 1591 1380 1677; baseline 0.005 -20"><span class='ocrx_word' id='word_1_69' title='bbox 208 1592 445 1674; x_wconf 89' lang='lat' dir='ltr'><strong>patientissima</strong></span> <span class='ocrx_word' id='word_1_70' title='bbox 478 1591 628 1672; x_wconf 87' lang='lat' dir='ltr'><strong>inediae,</strong></span> <span class='ocrx_word' id='word_1_71' title='bbox 667 1591 888 1659; x_wconf 89' lang='lat' dir='ltr'><strong>assuetissima</strong></span> <span class='ocrx_word' id='word_1_72' title='bbox 923 1591 1161 1676; x_wconf 86' lang='lat' dir='ltr'><strong>incommodis,</strong></span> <span class='ocrx_word' id='word_1_73' title='bbox 1197 1616 1282 1677; x_wconf 89' lang='lat' dir='ltr'><strong>qnae</strong></span> <span class='ocrx_word' id='word_1_74' title='bbox 1315 1613 1380 1663; x_wconf 89' lang='lat' dir='ltr'><strong>tam</strong></span> 
     </span>
     <span class='ocr_line' id='line_1_10' title="bbox 207 1702 1379 1789; baseline 0.005 -20"><span class='ocrx_word' id='word_1_75' title='bbox 207 1705 304 1788; x_wconf 90' lang='lat' dir='ltr'><strong>longa</strong></span> <span class='ocrx_word' id='word_1_76' title='bbox 336 1704 453 1769; x_wconf 87' lang='lat' dir='ltr'><strong>itinera</strong></span> <span class='ocrx_word' id='word_1_77' title='bbox 483 1703 667 1770; x_wconf 89' lang='lat' dir='ltr'><strong>necessario</strong></span> <span class='ocrx_word' id='word_1_78' title='bbox 701 1721 810 1768; x_wconf 86' lang='lat' dir='ltr'><strong>secum</strong></span> <span class='ocrx_word' id='word_1_79' title='bbox 834 1702 964 1769; x_wconf 89' lang='lat' dir='ltr'><strong>ferunt:</strong></span> <span class='ocrx_word' id='word_1_80' title='bbox 989 1705 1122 1789; x_wconf 90' lang='lat' dir='ltr'><strong>longum</strong></span> <span class='ocrx_word' id='word_1_81' title='bbox 1147 1707 1235 1772; x_wconf 89' lang='lat' dir='ltr'><strong>domi</strong></span> <span class='ocrx_word' id='word_1_82' title='bbox 1259 1708 1379 1776; x_wconf 88' lang='lat' dir='ltr'><strong>bellurn</strong></span> 
     </span>
     <span class='ocr_line' id='line_1_11' title="bbox 207 1814 1380 1898; baseline 0.004 -18"><span class='ocrx_word' id='word_1_83' title='bbox 207 1815 248 1880; x_wconf 87' lang='lat' dir='ltr'><strong>ad</strong></span> <span class='ocrx_word' id='word_1_84' title='bbox 268 1814 435 1880; x_wconf 83' lang='lat' dir='ltr'><strong>audaciam</strong></span> <span class='ocrx_word' id='word_1_85' title='bbox 459 1830 492 1881; x_wconf 93' lang='lat' dir='ltr'><strong>et</strong></span> <span class='ocrx_word' id='word_1_86' title='bbox 512 1835 675 1880; x_wconf 90' lang='lat' dir='ltr'><strong>armorum</strong></span> <span class='ocrx_word' id='word_1_87' title='bbox 696 1830 794 1880; x_wconf 88' lang='lat' dir='ltr'><strong>artem</strong></span> <span class='ocrx_word' id='word_1_88' title='bbox 815 1814 951 1898; x_wconf 87' lang='lat' dir='ltr'><strong>profuit.</strong></span> <span class='ocrx_word' id='word_1_89' title='bbox 997 1815 1232 1884; x_wconf 82' lang='lat' dir='ltr'><strong>Lusitanorum</strong></span> <span class='ocrx_word' id='word_1_90' title='bbox 1254 1819 1380 1886; x_wconf 85' lang='lat' dir='ltr'><strong>inlimra</strong></span> 
     </span>
     <span class='ocr_line' id='line_1_12' title="bbox 207 1925 1472 2024; baseline 0.007 -34"><span class='ocrx_word' id='word_1_91' title='bbox 207 1945 367 2010; x_wconf 87' lang='lat' dir='ltr'><strong>corpora,</strong></span> <span class='ocrx_word' id='word_1_92' title='bbox 391 1927 527 1992; x_wconf 86' lang='lat' dir='ltr'><strong>fluentia</strong></span> <span class='ocrx_word' id='word_1_93' title='bbox 547 1927 676 2006; x_wconf 90' lang='lat' dir='ltr'><strong>calore,</strong></span> <span class='ocrx_word' id='word_1_94' title='bbox 700 1941 792 1992; x_wconf 89' lang='lat' dir='ltr'><strong>sueta</strong></span> <span class='ocrx_word' id='word_1_95' title='bbox 812 1925 941 1992; x_wconf 90' lang='lat' dir='ltr'><strong>deliciis</strong></span> <span class='ocrx_word' id='word_1_96' title='bbox 963 1927 1379 2014; x_wconf 87' lang='lat' dir='ltr'><strong>necmarinasjactationes</strong></span> <span class='ocrx_word' id='word_1_97' title='bbox 1466 2017 1472 2024; x_wconf 28' lang='lat'>&#39;</span> 
     </span>
     <span class='ocr_line' id='line_1_13' title="bbox 206 2036 1378 2122; baseline 0.003 -18"><span class='ocrx_word' id='word_1_98' title='bbox 206 2057 266 2104; x_wconf 90' lang='lat' dir='ltr'><strong>nec</strong></span> <span class='ocrx_word' id='word_1_99' title='bbox 284 2057 437 2104; x_wconf 90' lang='lat' dir='ltr'><strong>nauseam</strong></span> <span class='ocrx_word' id='word_1_100' title='bbox 457 2038 537 2104; x_wconf 87' lang='lat' dir='ltr'><strong>satis</strong></span> <span class='ocrx_word' id='word_1_101' title='bbox 556 2036 678 2104; x_wconf 87' lang='lat' dir='ltr'><strong>ferunt.</strong></span> <span class='ocrx_word' id='word_1_102' title='bbox 701 2036 868 2103; x_wconf 89' lang='lat' dir='ltr'><strong>Praeterea</strong></span> <span class='ocrx_word' id='word_1_103' title='bbox 888 2040 1001 2105; x_wconf 91' lang='lat' dir='ltr'><strong>molles</strong></span> <span class='ocrx_word' id='word_1_104' title='bbox 1022 2039 1103 2122; x_wconf 90' lang='lat' dir='ltr'><strong>ipsi,</strong></span> <span class='ocrx_word' id='word_1_105' title='bbox 1127 2041 1261 2107; x_wconf 87' lang='lat' dir='ltr'><strong>marcidi</strong></span> <span class='ocrx_word' id='word_1_106' title='bbox 1282 2044 1378 2122; x_wconf 90' lang='lat' dir='ltr'><strong>luxu,</strong></span> 
     </span>
     <span class='ocr_line' id='line_1_14' title="bbox 205 2147 1377 2235; baseline 0.005 -21"><span class='ocrx_word' id='word_1_107' title='bbox 205 2169 370 2215; x_wconf 90' lang='lat' dir='ltr'><strong>armorum</strong></span> <span class='ocrx_word' id='word_1_108' title='bbox 388 2150 501 2228; x_wconf 86' lang='lat' dir='ltr'><strong>rudes,</strong></span> <span class='ocrx_word' id='word_1_109' title='bbox 522 2148 606 2214; x_wconf 89' lang='lat' dir='ltr'><strong>inter</strong></span> <span class='ocrx_word' id='word_1_110' title='bbox 625 2147 845 2234; x_wconf 90' lang='lat' dir='ltr'><strong>navigandum</strong></span> <span class='ocrx_word' id='word_1_111' title='bbox 865 2150 991 2216; x_wconf 88' lang='lat' dir='ltr'><strong>onerati</strong></span> <span class='ocrx_word' id='word_1_112' title='bbox 1010 2151 1247 2235; x_wconf 80' lang='lat' dir='ltr'><strong>aegrotantium</strong></span> <span class='ocrx_word' id='word_1_113' title='bbox 1267 2155 1377 2234; x_wconf 89' lang='lat' dir='ltr'><strong>turba,</strong></span> 
     </span>
     <span class='ocr_line' id='line_1_15' title="bbox 206 2259 1378 2344; baseline 0.005 -18"><span class='ocrx_word' id='word_1_114' title='bbox 206 2281 290 2342; x_wconf 91' lang='lat' dir='ltr'><strong>quae</strong></span> <span class='ocrx_word' id='word_1_115' title='bbox 324 2260 462 2326; x_wconf 90' lang='lat' dir='ltr'><strong>caeteris</strong></span> <span class='ocrx_word' id='word_1_116' title='bbox 493 2259 591 2326; x_wconf 90' lang='lat' dir='ltr'><strong>etiam</strong></span> <span class='ocrx_word' id='word_1_117' title='bbox 624 2259 811 2326; x_wconf 89' lang='lat' dir='ltr'><strong>valentibus</strong></span> <span class='ocrx_word' id='word_1_118' title='bbox 835 2259 1068 2344; x_wconf 91' lang='lat' dir='ltr'><strong>impedimento</strong></span> <span class='ocrx_word' id='word_1_119' title='bbox 1092 2278 1160 2329; x_wconf 92' lang='lat' dir='ltr'><strong>est:</strong></span> <span class='ocrx_word' id='word_1_120' title='bbox 1185 2283 1252 2330; x_wconf 91' lang='lat' dir='ltr'><strong>uno</strong></span> <span class='ocrx_word' id='word_1_121' title='bbox 1274 2267 1378 2333; x_wconf 88' lang='lat' dir='ltr'><strong>verbo</strong></span> 
     </span>
     <span class='ocr_line' id='line_1_16' title="bbox 208 2371 1378 2456; baseline 0.005 -19"><span class='ocrx_word' id='word_1_122' title='bbox 208 2371 357 2438; x_wconf 89' lang='lat' dir='ltr'><strong>imbelles</strong></span> <span class='ocrx_word' id='word_1_123' title='bbox 380 2387 413 2437; x_wconf 91' lang='lat' dir='ltr'><strong>et</strong></span> <span class='ocrx_word' id='word_1_124' title='bbox 436 2372 528 2454; x_wconf 89' lang='lat' dir='ltr'><strong>quod</strong></span> <span class='ocrx_word' id='word_1_125' title='bbox 550 2371 692 2455; x_wconf 89' lang='lat' dir='ltr'><strong>dicitur,</strong></span> <span class='ocrx_word' id='word_1_126' title='bbox 726 2373 901 2456; x_wconf 91' lang='lat' dir='ltr'><strong>Mysorum</strong></span> <span class='ocrx_word' id='word_1_127' title='bbox 929 2374 1060 2456; x_wconf 90' lang='lat' dir='ltr'><strong>praeda.</strong></span> <span class='ocrx_word' id='word_1_128' title='bbox 1106 2375 1205 2440; x_wconf 89' lang='lat' dir='ltr'><strong>Unde</strong></span> <span class='ocrx_word' id='word_1_129' title='bbox 1227 2375 1378 2444; x_wconf 91' lang='lat' dir='ltr'><strong>videmus</strong></span> 
     </span>
     <span class='ocr_line' id='line_1_17' title="bbox 205 2482 1378 2571; baseline 0.005 -23"><span class='ocrx_word' id='word_1_130' title='bbox 205 2485 314 2550; x_wconf 89' lang='lat' dir='ltr'><strong>nautis</strong></span> <span class='ocrx_word' id='word_1_131' title='bbox 333 2483 464 2550; x_wconf 90' lang='lat' dir='ltr'><strong>Batavis</strong></span> <span class='ocrx_word' id='word_1_132' title='bbox 482 2497 610 2550; x_wconf 89' lang='lat' dir='ltr'><strong>tantum</strong></span> <span class='ocrx_word' id='word_1_133' title='bbox 629 2482 804 2549; x_wconf 86' lang='lat' dir='ltr'><strong>accessisse</strong></span> <span class='ocrx_word' id='word_1_134' title='bbox 823 2482 983 2562; x_wconf 88' lang='lat' dir='ltr'><strong>fiduciae,</strong></span> <span class='ocrx_word' id='word_1_135' title='bbox 1006 2499 1044 2549; x_wconf 93' lang='lat' dir='ltr'><strong>ut</strong></span> <span class='ocrx_word' id='word_1_136' title='bbox 1053 2504 1231 2568; x_wconf 90' lang='lat' dir='ltr'><strong>numquam</strong></span> <span class='ocrx_word' id='word_1_137' title='bbox 1242 2502 1378 2571; x_wconf 90' lang='lat' dir='ltr'><strong>putent,</strong></span> 
     </span>
     <span class='ocr_line' id='line_1_18' title="bbox 204 2593 1378 2688; baseline 0.003 -27"><span class='ocrx_word' id='word_1_138' title='bbox 204 2594 232 2661; x_wconf 92' lang='lat' dir='ltr'><strong>si</strong></span> <span class='ocrx_word' id='word_1_139' title='bbox 256 2595 297 2660; x_wconf 90' lang='lat' dir='ltr'><strong>ad</strong></span> <span class='ocrx_word' id='word_1_140' title='bbox 326 2609 488 2661; x_wconf 89' lang='lat' dir='ltr'><strong>certamen</strong></span> <span class='ocrx_word' id='word_1_141' title='bbox 518 2593 720 2688; x_wconf 83' lang='lat' dir='ltr'><strong>veniendum¹</strong></span> <span class='ocrx_word' id='word_1_142' title='bbox 747 2593 812 2675; x_wconf 84' lang='lat' dir='ltr'><strong>sit,</strong></span> <span class='ocrx_word' id='word_1_143' title='bbox 843 2609 901 2658; x_wconf 90' lang='lat' dir='ltr'><strong>aut</strong></span> <span class='ocrx_word' id='word_1_144' title='bbox 923 2612 958 2659; x_wconf 92' lang='lat' dir='ltr'><strong>se</strong></span> <span class='ocrx_word' id='word_1_145' title='bbox 982 2594 1118 2660; x_wconf 91' lang='lat' dir='ltr'><strong>nimium</strong></span> <span class='ocrx_word' id='word_1_146' title='bbox 1150 2617 1274 2679; x_wconf 89' lang='lat' dir='ltr'><strong>paucos</strong></span> <span class='ocrx_word' id='word_1_147' title='bbox 1306 2619 1378 2664; x_wconf 92' lang='lat' dir='ltr'><strong>esse</strong></span> 
     </span>
     <span class='ocr_line' id='line_1_19' title="bbox 203 2704 1377 2791; baseline 0.002 -18"><span class='ocrx_word' id='word_1_148' title='bbox 203 2725 323 2790; x_wconf 88' lang='lat' dir='ltr'><strong>posse,</strong></span> <span class='ocrx_word' id='word_1_149' title='bbox 346 2704 594 2772; x_wconf 88' lang='lat' dir='ltr'><strong>autLusitanos</strong></span> <span class='ocrx_word' id='word_1_150' title='bbox 616 2705 694 2772; x_wconf 91' lang='lat' dir='ltr'><strong>satis</strong></span> <span class='ocrx_word' id='word_1_151' title='bbox 713 2707 846 2772; x_wconf 91' lang='lat' dir='ltr'><strong>multos.</strong></span> <span class='ocrx_word' id='word_1_152' title='bbox 892 2704 1142 2772; x_wconf 79' lang='lat' dir='ltr'><strong>prudentissimi</strong></span> <span class='ocrx_word' id='word_1_153' title='bbox 1160 2728 1257 2791; x_wconf 85' lang='lat' dir='ltr'><strong>saepe</strong></span> <span class='ocrx_word' id='word_1_154' title='bbox 1276 2709 1377 2776; x_wconf 92' lang='lat' dir='ltr'><strong>duces</strong></span> 
     </span>
     <span class='ocr_line' id='line_1_20' title="bbox 204 2817 1376 2902; baseline 0.003 -19"><span class='ocrx_word' id='word_1_155' title='bbox 204 2839 244 2883; x_wconf 89' lang='lat' dir='ltr'><strong>ex</strong></span> <span class='ocrx_word' id='word_1_156' title='bbox 262 2819 360 2884; x_wconf 86' lang='lat' dir='ltr'><strong>vultu</strong></span> <span class='ocrx_word' id='word_1_157' title='bbox 378 2817 518 2882; x_wconf 90' lang='lat' dir='ltr'><strong>militum</strong></span> <span class='ocrx_word' id='word_1_158' title='bbox 537 2833 722 2902; x_wconf 84' lang='lat' dir='ltr'><strong>gestuque,</strong></span> <span class='ocrx_word' id='word_1_159' title='bbox 746 2832 921 2900; x_wconf 91' lang='lat' dir='ltr'><strong>conspecta</strong></span> <span class='ocrx_word' id='word_1_160' title='bbox 932 2831 1006 2884; x_wconf 88' lang='lat' dir='ltr'><strong>ante</strong></span> <span class='ocrx_word' id='word_1_161' title='bbox 1018 2818 1176 2900; x_wconf 90' lang='lat' dir='ltr'><strong>praelium</strong></span> <span class='ocrx_word' id='word_1_162' title='bbox 1189 2819 1376 2902; x_wconf 87' lang='lat' dir='ltr'><strong>alacritate,</strong></span> 
     </span>
     <span class='ocr_line' id='line_1_21' title="bbox 203 2928 1375 3014; baseline 0 -18"><span class='ocrx_word' id='word_1_163' title='bbox 203 2949 269 2996; x_wconf 92' lang='lat' dir='ltr'><strong>non</strong></span> <span class='ocrx_word' id='word_1_164' title='bbox 293 2929 394 2995; x_wconf 88' lang='lat' dir='ltr'><strong>dubie</strong></span> <span class='ocrx_word' id='word_1_165' title='bbox 412 2931 479 3014; x_wconf 89' lang='lat' dir='ltr'><strong>jam</strong></span> <span class='ocrx_word' id='word_1_166' title='bbox 504 2948 537 2994; x_wconf 90' lang='lat' dir='ltr'><strong>se</strong></span> <span class='ocrx_word' id='word_1_167' title='bbox 560 2928 679 2995; x_wconf 79' lang='lat' dir='ltr'><strong>vicisse·</strong></span> <span class='ocrx_word' id='word_1_168' title='bbox 701 2928 974 3010; x_wconf 87' lang='lat' dir='ltr'><strong>pronuntiabant:</strong></span> <span class='ocrx_word' id='word_1_169' title='bbox 1013 2928 1048 2993; x_wconf 93' lang='lat' dir='ltr'><strong>id</strong></span> <span class='ocrx_word' id='word_1_170' title='bbox 1070 2947 1165 2995; x_wconf 92' lang='lat' dir='ltr'><strong>omen</strong></span> <span class='ocrx_word' id='word_1_171' title='bbox 1189 2930 1375 3013; x_wconf 89' lang='lat' dir='ltr'><strong>optimum,</strong></span> 
     </span>
     <span class='ocr_line' id='line_1_22' title="bbox 204 3038 1375 3128; baseline 0 -22"><span class='ocrx_word' id='word_1_172' title='bbox 204 3041 239 3107; x_wconf 93' lang='lat' dir='ltr'><strong>id</strong></span> <span class='ocrx_word' id='word_1_173' title='bbox 261 3040 327 3107; x_wconf 91' lang='lat' dir='ltr'><strong>illis</strong></span> <span class='ocrx_word' id='word_1_174' title='bbox 357 3040 541 3123; x_wconf 90' lang='lat' dir='ltr'><strong>auspicium</strong></span> <span class='ocrx_word' id='word_1_175' title='bbox 574 3054 643 3105; x_wconf 91' lang='lat' dir='ltr'><strong>erat</strong></span> <span class='ocrx_word' id='word_1_176' title='bbox 673 3042 771 3124; x_wconf 90' lang='lat' dir='ltr'><strong>longe</strong></span> <span class='ocrx_word' id='word_1_177' title='bbox 794 3038 1024 3106; x_wconf 87' lang='lat' dir='ltr'><strong>certissimum.</strong></span> <span class='ocrx_word' id='word_1_178' title='bbox 1072 3041 1182 3128; x_wconf 88' lang='lat' dir='ltr'><strong>Quare</strong></span> <span class='ocrx_word' id='word_1_179' title='bbox 1206 3055 1239 3106; x_wconf 91' lang='lat' dir='ltr'><strong>et</strong></span> <span class='ocrx_word' id='word_1_180' title='bbox 1261 3041 1375 3108; x_wconf 89' lang='lat' dir='ltr'><strong>Batavi</strong></span> 
     </span>
     <span class='ocr_line' id='line_1_23' title="bbox 204 3150 1376 3236; baseline 0.003 -20"><span class='ocrx_word' id='word_1_181' title='bbox 204 3152 287 3217; x_wconf 94' lang='lat' dir='ltr'><strong>nihil</strong></span> <span class='ocrx_word' id='word_1_182' title='bbox 306 3151 370 3217; x_wconf 90' lang='lat' dir='ltr'><strong>sibi</strong></span> <span class='ocrx_word' id='word_1_183' title='bbox 390 3151 546 3236; x_wconf 84' lang='lat' dir='ltr'><strong>exiguum</strong></span> <span class='ocrx_word' id='word_1_184' title='bbox 565 3150 754 3234; x_wconf 90' lang='lat' dir='ltr'><strong>promittere</strong></span> <span class='ocrx_word' id='word_1_185' title='bbox 774 3151 916 3232; x_wconf 87' lang='lat' dir='ltr'><strong>debent,</strong></span> <span class='ocrx_word' id='word_1_186' title='bbox 941 3151 997 3216; x_wconf 93' lang='lat' dir='ltr'><strong>ubi</strong></span> <span class='ocrx_word' id='word_1_187' title='bbox 1010 3151 1228 3218; x_wconf 88' lang='lat' dir='ltr'><strong>illossuorum</strong></span> <span class='ocrx_word' id='word_1_188' title='bbox 1240 3153 1376 3235; x_wconf 88' lang='lat' dir='ltr'><strong>spiritns</strong></span> 
     </span>
     <span class='ocr_line' id='line_1_24' title="bbox 203 3261 1375 3348; baseline 0.003 -20"><span class='ocrx_word' id='word_1_189' title='bbox 203 3263 442 3346; x_wconf 90' lang='lat' dir='ltr'><strong>conspicantur.</strong></span> <span class='ocrx_word' id='word_1_190' title='bbox 487 3263 608 3346; x_wconf 91' lang='lat' dir='ltr'><strong>Neque</strong></span> <span class='ocrx_word' id='word_1_191' title='bbox 640 3263 725 3328; x_wconf 89' lang='lat' dir='ltr'><strong>enirn</strong></span> <span class='ocrx_word' id='word_1_192' title='bbox 756 3277 876 3328; x_wconf 89' lang='lat' dir='ltr'><strong>temere</strong></span> <span class='ocrx_word' id='word_1_193' title='bbox 900 3261 948 3327; x_wconf 91' lang='lat' dir='ltr'><strong>illi</strong></span> <span class='ocrx_word' id='word_1_194' title='bbox 971 3277 1029 3328; x_wconf 90' lang='lat' dir='ltr'><strong>aut</strong></span> <span class='ocrx_word' id='word_1_195' title='bbox 1050 3263 1120 3330; x_wconf 89' lang='lat' dir='ltr'><strong>sine</strong></span> <span class='ocrx_word' id='word_1_196' title='bbox 1141 3283 1255 3348; x_wconf 88' lang='lat' dir='ltr'><strong>magna</strong></span> <span class='ocrx_word' id='word_1_197' title='bbox 1277 3285 1375 3331; x_wconf 86' lang='lat' dir='ltr'><strong>causa</strong></span> 
     </span>
     <span class='ocr_line' id='line_1_25' title="bbox 204 3373 1375 3459; baseline 0.003 -20"><span class='ocrx_word' id='word_1_198' title='bbox 204 3373 321 3440; x_wconf 88' lang='lat' dir='ltr'><strong>virtuti</strong></span> <span class='ocrx_word' id='word_1_199' title='bbox 344 3373 561 3456; x_wconf 79' lang='lat' dir='ltr'><strong>fortunaeque</strong></span> <span class='ocrx_word' id='word_1_200' title='bbox 583 3394 662 3440; x_wconf 90' lang='lat' dir='ltr'><strong>suae</strong></span> <span class='ocrx_word' id='word_1_201' title='bbox 684 3373 835 3440; x_wconf 89' lang='lat' dir='ltr'><strong>credunt.</strong></span> <span class='ocrx_word' id='word_1_202' title='bbox 883 3374 1016 3440; x_wconf 87' lang='lat' dir='ltr'><strong>Habent</strong></span> <span class='ocrx_word' id='word_1_203' title='bbox 1037 3375 1107 3459; x_wconf 89' lang='lat' dir='ltr'><strong>ejus</strong></span> <span class='ocrx_word' id='word_1_204' title='bbox 1129 3374 1175 3440; x_wconf 90' lang='lat' dir='ltr'><strong>rei</strong></span> <span class='ocrx_word' id='word_1_205' title='bbox 1196 3375 1375 3443; x_wconf 89' lang='lat' dir='ltr'><strong>certissima</strong></span> 
     </span>
     <span class='ocr_line' id='line_1_26' title="bbox 202 3485 1374 3572; baseline 0.003 -22"><span class='ocrx_word' id='word_1_206' title='bbox 202 3501 389 3570; x_wconf 89' lang='lat' dir='ltr'><strong>argumenta</strong></span> <span class='ocrx_word' id='word_1_207' title='bbox 410 3506 446 3550; x_wconf 90' lang='lat' dir='ltr'><strong>ac</strong></span> <span class='ocrx_word' id='word_1_208' title='bbox 464 3488 558 3551; x_wconf 90' lang='lat' dir='ltr'><strong>velut</strong></span> <span class='ocrx_word' id='word_1_209' title='bbox 575 3486 712 3570; x_wconf 89' lang='lat' dir='ltr'><strong>pignora</strong></span> <span class='ocrx_word' id='word_1_210' title='bbox 731 3485 899 3552; x_wconf 83' lang='lat' dir='ltr'><strong>victoriae.</strong></span> <span class='ocrx_word' id='word_1_211' title='bbox 923 3485 1014 3551; x_wconf 92' lang='lat' dir='ltr'><strong>Galli</strong></span> <span class='ocrx_word' id='word_1_212' title='bbox 1025 3487 1217 3572; x_wconf 90' lang='lat' dir='ltr'><strong>longissimo</strong></span> <span class='ocrx_word' id='word_1_213' title='bbox 1230 3502 1374 3572; x_wconf 89' lang='lat' dir='ltr'><strong>tempore</strong></span> 
     </span>
     <span class='ocr_line' id='line_1_27' title="bbox 201 3595 1374 3684; baseline 0.005 -24"><span class='ocrx_word' id='word_1_214' title='bbox 201 3596 426 3662; x_wconf 90' lang='lat' dir='ltr'><strong>Americanam</strong></span> <span class='ocrx_word' id='word_1_215' title='bbox 453 3596 707 3681; x_wconf 86' lang='lat' dir='ltr'><strong>negotiationem</strong></span> <span class='ocrx_word' id='word_1_216' title='bbox 736 3596 780 3661; x_wconf 91' lang='lat' dir='ltr'><strong>ita</strong></span> <span class='ocrx_word' id='word_1_217' title='bbox 799 3595 948 3662; x_wconf 83' lang='lat' dir='ltr'><strong>infestam</strong></span> <span class='ocrx_word' id='word_1_218' title='bbox 966 3597 1197 3679; x_wconf 87' lang='lat' dir='ltr'><strong>habuerunt¹,</strong></span> <span class='ocrx_word' id='word_1_219' title='bbox 1221 3614 1258 3664; x_wconf 92' lang='lat' dir='ltr'><strong>ut</strong></span> <span class='ocrx_word' id='word_1_220' title='bbox 1278 3600 1374 3684; x_wconf 89' lang='lat' dir='ltr'><strong>pauci</strong></span> 
     </span>
     <span class='ocr_line' id='line_1_28' title="bbox 201 3704 1371 3791; baseline 0.006 -19"><span class='ocrx_word' id='word_1_221' title='bbox 201 3721 310 3773; x_wconf 89' lang='lat' dir='ltr'><strong>essent</strong></span> <span class='ocrx_word' id='word_1_222' title='bbox 330 3705 470 3790; x_wconf 86' lang='lat' dir='ltr'><strong>Hispani</strong></span> <span class='ocrx_word' id='word_1_223' title='bbox 490 3707 632 3791; x_wconf 86' lang='lat' dir='ltr'><strong>alicujus</strong></span> <span class='ocrx_word' id='word_1_224' title='bbox 651 3704 844 3791; x_wconf 86' lang='lat' dir='ltr'><strong>dignitatis,</strong></span> <span class='ocrx_word' id='word_1_225' title='bbox 857 3707 916 3788; x_wconf 95' lang='lat' dir='ltr'><strong>qui</strong></span> <span class='ocrx_word' id='word_1_226' title='bbox 929 3727 995 3772; x_wconf 90' lang='lat' dir='ltr'><strong>non</strong></span> <span class='ocrx_word' id='word_1_227' title='bbox 1008 3706 1185 3789; x_wconf 86' lang='lat' dir='ltr'><strong>aliquando</strong></span> <span class='ocrx_word' id='word_1_228' title='bbox 1197 3709 1371 3778; x_wconf 92' lang='lat' dir='ltr'><strong>inillorum</strong></span> 
     </span>
     <span class='ocr_line' id='line_1_29' title="bbox 200 3816 1373 3902; baseline 0.005 -19"><span class='ocrx_word' id='word_1_229' title='bbox 200 3816 340 3884; x_wconf 88' lang='lat' dir='ltr'><strong>fuissent</strong></span> <span class='ocrx_word' id='word_1_230' title='bbox 369 3833 554 3901; x_wconf 89' lang='lat' dir='ltr'><strong>potestate,</strong></span> <span class='ocrx_word' id='word_1_231' title='bbox 588 3817 723 3902; x_wconf 86' lang='lat' dir='ltr'><strong>praedae</strong></span> <span class='ocrx_word' id='word_1_232' title='bbox 754 3832 862 3884; x_wconf 90' lang='lat' dir='ltr'><strong>autem</strong></span> <span class='ocrx_word' id='word_1_233' title='bbox 885 3831 1013 3883; x_wconf 91' lang='lat' dir='ltr'><strong>tantum</strong></span> <span class='ocrx_word' id='word_1_234' title='bbox 1035 3837 1279 3900; x_wconf 87' lang='lat' dir='ltr'><strong>nonnumquam</strong></span> <span class='ocrx_word' id='word_1_235' title='bbox 1304 3824 1373 3888; x_wconf 91' lang='lat' dir='ltr'><strong>vic·</strong></span> 
     </span>
     <span class='ocr_line' id='line_1_30' title="bbox 199 3927 1373 4016; baseline 0.006 -22"><span class='ocrx_word' id='word_1_236' title='bbox 199 3929 327 3995; x_wconf 89' lang='lat' dir='ltr'><strong>toribus</strong></span> <span class='ocrx_word' id='word_1_237' title='bbox 346 3929 541 4011; x_wconf 87' lang='lat' dir='ltr'><strong>obvenerit,</strong></span> <span class='ocrx_word' id='word_1_238' title='bbox 565 3944 603 3994; x_wconf 91' lang='lat' dir='ltr'><strong>ut</strong></span> <span class='ocrx_word' id='word_1_239' title='bbox 620 3927 741 4013; x_wconf 91' lang='lat' dir='ltr'><strong>singuli</strong></span> <span class='ocrx_word' id='word_1_240' title='bbox 761 3928 857 3995; x_wconf 89' lang='lat' dir='ltr'><strong>etiam</strong></span> <span class='ocrx_word' id='word_1_241' title='bbox 876 3943 1048 3995; x_wconf 87' lang='lat' dir='ltr'><strong>nautarum</strong></span> <span class='ocrx_word' id='word_1_242' title='bbox 1060 3929 1152 4012; x_wconf 88' lang='lat' dir='ltr'><strong>pueri</strong></span> <span class='ocrx_word' id='word_1_243' title='bbox 1164 3931 1373 4016; x_wconf 88' lang='lat' dir='ltr'><strong>octingentos</strong></span> 
     </span>
     <span class='ocr_line' id='line_1_31' title="bbox 200 4038 1373 4126; baseline 0.005 -21"><span class='ocrx_word' id='word_1_244' title='bbox 200 4040 337 4106; x_wconf 85' lang='lat' dir='ltr'><strong>ducatos</strong></span> <span class='ocrx_word' id='word_1_245' title='bbox 366 4039 539 4106; x_wconf 89' lang='lat' dir='ltr'><strong>referrent.</strong></span> <span class='ocrx_word' id='word_1_246' title='bbox 584 4038 687 4106; x_wconf 90' lang='lat' dir='ltr'><strong>Iidem</strong></span> <span class='ocrx_word' id='word_1_247' title='bbox 714 4060 828 4107; x_wconf 88' lang='lat' dir='ltr'><strong>omncs</strong></span> <span class='ocrx_word' id='word_1_248' title='bbox 850 4041 922 4125; x_wconf 88' lang='lat' dir='ltr'><strong>ejus</strong></span> <span class='ocrx_word' id='word_1_249' title='bbox 945 4039 1034 4106; x_wconf 91' lang='lat' dir='ltr'><strong>orbis</strong></span> <span class='ocrx_word' id='word_1_250' title='bbox 1058 4039 1180 4106; x_wconf 90' lang='lat' dir='ltr'><strong>insulas</strong></span> <span class='ocrx_word' id='word_1_251' title='bbox 1203 4041 1373 4126; x_wconf 87' lang='lat' dir='ltr'><strong>ipsamque</strong></span> 
     </span>
     <span class='ocr_line' id='line_1_32' title="bbox 198 4149 1370 4235; baseline 0.006 -20"><span class='ocrx_word' id='word_1_252' title='bbox 198 4151 421 4218; x_wconf 87' lang='lat' dir='ltr'><strong>continentem</strong></span> <span class='ocrx_word' id='word_1_253' title='bbox 462 4149 602 4218; x_wconf 89' lang='lat' dir='ltr'><strong>feliciter</strong></span> <span class='ocrx_word' id='word_1_254' title='bbox 642 4151 816 4235; x_wconf 88' lang='lat' dir='ltr'><strong>diripuere.</strong></span> <span class='ocrx_word' id='word_1_255' title='bbox 872 4153 995 4217; x_wconf 86' lang='lat' dir='ltr'><strong>Contra</strong></span> <span class='ocrx_word' id='word_1_256' title='bbox 1026 4166 1132 4218; x_wconf 90' lang='lat' dir='ltr'><strong>autem</strong></span> <span class='ocrx_word' id='word_1_257' title='bbox 1165 4172 1239 4218; x_wconf 88' lang='lat' dir='ltr'><strong>cnm</strong></span> <span class='ocrx_word' id='word_1_258' title='bbox 1271 4158 1370 4222; x_wconf 87' lang='lat' dir='ltr'><strong>semel</strong></span> 
     </span>
     <span class='ocr_line' id='line_1_33' title="bbox 198 4250 1371 4348; baseline 0.007 -21"><span class='ocrx_word' id='word_1_259' title='bbox 198 4282 295 4328; x_wconf 91' lang='lat' dir='ltr'><strong>unam</strong></span> <span class='ocrx_word' id='word_1_260' title='bbox 328 4250 501 4330; x_wconf 87' lang='lat' dir='ltr'><strong>Gallorum</strong></span> <span class='ocrx_word' id='word_1_261' title='bbox 533 4284 649 4329; x_wconf 90' lang='lat' dir='ltr'><strong>navem</strong></span> <span class='ocrx_word' id='word_1_262' title='bbox 682 4263 822 4348; x_wconf 90' lang='lat' dir='ltr'><strong>Hispani</strong></span> <span class='ocrx_word' id='word_1_263' title='bbox 855 4283 921 4330; x_wconf 92' lang='lat' dir='ltr'><strong>non</strong></span> <span class='ocrx_word' id='word_1_264' title='bbox 953 4285 1012 4331; x_wconf 91' lang='lat' dir='ltr'><strong>sua</strong></span> <span class='ocrx_word' id='word_1_265' title='bbox 1043 4264 1167 4332; x_wconf 89' lang='lat' dir='ltr'><strong>virtute</strong></span> <span class='ocrx_word' id='word_1_266' title='bbox 1197 4266 1254 4331; x_wconf 84' lang='lat' dir='ltr'><strong>scd</strong></span> <span class='ocrx_word' id='word_1_267' title='bbox 1277 4268 1371 4336; x_wconf 92' lang='lat' dir='ltr'><strong>ducis</strong></span> 
     </span>
    </p>
   </div>
   <div class='ocr_carea' id='block_1_3' title="bbox 231 4497 765 4561">
    <p class='ocr_par' dir='ltr' id='par_1_3' title="bbox 231 4497 765 4561">
     <span class='ocr_line' id='line_1_34' title="bbox 231 4497 765 4561; baseline 0.002 -13"><span class='ocrx_word' id='word_1_268' title='bbox 231 4497 239 4531; x_wconf 92' lang='lat'>¹</span> <span class='ocrx_word' id='word_1_269' title='bbox 258 4501 317 4561; x_wconf 85' lang='lat' dir='ltr'><strong>Job.</strong></span> <span class='ocrx_word' id='word_1_270' title='bbox 335 4501 400 4548; x_wconf 87' lang='lat' dir='ltr'><strong>Met.</strong></span> <span class='ocrx_word' id='word_1_271' title='bbox 418 4501 444 4550; x_wconf 91' lang='lat' dir='ltr'><strong>in</strong></span> <span class='ocrx_word' id='word_1_272' title='bbox 462 4501 567 4561; x_wconf 85' lang='lat' dir='ltr'><strong>praefat.</strong></span> <span class='ocrx_word' id='word_1_273' title='bbox 587 4504 619 4550; x_wconf 88' lang='lat' dir='ltr'><strong>ad</strong></span> <span class='ocrx_word' id='word_1_274' title='bbox 637 4503 765 4552; x_wconf 87' lang='lat' dir='ltr'><strong>Osorium.</strong></span> 
     </span>
    </p>
   </div>
   <div class='ocr_carea' id='block_1_4' title="bbox 0 0 1730 5434">
    <p class='ocr_par' dir='ltr' id='par_1_4' title="bbox 0 0 1730 5434">
     <span class='ocr_line' id='line_1_35' title="bbox 0 0 1730 5434; baseline 0 5"><span class='ocrx_word' id='word_1_275' title='bbox 0 0 1730 5434; x_wconf 95' lang='lat' dir='ltr'><strong> </strong></span> 
     </span>
    </p>
   </div>
  </div>
 </body>
</html>
