3450 5434
526 613 572 659 oa
595 615 689 679 June
716 614 1006 661 unianimem.
1032 614 1097 661 xri.
1331 606 1394 683 265

216 770 327 855 Joram
361 772 467 854 legat:
501 788 643 851 quorum
674 788 771 851 opera
802 769 870 854 regi
892 784 1121 851 excusaretur,
1145 770 1231 837 mitti
1251 772 1392 855 aliquem

220 882 261 946 ad
291 901 326 946 se
353 900 426 946 cum
459 881 611 956 mandato
640 899 777 966 rogans,
800 879 855 946 cui
887 880 1037 963 quinque
1059 880 1129 947 auri
1153 882 1286 965 Catias,
1312 905 1394 967 quas

219 993 309 1075 dixi,
333 995 543 1075 persolveret.
567 992 641 1057 Rex
661 1006 768 1057 autem
788 992 977 1075 respondet:
1001 993 1107 1058 Nihil
1116 1014 1147 1058 sc
1159 998 1195 1057 in
1212 996 1281 1079 ejus
1294 996 1393 1079 facto

218 1108 394 1186 invenire,
430 1103 519 1189 quod
550 1108 709 1168 excusari
742 1102 885 1169 deberet.
945 1104 1038 1168 Satis
1072 1107 1157 1168 enim
1190 1120 1392 1191 compertum

219 1214 403 1280 Hollandos
426 1236 465 1279 ea
487 1235 552 1279 assa
574 1217 786 1294 innocentia,
812 1227 850 1277 ut
873 1218 997 1279 nemini
1012 1228 1137 1300 pacato
1159 1220 1304 1281 nocitum
1325 1218 1394 1283 ael-

219 1325 313 1389 lent:
336 1340 506 1390 caeterum
529 1324 705 1391 uindicare
728 1346 760 1389 se
779 1324 821 1389 ab
841 1326 917 1405 his,
942 1329 1002 1411 qai
1018 1330 1152 1411 priores
1165 1326 1324 1411 fecissmr
1336 1331 1391 1391 in·

207 1438 370 1521 jurium,
393 1457 458 1501 non
480 1409 571 1501 modo
594 1450 697 1501 extra
719 1436 876 1521 culpam,
900 1435 957 1501 sed
975 1436 1095 1521 ubique
1102 1439 1253 1522 gentium
1267 1438 1391 1504 lauda·
1446 1428 1449 1433 ’

218 1548 294 1613 bile.
341 1544 438 1630 Quod
457 1550 564 1633 iprum
588 1551 618 1612 si
639 1568 712 1613 cum
737 1568 793 1612 suo
817 1560 879 1611 aut
903 1567 1037 1612 suorum
1059 1547 1203 1633 alicujus
1223 1547 1392 1635 dispendio

209 1659 360 1743 fortuna
382 1658 461 1724 belli
483 1659 639 1726 uoluisset
661 1662 874 1745 contingere,
899 1678 963 1721 non
986 1678 1050 1722 esse
1071 1677 1136 1721 cur
1158 1660 1216 1723 hoc
1237 1662 1388 1745 iniquius

209 1770 339 1855 ferret.
385 1770 460 1835 Sibi
476 1786 541 1857 pro
565 1773 653 1833 omni
670 1760 997 1835 restitutione'solam
1013 1768 1258 1834 Hollandorum
1271 1773 1389 1835 amici-

218 1885 302 1947 tiam
326 1881 456 1947 abunde
477 1879 706 1967 suffecturam.
736 1880 822 1945 Cum
843 1880 961 1946 deinde
979 1879 1090 1964 Joram
1102 1880 1142 1945 ad
1154 1881 1391 1965 negotiandum

220 1992 476 2059 Hemskerclius
507 1992 677 2072 venisset,
706 1990 765 2057 vix
793 2010 905 2075 arege
937 1988 1152 2073 supplicando
1183 1992 1391 2075 impeuavit,

219 2118 257 2168 ut
285 2103 442 2188 magistro
477 2104 627 2169 detentae
647 2102 765 2183 navis,
789 2102 959 2169 Rasaduta
978 2101 1181 2183 vocabatur,
1203 2102 1392 2169 satisfacere

219 2234 253 2281 se
282 2214 498 2297 permitteret.
545 2215 593 2280 Ita
612 2234 673 2298 pro
694 2213 765 2280 auri
788 2213 894 2279 Catiis
917 2213 1064 2295 quinque
1085 2214 1211 2279 volenti
1233 2213 1392 2297 persolvit

219 2326 307 2390 mille
328 2324 489 2392 ducentos
511 2328 653 2410 regales,
680 2325 741 2391 etsi
764 2345 888 2391 merces
904 2324 962 2390 vix
983 2323 1209 2408 septingentos
1225 2324 1390 2390 valebant.

219 2436 312 2523 Quid
338 2436 392 2502 hic
419 2436 512 2520 prius
534 2437 687 2503 mireris‘l
712 2436 814 2522 Quod
834 2434 975 2518 pretium
996 2454 1055 2516 pro
1074 2435 1264 2501 hominibus
1281 2456 1392 2518 perso-

219 2549 326 2612 lutum
349 2562 421 2628 est,
446 2548 504 2631 qui
526 2549 618 2613 nullo
636 2548 732 2632 jure,
756 2547 846 2612 nulla
867 2545 931 2611 lide
955 2546 1040 2628 capti
1063 2544 1179 2610 erant?
1206 2546 1308 2631 Quod
1319 2545 1391 2611 Indi

218 2655 368 2738 dimissi,
401 2676 476 2721 cum
508 2657 548 2721 ab
571 2655 660 2721 Indis
691 2655 804 2721 Batavi
828 2654 1040 2721 tenerentur?
1083 2654 1185 2739 Quod
1207 2656 1274 2739 regi
1295 2655 1392 2740 Jorae

219 2786 253 2832 se
286 2766 356 2849 ipse
381 2766 637 2833 Hemslcerclrius
667 2765 851 2832 indicavit?
877 2764 979 2851 Quod
1010 2764 1117 2831 oravit
1140 2765 1266 2830 etiami
1290 2767 1392 2853 Quod

218 2881 412 2961 plusquam
434 2877 591 2943 debuerat
614 2877 741 2958 solvit,
765 2897 838 2943 cum
861 2891 973 2960 posset
993 2876 1127 2942 omnino
1146 2895 1212 2943 non
1237 2878 1390 2943 solvere?

218 2989 302 3053 Tam
325 2989 469 3055 liberalis
490 3009 585 3053 nemo
606 2988 781 3071 praedator
801 3002 860 3054 est.
906 2988 1016 3074 Quare
1049 3007 1122 3053 curn
1153 2988 1247 3054 etiam
1269 2989 1296 3055 si
1316 2990 1393 3055 talia

219 3102 367 3167 deessent
400 3099 542 3180 indicia,
568 3099 601 3164 in
625 3098 713 3164 facto
737 3099 839 3164 dubio
861 3098 1011 3163 facienda
1032 3098 1075 3164 sit
1096 3099 1268 3184 benignior
1292 3101 1391 3166 iuter·

218 3211 381 3295 pretatio‚
404 3212 483 3277 haec
506 3211 679 3295 cogitanda
701 3224 751 3276 est
772 3229 862 3275 mens
892 3208 1013 3288 fuisse,
1037 3210 1091 3275 hic
1111 3211 1237 3277 animus
1255 3211 1392 3277 vincen-

124 3312 127 3317 ’
220 3322 311 3389 tibus
334 3322 538 3403 Lusitanos,
572 3320 699 3403 att-qui
732 3320 902 3387 beneficiis
925 3320 1068 3407 mitigari
1097 3341 1163 3388 non
1194 3337 1390 3406 potuerant,

219 3432 343 3498 damnis
375 3435 488 3499 saltem
513 3432 688 3499 mutandos
711 3432 751 3497 ad
775 3451 882 3498 mores
905 3447 1120 3517 cogerentur:
1143 3434 1230 3499 sicut
1251 3434 1392 3499 Ambro-

218 3545 287 3611 sius
319 3544 404 3609 dixit
428 3552 436 3583 ¹
463 3543 661 3627 eripiendam
692 3543 745 3608 his
776 3542 990 3608 latrocinandi
1022 3542 1233 3625 facultatem,
1269 3545 1391 3627 quibus

218 3657 371 3721 voluntas
393 3654 475 3737 eripi
498 3674 564 3720 non
587 3654 709 3737 potuit.
755 3655 871 3735 Atque
894 3654 1019 3718 utinam
1042 3672 1131 3720 nunc
1153 3656 1391 3739 saltem'depo·

218 3788 294 3831 nere
318 3781 452 3848 possent
479 3766 565 3832 illam
597 3764 781 3845 feritatem,
803 3764 973 3830 admittere
1005 3763 1139 3829 humani
1163 3767 1289 3848 generis
1312 3788 1390 3833 con-

216 3879 354 3943 sortium
377 3891 410 3941 et
426 3892 547 3943 certare
567 3891 692 3942 tantum
709 3875 878 3942 licitand0.
906 3874 1011 3940 Parati
1024 3889 1101 3942 sunt
1113 3876 1225 3941 Batavi
1239 3876 1390 3943 omittere

216 3988 292 4054 odia
324 4004 356 4053 et
379 4007 507 4053 omnem
538 3988 626 4053 illam
650 3985 833 4053 facinorum
866 3984 1052 4052 memoriam
1084 4000 1117 4051 et
1145 3986 1289 4071 egregias
1312 3987 1389 4054 belli

215 4098 358 4165 feliciter
387 4099 519 4183 gerendi
552 4099 750 4165 occasiones.
797 4097 925 4164 Sufficit
956 4097 1022 4162 illis
1054 4100 1205 4180 lucrum,
1238 4098 1328 4179 quod
1350 4120 1389 4165 ex

250 4358 258 4390 ¹
276 4362 354 4407 serm.
374 4362 398 4407 fl.
420 4359 447 4409 in
468 4361 508 4408 Pa.
534 4362 589 4408 118.
613 4372 653 4409 vs.
676 4373 699 4407 a.
717 4360 748 4407 Et
763 4370 801 4407 esc
815 4358 842 4407 in
859 4372 882 4406 c.
898 4369 937 4406 est
956 4354 1058 4415 iniusta.
1076 4355 1164 4429 [Dec-r.
1180 4360 1249 4407 Grac.
1264 4373 1290 4419 p.
1306 4372 1330 4409 a.
1349 4374 1389 4419 23.

215 4464 240 4510 -t-
260 4450 314 4512 aa]
