3450 5434
519 646 566 690 DE
589 646 683 712 JURE
708 645 895 692 nunonis.
921 647 1000 692 CAP.
1026 648 1087 692 XV.
1319 645 1381 709 335

209 813 378 881 tenemus,
410 801 462 865 iris
494 821 550 865 nos
578 802 722 888 spoliari
739 804 914 886 patiemur
937 805 1038 886 inque
1060 823 1116 866 nos
1140 805 1224 888 ipsos
1248 823 1286 866 ea
1309 821 1383 864 eon-

210 914 407 992 stituemus‚
441 931 528 996 quae
556 917 592 976 in
623 913 728 977 hostes
757 915 919 977 constitui
945 912 1078 978 solent?
1102 913 1140 977 In
1164 932 1321 995 responso
1343 913 1383 977 ad

210 1022 354 1088 Volscos
376 1022 411 1105 ¹,
442 1028 527 1106 ἡμεῖς
556 1028 586 1092 δὲ
615 1028 774 1108 κρατίστας
803 1027 953 1107 ἧνοιίμεία
980 1029 1117 1102 κτήσεις,
1139 1023 1176 1099 ἃς
1199 1027 1235 1092 διν
1263 1028 1383 1108 πολέμῳ

208 1137 406 1216 κρατήσαντες
425 1135 588 1216 λάβωμεν,
608 1139 674 1205 οὔτε
696 1144 798 1219 πρῶτον
819 1138 1076 1218 καταστησάμενοι
1095 1137 1177 1218 νόμον
1198 1137 1297 1208 τόνδε,
1318 1136 1383 1201 οὔτε

209 1249 298 1313 αὐτὸν
319 1249 467 1328 initiorum
489 1248 639 1327 ἡγούμενοι
660 1246 732 1314 εἶναι
754 1252 871 1328 μᾶλλον
891 1248 908 1323 ἢ
929 1249 995 1330 οὐχ)
1015 1249 1098 1324 θεῶν,
1121 1245 1259 1320 inauris
1278 1273 1313 1313 σε
1332 1247 1381 1311 καί

183 1423 187 1426 ,
207 1356 357 1434 Ἕλληνας
368 1357 418 1424 καί
430 1357 596 1439 βαρβάρους
617 1361 723 1432 εἰδότες
742 1363 822 1442 αὐτῷ
843 1361 1003 1442 χρωμένους
1025 1363 1076 1426 οὐκ
1095 1360 1132 1427 tn
1153 1359 1295 1438 ἐνδοίημεν
1315 1362 1382 1439 ὑμῖν

208 1469 347 1546 μαλακὸν
378 1469 475 1541 οὐδέν,
506 1470 602 1535 οὐδ’ίιν
622 1471 826 1550 ἀποσταίημεν
853 1469 896 1536 ἔτι
925 1479 981 1536 τῶν
1002 1471 1184 1552 δορικτήτων.
1205 1471 1300 1544 nonnis
1322 1472 1381 1550 γὰρ

209 1578 246 1646 itt
276 1580 320 1654 είη
348 1579 474 1656 κακότης
505 1581 532 1646 εί
555 1605 598 1652 τις
620 1575 643 1646 ἃ
664 1583 745 1660 μετὰ
760 1583 864 1663 ἀρετ-ης
883 1583 932 1647 καί
956 1582 1084 1662 οὶνδρείοις
1103 1582 1260 1656 ἐκτήσατο,
1283 1585 1380 1646 ταῦτα

210 1693 265 1758 ὑπὸ
287 1691 396 1763 δειλίας
415 1691 465 1756 καί
487 1693 597 1773 μωρίας
614 1694 791 1775 ἀφαιρεθείη.
838 1689 910 1755 Nos
937 1703 1047 1754 autem
1071 1692 1228 1774 optimum
1243 1688 1384 1772 judica·

209 1821 281 1866 mus
299 1803 510 1884 possessionis
530 1821 657 1886 genus,
681 1799 772 1886 quod
791 1821 832 1864 est
851 1801 942 1866 hoste
961 1815 1095 1886 captum
1117 1803 1383 1885 acquisitumque

210 1925 282 1991 est,
315 1931 453 1995 cumque
484 1932 549 1975 non
581 1915 646 1995 ipsi
671 1915 781 1996 primi
812 1913 852 1978 id
862 1913 923 1996 jus
947 1925 1159 1993 statuamus,
1185 1909 1242 1977 sed
1260 1933 1281 1976 a
1304 1911 1382 1976 Diis

210 2025 323 2090 terius
359 2043 460 2107 quam
491 2023 533 2086 ab
563 2022 748 2087 hominibus
767 2021 981 2108 profectum,
1005 2025 1213 2107 omniumque
1231 2025 1383 2109 gentium

209 2146 281 2197 tam
296 2131 528 2212 Graecarum,
542 2154 642 2218 quam
660 2133 891 2198 barbararum
913 2155 975 2200 usu
998 2134 1244 2218 comprobatum
1266 2155 1383 2218 sequa·

210 2265 312 2324 mur,
348 2244 439 2309 nihil
458 2245 548 2312 nobis
566 2257 630 2328 per
659 2248 834 2331 ignauiam
859 2249 1065 2312 remittemus
1089 2267 1145 2310 nec
1169 2244 1251 2310 bello
1267 2249 1383 2331 partis

210 2357 413 2422 absistemus.
459 2356 654 2420 Maximum
687 2338 772 2422 enim
795 2359 854 2426 boc.
872 2359 1035 2442 probrum
1052 2357 1171 2440 soret,
1196 2379 1282 2442 quae
1311 2361 1383 2424 sir-

210 2480 283 2533 tute
305 2481 337 2532 et
352 2467 564 2551 fortitudine
587 2471 742 2552 quaesita
765 2483 867 2548 sunt,
892 2489 931 2532 eo
950 2483 1014 2554 per
1033 2471 1194 2534 inertiam
1219 2483 1281 2534 aut
1305 2467 1383 2552 for·

211 2578 366 2645 midinem
398 2583 565 2644 amittere.
622 2579 660 2642 In
694 2597 851 2660 responso
875 2578 1056 2644 Samnitum
1079 2581 1113 2658 ²,
1136 2583 1254 2664 πολέμῳ
1277 2605 1383 2661 κρατη-

209 2693 322 2760 σάντων
351 2695 449 2772 ἡμῶν,
480 2689 564 2773 iente
591 2693 653 2758 ἐστὶ
686 2694 769 2771 νόμος
791 2695 916 2768 κτήσεως
938 2691 1126 2765 δικαιότατος.
1173 2689 1253 2754 Cum
1278 2694 1383 2755 armis

211 2801 472 2881 obtinuerimus,
492 2822 578 2886 quae
601 2802 655 2866 lea
679 2800 879 2886 acquirendi
893 2801 1085 2886 justissima
1105 2814 1162 2865 est.
1187 2801 1225 2866 In
1237 2801 1384 2866 oratione

212 2912 355 2981 Fabricii
377 2913 404 2993 ⁸,
426 2916 519 2996 ἐκείνη
541 2917 649 2995 μένγε
670 2925 708 2995 τῇ
730 2918 830 2991 κτήσει
850 2917 900 2982 καί
921 2917 954 2981 τὸ
974 2912 1039 2994 μεθ’
1058 2917 1154 2990 ἡδονῆς
1170 2916 1306 2981 ποιεῖσθαι
1328 2919 1384 2988 τοὶς

208 3030 390 3100 ἀπολαύσεις
419 3029 486 3109 τρίς
505 3031 546 3110 τῷ
566 3033 664 3099 καλῶς
684 3026 735 3093 καί
756 3029 870 3099 δικαίας
890 3027 976 3092 τόσον
998 3022 1047 3100 ἧος
1070 3023 1111 3088 In
1132 3023 1196 3088 illa
1220 3027 1304 3088 enim
1329 3046 1385 3089 aa·

212 3139 391 3221 quisitione
426 3135 486 3218 (de
517 3134 636 3200 bellica
668 3153 773 3200 sermo
807 3136 875 3218 est)
906 3156 979 3200 cum
993 3136 1127 3218 justum
1151 3136 1385 3220 honestumque

209 3252 348 3328 inerat,
381 3261 452 3312 tum
484 3267 561 3314 tero
594 3245 824 3312 delectationis
851 3244 1051 3332 plurimum.
1096 3245 1227 3332 Quodsi
1260 3267 1318 3329 per
1349 3267 1383 3313 se

210 3357 375 3442 possessio
408 3358 471 3424 ista
503 3373 654 3440 suspecta
686 3377 755 3423 esse
785 3376 853 3422 non
885 3364 1018 3440 potest,'
1051 3373 1149 3424 restat
1181 3374 1219 3424 ut
1246 3379 1286 3423 ex
1309 3373 1386 3441 post

210 3469 298 3536 iacto
320 3469 447 3551 aliquid
470 3484 658 3548 metuatur,
683 3483 785 3551 puta,
809 3469 837 3534 si
859 3470 991 3551 quando
1015 3490 1066 3536 res
1087 3469 1149 3536 ista
1170 3470 1204 3535 in
1222 3469 1384 3553 judicium

210 3582 331 3648 veniat.
356 3581 422 3647 Sed
438 3579 584 3666 judicem
606 3580 728 3664 fingere
747 3595 878 3664 oportet
899 3594 957 3647 aut
977 3581 1186 3664 Hispanum,
1208 3598 1266 3647 aut
1285 3582 1384 3647 alium

214 3692 407 3776 quemlibet.
455 3692 598 3758 Pessime
621 3711 698 3757 sane
730 3693 770 3756 de
792 3691 896 3775 patria
920 3706 1109 3773 speraturus
1133 3691 1197 3772 sit,
1222 3694 1279 3775 qui
1301 3693 1386 3759 illud

211 3803 281 3872 fore
316 3805 486 3886 crederet,
521 3819 560 3870 ut
593 3803 752 3887 Hispanis
783 3801 972 3868 sedentibus
1005 3802 1101 3868 etiam
1135 3803 1175 3869 de
1202 3804 1384 3887 praeteritis

211 3916 398 3984 actionibus
429 3918 544 3984 Batavi
576 3936 705 3982 causam
737 3916 845 3982 dicere
868 3915 1027 3980 debeant:
1052 3914 1143 3996 quod
1167 3914 1194 3980 si
1216 3914 1286 3980 fieri
1309 3936 1385 3998 pos-

213 4044 262 4095 set
294 4029 401 4112 (absit
423 4045 488 4095 tam
512 4030 618 4095 dirum
642 4029 782 4112 omen),
808 4046 875 4093 non
897 4027 959 4092 ista
982 4026 1141 4092 duntaxat
1162 4027 1304 4109 praeda,
1328 4029 1385 4093 sed

211 4158 325 4204 omnes
341 4153 511 4221 quotquot
526 4154 604 4206 sunt
621 4139 733 4206 Batavi
747 4159 820 4204 cum
834 4139 930 4205 bonis
942 4138 1012 4205 suis
1024 4138 1191 4220 perierint.
1217 4138 1383 4205 Nimirum

361 4249 475 4315 Nulla
498 4273 615 4316 manus
639 4251 717 4316 belli
741 4265 870 4316 mutata
885 4251 1002 4337 judice
1020 4265 1113 4335 pura
1137 4263 1183 4315 est
1207 4251 1230 4315 ⁴.

170 4438 173 4447 ι
246 4411 319 4459 ¹1ib.
344 4415 368 4460 8.
386 4413 424 4473 [p.
441 4415 501 4472 488.
518 4426 558 4461 vs.
577 4413 630 4474 ομ]
666 4410 827 4473 'insrngm
846 4413 960 4475 [p.741.
981 4425 1019 4461 vs.
1038 4411 1073 4473 m]
1110 4408 1384 4474 ³ibid.[p.748.vs.

211 4503 249 4564 4]
284 4503 296 4533 ⁴
329 4505 391 4552 Luc.
410 4503 455 4550 nb.
470 4517 494 4560 7.
514 4504 610 4565 [Porus.
629 4518 667 4553 vs.
686 4504 756 4564 σόη]
