3450 5434
325 613 328 617 “
386 615 448 675 228
701 628 748 673 ure
771 626 865 692 June
892 626 1076 675 auxanus.
1099 623 1181 672 cnr.
1207 626 1271 674 x11.

385 781 535 864 undique
566 780 780 847 excludimur.
826 781 919 869 Quin
944 795 977 846 et
1007 780 1055 847 illi
1085 781 1143 864 qui
1174 797 1329 848 terrarum
1361 783 1475 849 orbem
1498 784 1562 848 cir·

385 893 550 960 cumvecti
573 908 670 969 sunt,
690 907 795 957 totum
819 891 882 957 sibi
895 912 1052 958 oceanum
1074 893 1293 975 acquisivisse
1312 894 1441 959 dicendi
1456 910 1560 960 erunt.

386 1005 451 1069 Sed
481 1022 576 1069 nemo
598 1002 704 1068 nescit
722 1022 840 1069 navem
860 1024 919 1086 per
940 1024 1027 1069 mare
1054 1019 1273 1071 transeuntem
1298 1024 1364 1071 non
1384 1008 1462 1089 plus
1480 1006 1561 1090 juris

385 1135 482 1197 quam
511 1114 644 1197 vestigii
675 1114 869 1196 relinquere.
915 1113 1040 1181 Verum
1073 1115 1169 1181 etiam
1198 1118 1290 1198 quod
1313 1116 1374 1181 sibi
1406 1133 1562 1196 sumunt,

385 1227 545 1292 neminem
576 1239 649 1290 ante
682 1226 772 1308 ipsos
793 1246 867 1291 eum
890 1246 1047 1293 oceanum
1071 1227 1265 1311 navigasse,
1290 1228 1323 1294 id
1346 1226 1481 1293 minime
1507 1248 1562 1293 ve-

385 1358 456 1404 rum
488 1353 547 1402 est.
590 1338 713 1420 Magna
741 1336 825 1402 enim
849 1358 923 1420 pars
944 1338 1015 1422 ejus
1036 1338 1076 1403 de
1098 1358 1165 1421 quo
1189 1338 1416 1423 agiturmaris
1437 1340 1561 1405 ambitu

385 1448 606 1516 Mauritaniae
635 1449 701 1533 jam
732 1449 810 1513 olim
842 1448 995 1532 navigata
1018 1464 1068 1515 est
1090 1452 1119 1513 ¹:
1143 1448 1280 1516 ulterior
1300 1466 1334 1515 et
1349 1450 1383 1517 in
1403 1451 1561 1517 orientem

385 1581 524 1646 vergens
553 1560 704 1626 victoriis
726 1558 834 1644 magni
859 1560 1040 1625 Alexandri
1065 1562 1201 1625 lustrata
1224 1576 1400 1645 estusque
1422 1562 1457 1629 in
1481 1565 1562 1628 Ara-

385 1672 495 1738 bitum
517 1672 639 1739 sinum.
688 1670 776 1736 Olim
798 1686 906 1737 autem
928 1672 1012 1737 hanc
1032 1672 1273 1757 navigationem
1295 1672 1472 1740 Gaditanis
1493 1694 1563 1757 per·

385 1784 548 1869 cognitam
572 1782 677 1849 fuisse
698 1784 801 1849 multa
821 1798 1014 1867 argumento
1027 1798 1122 1863 sunt:
1147 1784 1231 1851 Caio
1244 1785 1398 1863 Caesare,
1415 1784 1562 1870 Augusti

387 1895 478 1976 filio,
502 1896 536 1961 in
552 1894 697 1960 Arabico
719 1893 796 1959 sinu
814 1914 866 1961 res
887 1910 1019 1978 gerente
1039 1894 1131 1979 signa
1151 1896 1284 1962 navium
1307 1916 1346 1960 ex
1366 1896 1564 1979 Hispanien-

386 2007 478 2072 sibus
508 2005 688 2090 naufragiis
720 2005 852 2089 agnita,
887 2020 919 2071 et
941 2007 1033 2089 quod
1053 2006 1188 2072 Caelius
1210 2007 1385 2090 Antipater
1406 2008 1561 2090 tradidit,

386 2118 509 2184 vidisse
540 2137 574 2182 se
602 2116 659 2199 qui
690 2138 730 2182 ex
754 2117 915 2200 Hispania
945 2118 978 2183 in
1002 2117 1214 2201 Aethiopiam
1250 2117 1436 2184 commercii
1462 2119 1561 2203 gratia

385 2230 582 2313 navigasset.
629 2228 738 2293 Etiam
767 2228 955 2295 Arabibus:
986 2228 1013 2295 si
1039 2248 1154 2295 verum
1184 2242 1234 2295 est
1265 2231 1356 2312 quod
1385 2230 1562 2297 Cornelius

386 2341 503 2423 Nepos
535 2340 688 2418 tradidit,
712 2338 890 2405 Eudoxum
921 2340 1094 2422 quemdam
1125 2360 1184 2405 sua
1215 2354 1317 2407 aetate
1338 2361 1412 2407 cum
1436 2342 1561 2426 Lathyss

387 2472 483 2533 rum,
526 2472 634 2537 regem
667 2450 908 2531 Alexandriae,
942 2450 1073 2535 fugeret
1103 2451 1250 2518 Arabico
1284 2452 1357 2519 sinu
1395 2472 1559 2537 egressum

388 2562 500 2629 Gades
534 2582 640 2645 usque
673 2576 873 2647 pervectum.
920 2561 1049 2628 Poenos
1080 2576 1212 2645 autem,
1248 2564 1305 2646 qui
1336 2582 1371 2629 re
1403 2564 1560 2631 maritima

386 2674 564 2759 plurimum
602 2675 803 2756 valuerunt,
847 2693 922 2739 eum
961 2693 1118 2741 oceanum
1155 2693 1221 2741 non
1262 2674 1430 2760 ignorasse
1466 2679 1561 2761 longe

386 2786 602 2853 certissimum
636 2800 706 2866 est,
738 2771 813 2851 cum
844 2785 965 2852 Hanno
1001 2785 1211 2871 Carthaginis
1243 2786 1390 2869 potentia
1424 2786 1561 2853 florente

386 2898 627 2965 circumvectus
657 2918 675 2963 a
707 2896 860 2963 Gadibus
894 2897 935 2963 ad
965 2895 1063 2961 finem
1091 2897 1257 2979 Arabiae,
1279 2898 1560 2983 praeternavigato

386 3009 512 3077 scilicet
534 3008 761 3091 promontorio
784 3009 876 3091 quod
897 3028 984 3073 nunc
1002 3008 1111 3075 Bonae
1134 3008 1212 3092 Spei
1235 3007 1358 3074 dicitur
1380 3010 1500 3093 (vetus
1515 3010 1561 3075 vi·

386 3122 483 3186 detur
512 3139 629 3185 nomen
662 3120 847 3203 Hesperium
878 3120 979 3186 Ceras
1012 3118 1133 3206 luisse)
1164 3140 1260 3187 omne
1292 3121 1327 3187 id
1354 3120 1417 3187 iter
1439 3122 1560 3205 scripto

386 3232 578 3313 complexus
611 3232 677 3313 sit,
709 3246 915 3314 testatusque
948 3231 989 3297 ad
1018 3230 1169 3298 ultimum
1199 3250 1265 3298 non
1286 3252 1373 3299 mare
1396 3232 1483 3309 sibi,
1506 3232 1561 3299 sed

386 3357 601 3407 commeatum
634 3340 791 3409 defuisse.
845 3343 900 3408 Ab
932 3342 1077 3410 Arabico
1110 3359 1218 3409 autem
1252 3343 1328 3409 sinu
1362 3342 1403 3409 ad
1436 3344 1560 3410 Indiam

275 3532 279 3539 Ι
386 3416 559 3536 Indicique
582 3454 695 3518 oceani
716 3453 841 3520 insulas
862 3469 895 3521 et
918 3474 1046 3521 auream
1059 3474 1165 3537 usque
1178 3454 1443 3535 Chersonesum,
1465 3474 1559 3537 quam

387 3584 458 3632 esse
485 3564 641 3650 Japanem
672 3564 810 3631 credunt
840 3566 1007 3649 plerique,
1042 3564 1138 3631 etiam
1171 3584 1206 3631 re
1241 3566 1391 3631 Romana
1426 3566 1560 3633 florente

386 3676 530 3762 navigari
567 3676 721 3759 solitum,
756 3677 816 3743 iter
844 3698 862 3742 a
890 3676 999 3747 Plinio
1023 3674 1034 3710 ²
1057 3676 1278 3760 descriptum,
1312 3678 1494 3762 legationes
1523 3680 1562 3743 ab

387 3787 477 3854 Indis
499 3788 540 3853 ad
551 3788 762 3871 Augustum,
787 3789 829 3854 ad
841 3788 1018 3855 Claudium
1043 3788 1139 3853 etiam
1164 3808 1203 3853 ex
1216 3788 1415 3871 Taprobane
1438 3790 1561 3870 insula,

387 3898 503 3965 deinde
538 3914 628 3983 gesta
661 3899 796 3984 Trajani
832 3914 864 3965 et
892 3900 1023 3965 tabulae
1055 3898 1232 3966 Ptolemaei
1264 3900 1345 3967 satis
1374 3903 1561 3967 ostendunt

382 4010 454 4096 Jam
479 4030 540 4076 suo
564 4023 710 4092 tempore
735 4011 854 4077 Strabo
879 4013 890 4049 ⁸
913 4008 1213 4077 Alexandrinorum
1241 4026 1459 4077 mercatorum
1483 4015 1562 4078 clas·

386 4140 452 4187 sem
477 4141 517 4186 ex
540 4120 686 4185 Arabico
709 4120 785 4187 sinu
808 4137 846 4187 ut
868 4119 1066 4204 Aethiopiae
1088 4120 1222 4196 ultima,
1251 4120 1296 4187 ita
1320 4136 1352 4189 et
1374 4123 1487 4189 Indiae
1508 4142 1562 4206 pe·

421 4381 430 4413 ¹
455 4396 488 4430 ex
512 4381 595 4430 Plinio
620 4384 636 4429 l.
662 4396 686 4431 a.
709 4396 732 4431 c.
748 4383 790 4445 ⁶9·
807 4394 832 4430 et
851 4384 868 4429 l.
886 4383 910 4430 6.
928 4396 951 4431 c.
970 4394 1010 4439 ar.
1028 4395 1053 4431 et
1072 4384 1150 4431 Mela.
1168 4386 1185 4433 l.
1205 4396 1228 4442 3.
1247 4383 1283 4445 [c.
1301 4383 1339 4448 9.]
1375 4380 1422 4432 ¹1.
1439 4384 1464 4433 6.
1483 4398 1506 4433 c.
1524 4396 1562 4441 as.

384 4470 432 4519 ⁸1.
450 4485 474 4519 a.
495 4471 532 4535 [p.
553 4485 607 4535 179·
625 4487 647 4522 a.
665 4471 784 4536 casaub]
804 4484 828 4521 et
846 4476 863 4521 l.
885 4486 923 4530 17.
943 4472 980 4537 [p.
1002 4486 1073 4535 1149.
1092 4473 1127 4534 c.]
