3450 5434
342 648 405 710 304
636 649 683 696 DE
705 649 799 713 Juntt
825 647 1011 695 PRAEDAE·
1037 648 1117 693 CAP.
1141 648 1219 695 xlv.

341 800 420 866 Tam
456 802 603 866 omnibus
636 807 803 888 ignoscere
843 801 1029 868 crudelitas
1064 816 1134 884 est,
1179 824 1279 888 quam
1312 805 1389 869 null
1395 809 1413 870 '.
1471 805 1518 870 Et

340 913 523 996 Augustini
545 916 553 948 ¹
574 908 781 996 pereruditus
794 914 827 978 in
850 916 933 978 hanc
954 933 1020 978 rem
1042 928 1091 978 est
1111 915 1222 980 locus:
1257 915 1410 981 Reddere
1430 917 1517 982 bona

335 1040 399 1111 pro
423 1025 536 1107 lonis,
570 1040 601 1090 et
620 1040 683 1112 pro
707 1026 805 1090 malis
830 1025 946 1106 mala,
982 1027 1062 1089 baec
1085 1023 1149 1090 duo
1173 1025 1387 1092 mediocrium
1411 1042 1515 1091 sunt:

334 1140 434 1222 prius
452 1141 680 1222 propinquum
702 1138 792 1201 bonis
812 1141 963 1205 conuenit
984 1141 1085 1202 etiam
1106 1137 1228 1217 malis,
1253 1137 1342 1222 quod
1360 1135 1516 1202 Christus

340 1268 404 1312 non
436 1251 579 1333 arguit,
613 1248 670 1314 sed
694 1248 772 1334 plus
808 1263 957 1333 oportere
993 1247 1100 1329 dicit,
1136 1252 1218 1332 quia
1242 1262 1273 1312 et
1305 1251 1430 1314 ethnici
1456 1251 1516 1313 hoc

332 1359 498 1442 faciunt:
527 1363 695 1445 posterius
722 1363 949 1445 propinquum
981 1359 1080 1423 malis
1102 1365 1254 1426 conuenit
1278 1374 1389 1424 tamen
1412 1364 1515 1424 etiam

338 1471 453 1536 bonis:
490 1468 576 1535 unde
609 1484 640 1534 et
676 1470 730 1535 lex
765 1469 894 1536 modum
930 1471 1054 1536 ultioni
1069 1474 1222 1550 ,statuit
1279 1469 1324 1535 Et
1358 1491 1435 1536 mox
1470 1471 1516 1536 ita

339 1582 483 1666 explicat
494 1597 531 1647 ut
544 1582 652 1664 dicat,
677 1584 817 1668 injusta
831 1583 978 1662 ultione,
1003 1603 1089 1667 quae
1096 1580 1139 1664 fit
1152 1581 1326 1647 dilectione
1329 1584 1514 1667 justitiae,

339 1715 402 1758 non
424 1694 641 1760 delectatione
662 1694 793 1759 alienae
804 1697 982 1775 miseriae,
1007 1715 1071 1757 non
1084 1693 1180 1759 reddi
1192 1694 1318 1759 malum
1324 1708 1389 1779 pro
1402 1695 1512 1776 malo,

339 1805 396 1871 sed
407 1806 540 1889 justum
558 1820 623 1891 pro
646 1806 794 1890 injusto,
827 1806 885 1869 lsoc
909 1819 981 1884 est,
1017 1804 1150 1886 inquit,
1175 1806 1292 1870 bortum
1310 1819 1375 1890 pro
1399 1806 1512 1870 malo:

339 1917 430 1999 quod
464 1917 560 1983 ctiam
595 1917 689 1982 Deus
720 1916 823 2000 iudex
857 1915 948 1981 facit.
995 1917 1045 1982 Ut
1080 1936 1156 1999 ergo
1191 1932 1343 2011 appareat
1376 1917 1512 1999 quando

339 2030 476 2094 honesta
510 2029 553 2093 sit
587 2029 693 2109 ultio,
736 2028 869 2111 quando
913 2043 1021 2092 autem
1056 2027 1277 2094 misericordia
1312 2028 1511 2109 conveniat,

338 2140 588 2224 distinguendae
609 2140 764 2205 videntur
786 2159 945 2223 personae
967 2154 1037 2204 tum
1061 2158 1143 2220 quae
1164 2137 1311 2219 faciunt,
1335 2155 1405 2204 tum
1426 2159 1512 2222 quae

337 2252 508 2335 patiuntur
527 2251 693 2336 injuriam.
740 2251 796 2316 Ad
816 2251 980 2334 patientes
1000 2250 1091 2332 quod
1111 2250 1250 2330 attinet,
1274 2251 1301 2315 si
1322 2271 1511 2317 communes

338 2364 405 2430 sint
436 2382 510 2429 cum
543 2363 642 2429 sociis
674 2379 730 2428 aut
762 2383 837 2429 cum
860 2363 986 2445 patria,
1012 2377 1137 2427 certum
1162 2376 1300 2428 estnon
1324 2382 1511 2445 acquenos

337 2475 449 2542 faciles
481 2494 552 2542 esse
584 2494 680 2558 posse
712 2475 745 2539 in
774 2473 979 2541 remittendis
1002 2474 1145 2557 publicis
1168 2488 1225 2539 aut
1248 2475 1387 2555 alienis,
1412 2490 1510 2556 atque

337 2587 371 2653 in
393 2587 515 2655 nostris
539 2587 678 2672 injuriis.
725 2587 813 2653 Inter
833 2586 1091 2671 jurisconsultos
1114 2586 1253 2652 celebris
1265 2602 1315 2652 est
1326 2586 1509 2667 sententia,

337 2698 441 2765 foveri
474 2701 514 2765 ab
547 2719 586 2766 co
609 2698 829 2784 injuriosum,
862 2699 921 2780 qui
944 2698 1064 2783 injuria
1087 2697 1239 2765 affectum
1264 2719 1330 2764 non
1353 2714 1467 2765 tuetur
1487 2697 1509 2764 ¹.

338 2813 412 2895 Ipse
444 2811 656 2897 Augustinus
676 2815 706 2875 ⁸:
731 2810 920 2875 ostenditur
952 2831 1016 2874 non
1046 2831 1110 2875 esse
1132 2816 1292 2876 immunes
1315 2833 1337 2876 a
1365 2809 1509 2890 scelere,

337 2928 396 3008 qui
412 2928 651 3010 permiserunt.
677 2918 744 3005 Qui
766 2922 888 2988 desinit
913 2922 1070 3003 obviare,
1094 2943 1167 2986 cum
1183 2935 1313 3008 potest,
1334 2925 1508 2986 consentit.

337 3034 424 3100 Nam
448 3050 486 3102 ut
508 3035 593 3101 idem
618 3033 695 3099 alibi
715 3035 747 3098 ἐ
785 3033 864 3098 Non
888 3048 935 3099 est
959 3037 1167 3098 innocentiae
1183 3033 1353 3119 parcendo
1377 3037 1508 3114 sinere,

338 3161 375 3214 ut
399 3152 434 3212 r'n
458 3148 584 3212 malum
603 3151 747 3234 grauius
771 3144 958 3212 incidatur.
987 3147 1143 3210 Pertinet
1156 3166 1233 3231 ergo
1246 3144 1294 3211 ad
1302 3149 1510 3210 innocentiae

337 3259 472 3346 officium
497 3281 560 3323 non
581 3259 684 3323 solum
708 3261 832 3322 nemini
855 3271 976 3322 metum
1000 3257 1154 3341 inferre,
1178 3257 1510 3324 oerunesiancoht·

337 3371 412 3435 bere
429 3383 591 3455 peccata,
614 3368 669 3436 uel
673 3371 799 3454 punire
804 3382 1001 3453 peccatum,
1027 3381 1064 3433 ut
1077 3381 1139 3433 aut
1151 3372 1218 3452 ipse
1241 3372 1301 3452 qui
1317 3371 1419 3452 prius
1437 3366 1509 3433 odio

337 3482 481 3547 habetur
491 3529 503 3562 ‚
515 3483 714 3566 corrigatur
727 3483 973 3565 experimento,
986 3493 1047 3544 aut
1060 3479 1124 3543 alii
1136 3492 1337 3544 terreantur
1348 3479 1508 3563 exemplo.

337 3592 534 3658 Ambrosius
554 3587 566 3622 ⁵
586 3591 682 3657 etiam
706 3593 844 3657 multum
866 3590 1007 3675 exagitat
1026 3609 1209 3674 perversam
1230 3589 1508 3669 misericordiam,

338 3727 424 3792 quae
446 3709 632 3770 innocentes
656 3704 768 3770 tradit
791 3705 919 3783 exitio,
943 3700 1021 3766 dum
1046 3701 1170 3767 liberat
1193 3701 1376 3766 multorum
1398 3703 1508 3766 exitia

336 3821 550 3904 cogitantem.
597 3815 677 3880 Non
708 3818 745 3879 in
770 3813 942 3898 ferenda,
976 3812 1086 3895 inquit
1103 3815 1139 3893 ⁶,
1173 3813 1230 3878 sed
1258 3817 1294 3878 in
1317 3811 1509 3899 depellenda

336 3932 471 4016 injuria
503 3929 558 3994 lex
591 3931 734 3996 uirtutis
757 3941 815 4004 est.
862 3921 930 4008 Qui
953 3929 1038 3990 enim
1062 3947 1125 3990 non
1148 3925 1282 4012 repellit
1305 3947 1327 3990 o
1350 3927 1434 3988 socio
1456 3927 1509 3986 in-

374 4243 381 4275 ¹
400 4242 426 4290 in
445 4239 611 4301 expositione
629 4235 729 4297 psalmi.
750 4236 805 4282 108.
824 4245 849 4281 et
867 4243 906 4281 est
924 4246 947 4282 c.
965 4245 1010 4281 sex
1029 4234 1193 4282 differentiae.
1210 4232 1300 4296 [Dect.
1316 4233 1386 4280 Grac.
1399 4245 1426 4292 p.
1436 4245 1460 4280 2.
1470 4244 1509 4288 ²³·

340 4347 363 4392 ³·
384 4333 418 4397 r.]
454 4328 465 4363 ²
483 4346 506 4381 c.
525 4331 635 4378 dilectus
654 4338 679 4376 et
695 4341 719 4376 c.
737 4325 883 4375 consentire
911 4323 1000 4388 [Dect.
1018 4326 1086 4373 Grac.
1104 4339 1130 4385 p.
1151 4339 1173 4373 r.
1192 4325 1250 4374 dist.
1268 4327 1310 4380 8³·
1329 4321 1366 4388 5·]
1386 4322 1459 4372 Arias
1478 4324 1509 4371 de

336 4423 405 4473 bello
421 4439 446 4473 n.
465 4436 505 4481 ³7·
519 4433 545 4471 et
563 4423 603 4479 38.
638 4417 693 4467 ⁸in
712 4418 791 4478 psalm
807 4419 849 4464 81.
883 4414 944 4464 ⁴de
962 4415 1036 4464 civit.
1054 4416 1112 4464 Dei.
1146 4415 1251 4464 bserm.
1269 4414 1335 4463 8.in
1353 4415 1509 4474 pemmo.

335 4518 396 4565 ‘de
414 4516 457 4564 off.
475 4515 522 4563 lib.
543 4527 564 4560 r.
582 4527 606 4560 c.
625 4513 665 4568 ³6.
