3450 5434
360 654 421 717 142
669 652 716 699 DE
739 652 833 720 JURE
859 650 1046 699 russulis.
1071 651 1153 699 CAP·
1178 655 1215 700 X·

349 808 494 875 omniurn
519 807 615 875 etiam
638 804 783 893 gentium
796 825 930 873 assensu
954 806 1167 889 omniumque
1179 822 1364 891 temporum
1376 810 1532 875 memoria

350 920 600 1002 comprobatur:
622 920 676 1003 jus
699 917 836 1000 praedae
858 916 985 983 scilicet
1003 936 1070 983 non
1091 936 1161 985 esse
1182 938 1284 1002 penes
1305 919 1454 1003 singulos
1475 940 1532 986 oc-

349 1044 529 1113 cupantes,
552 1031 610 1096 sed
632 1048 733 1112 penes
755 1027 989 1111 rempublicam
1013 1029 1127 1112 ejusve
1158 1029 1343 1114 Principem
1374 1045 1433 1096 aut
1452 1031 1530 1097 belli

350 1140 487 1222 ducem,
507 1156 672 1223 quatenus
687 1140 743 1224 jus
764 1140 855 1205 istud
877 1160 895 1205 a
918 1139 1084 1223 republica
1105 1156 1308 1224 acceperunt.
1338 1142 1444 1223 Apud
1462 1142 1532 1208 He-

351 1252 466 1319 braeos
486 1264 496 1297 ¹
513 1250 665 1318 videmus
686 1250 836 1335 praedam
859 1250 1022 1318 adduces
1045 1253 1224 1333 perlatam,
1248 1272 1356 1334 neque
1377 1251 1429 1319 his
1451 1272 1530 1319 con-

350 1380 472 1428 cessam
496 1362 555 1444 qui
576 1381 675 1427 manu
697 1376 869 1444 ceperant,
893 1380 929 1428 ac
950 1379 991 1427 ne
1012 1361 1063 1427 his
1086 1362 1219 1443 quidem
1250 1364 1331 1429 solis
1355 1362 1414 1445 qui
1446 1384 1532 1449 pug-

350 1488 526 1555 naverant,
557 1473 616 1540 sed
648 1488 772 1556 partem
807 1472 871 1538 toti
903 1471 1059 1537 exercitui
1083 1472 1210 1555 datam,
1233 1488 1357 1556 partem
1380 1478 1531 1559 populo,

350 1600 474 1668 partem
498 1583 594 1650 etiam
616 1599 771 1651 sacratam
797 1586 893 1668 jussu
924 1582 1038 1650 divino
1062 1598 1260 1666 receptoque
1282 1604 1382 1651 ruore.
1427 1587 1531 1670 Apud

350 1694 499 1761 Graecos
520 1716 630 1761 nonne
653 1694 739 1761 idem
762 1695 971 1762 observatum
995 1694 1069 1762 est‘l
1115 1694 1215 1761 Unde
1240 1694 1407 1763 Homerus
1426 1695 1459 1761 ²:

521 1811 606 1875 ἀλλὰ
626 1812 668 1876 rie
687 1812 741 1888 μὲν
763 1809 870 1875 πολίων
892 1806 1104 1889 ἐξεπράθομεν,
1124 1812 1165 1877 ris
1185 1808 1332 1875 δέδασται.

527 1916 649 1982 Omnia
661 1918 737 2001 jam
759 1894 870 1984 diuisa
891 1916 1009 2001 quibus
1026 1916 1239 2001 spoliavimus
1262 1918 1368 1983 urbes.

393 2027 439 2093 Et
459 2026 609 2092 Achilles
630 2027 719 2109 apud
737 2026 965 2093 eumdem⁸de
989 2027 1129 2093 urbibus
1151 2048 1168 2093 a
1191 2047 1225 2095 sc
1248 2028 1351 2111 captis
1372 2030 1530 2112 loquens:

521 2141 599 2207 salar
621 2144 655 2207 ἐκ
673 2141 788 2208 auolau
811 2142 951 2221 seruilia
967 2143 1068 2209 nonnis
1090 2141 1141 2207 uui
1164 2142 1255 2209 iesse

526 2250 668 2330 ἐξελόμην
688 2250 740 2317 uui
760 2249 863 2316 aalma
881 2251 975 2333 Φέρων
993 2252 1193 2332 Ἀγαμέμνονι
1211 2254 1308 2319 δόσκον

525 2361 668 2444 Ἀτρείδῃ.
689 2363 703 2427 l
723 2361 845 2428 δ’δσισθε
866 2362 958 2441 μένων
977 2364 1059 2444 stupis
1079 2364 1158 2438 uuor)
1177 2364 1268 2444 loriam

524 2471 678 2552 δεξάμενος
696 2475 745 2539 διὰ
759 2478 860 2553 παῦροι
880 2473 1044 2540 δασάσκετο
1053 2519 1063 2552 ,
1084 2490 1185 2541 ronna
1206 2472 1350 2557 δ’ἕχεσκε.

530 2578 690 2645 Omnibus
708 2583 759 2645 his
781 2585 895 2667 ingens
911 2586 1022 2666 pretio
1044 2603 1242 2668 numeroque
1261 2582 1408 2668 supellex

526 2690 660 2756 Nostra
680 2705 784 2776 rapta
807 2713 933 2758 manu:
958 2696 1032 2780 regi
1052 2692 1110 2759 sed
1126 2698 1236 2761 uictor
1256 2691 1406 2760 Atridae

526 2800 657 2867 Cuncta
673 2802 762 2882 ruli,
785 2802 903 2868 celeres
927 2803 1072 2871 residens
1095 2808 1154 2889 qui
1166 2820 1251 2890 pone
1269 2809 1410 2872 carinas

525 2913 729 2993 Diuiderer,
752 2935 825 2978 cum
841 2927 955 2998 pauca
975 2916 1077 2998 aliis,
1102 2918 1167 2982 sibi
1186 2917 1295 2983 multa
1317 2918 1462 2984 tenebat.

394 3023 552 3106 Idemque
573 3024 851 3107 Agamemnonem
875 3024 924 3090 sic
946 3026 1128 3109 alloquitur
1146 3035 1178 3093 ⁴:

526 3140 558 3204 oi
580 3139 640 3218 uim
662 3140 708 3203 roi
727 3162 799 3203 aare
819 3134 879 3205 lesu
898 3138 958 3221 ἔχω
977 3140 1084 3222 γέρας,
1107 3136 1213 3208 larer'
1233 3141 1353 3224 Ἀχαιοί

526 3248 630 3328 Τρώων
651 3246 808 3329 lsrlpsuu'
830 3248 1008 3331 eduardusuou
1024 3250 1194 3333 morisim.

524 3356 619 3420 Nam
640 3376 743 3441 neque
764 3377 814 3422 me
834 3371 940 3422 tecum
957 3356 1108 3444 praedae
1120 3372 1206 3443 pars
1226 3378 1336 3443 aequa
1347 3372 1528 3443 sequetur,

526 3466 565 3532 Si
583 3466 745 3533 Danaum
768 3472 881 3535 uirtus
902 3468 1084 3535 Troianum
1105 3467 1271 3535 exciderit
1290 3470 1417 3535 urbem.

396 3598 496 3660 quare
518 3579 614 3644 etiam
637 3578 835 3662 publicitus:

524 3688 678 3756 Custodes
703 3690 781 3756 lecti
804 3690 955 3755 Phoenix
976 3704 1007 3755 er
1025 3690 1122 3756 dirus
1145 3690 1273 3775 Ulysses

524 3800 694 3867 Praedam
718 3802 938 3869 asservabant
950 3823 962 3867 :
986 3803 1050 3867 huc
1074 3800 1222 3887 undiqul
1243 3800 1347 3867 Troia
1367 3822 1462 3889 gaza

524 3912 669 3979 lacensis
693 3927 808 3999 erepta
830 3912 966 3997 adytis,
991 3932 1182 3998 mensaeque
1204 3911 1377 3994 Deorum,

525 4026 744 4109 Orateresque
764 4044 850 4087 auro
873 4022 995 4105 solidi,
1017 4028 1217 4110 captiuaque
1240 4028 1338 4091 uestis

526 4139 729 4223 Congeritur
750 4134 774 4199 ⁸.
848 4115 854 4126 ⁸

351 4302 413 4315 ——a-
418 4306 549 4315 m--n———u

384 4370 393 4403 ¹
411 4372 486 4420 Num.
511 4384 550 4429 3¹·
574 4382 626 4418 oss.
653 4382 693 4427 σγ.
720 4381 760 4425 31.
779 4378 804 4416 et
829 4380 871 4429 47.
889 4368 942 4430 Jos.
960 4368 984 4416 6.
1002 4382 1040 4417 vs.
1060 4380 1100 4427 27·
1118 4382 1143 4418 ct
1165 4384 1206 4419 oo.
1224 4382 1273 4419 vss.
1292 4382 1316 4429 7.
1335 4381 1359 4418 et
1377 4372 1400 4417 8.
1419 4371 1484 4417 Sam.
1507 4382 1528 4418 t.

351 4474 392 4518 ³0·
416 4475 453 4509 vs.
478 4472 633 4521 aa.etseq.
667 4457 740 4523 ²[ll.
765 4461 782 4506 l.
809 4472 829 4507 1.
847 4472 887 4507 vs.
908 4459 976 4520 ram]
1012 4458 1084 4521 ³[ll.
1102 4461 1119 4508 1.
1136 4474 1161 4521 9.
1178 4474 1217 4509 vs.
1236 4474 1293 4518 3³0·
1313 4460 1383 4521 squ]
1417 4458 1491 4522 ⁴[ll.
1510 4462 1528 4507 1.

355 4564 374 4599 ι.
392 4565 431 4599 vs.
452 4553 505 4609 163.
523 4552 574 4612 σῳ]
610 4549 708 4610 ‘virm
733 4553 797 4597 Aen.
823 4552 840 4597 l.
858 4564 882 4597 a.
901 4550 953 4610 [vs.
971 4550 1028 4607 762.
1047 4548 1115 4613 sqq.]
