3450 5434
771 609 968 650 CONSPECTUS
990 608 1107 650 oratus.

598 780 756 846 CAPUT
780 781 1013 849 DECIMUM
1043 780 1283 848 TERTIUM.

398 919 431 976 ln
459 936 518 991 quo
546 917 709 977 ostenditur
735 919 843 990 justum
869 936 928 976 esse
956 919 1063 978 beilum
1091 920 1224 994 justeque
1255 932 1365 996 partam
1396 917 1527 993 praedam

360 999 496 1056 Societati
518 1015 661 1056 excausa
683 999 801 1072 publica
822 1000 946 1071 patriae,

398 1103 482 1160 Parte
527 1103 550 1159 1.
571 1113 703 1175 respectu
728 1101 873 1159 Ordinum
894 1103 1060 1159 voluntaria
1082 1103 1247 1175 agentium,

397 1207 481 1264 Parte
509 1206 548 1263 ll.
569 1217 701 1280 respectu
725 1207 878 1264 Societatis
902 1203 1018 1263 Indicae
1040 1206 1172 1264 subditae
1194 1204 1372 1275 Ordinibus,

396 1310 481 1367 Parte
493 1310 546 1366 ΙΙΙ.
566 1321 616 1368 aut
636 1310 721 1367 etiam
742 1327 779 1367 ex
801 1326 884 1366 causa
905 1308 1024 1383 publica
1043 1309 1201 1366 sociorum.

647 1390 680 1447 ln
703 1405 764 1462 quo
785 1390 838 1447 ista
859 1389 1028 1446 inseruntur
1050 1388 1243 1446 Problemata.

417 1495 440 1550 I.
477 1493 654 1566 Respublica
672 1493 772 1566 ejusve
794 1491 920 1550 Ordines
941 1493 1027 1551 etiam
1052 1508 1121 1550 cum
1134 1490 1241 1548 habent
1253 1490 1438 1563 Principem,
1458 1489 1526 1546 belli

474 1584 568 1631 tamen
591 1573 710 1647 publice
730 1570 906 1647 suscipiendi
926 1571 1034 1629 habent
1056 1571 1277 1629 auctoritatem.

407 1677 445 1734 ΙΙ.
474 1677 554 1750 Justa
581 1677 649 1734 belli
680 1692 763 1735 causa
793 1677 823 1733 in
855 1675 1021 1748 Principem
1049 1686 1092 1733 est
1121 1673 1212 1732 tuitio
1234 1676 1329 1747 legum
1351 1673 1526 1746 patriarum,

475 1755 581 1830 quibus
603 1756 785 1828 Principatus
805 1754 1009 1827 adstringitur.

402 1859 455 1916 ΙΙΙ.
478 1859 590 1916 Bellum
611 1858 641 1915 in
664 1857 830 1931 Principem
852 1856 1045 1915 indictionem
1067 1873 1126 1914 non
1148 1854 1301 1914 desiderat.

401 1962 453 2020 IV.
475 1961 635 2020 Praesentis
657 1960 794 2034 temporis
820 1961 1004 2034 magistratui
1027 1975 1129 2035 parere
1150 1960 1220 2018 boni
1242 1960 1316 2017 civis
1337 1971 1390 2016 est.

406 2066 444 2122 V.
476 2066 556 2200 {ionla
585 2063 641 2122 lide
670 2065 742 2122 civis
771 2076 881 2138 pugnat
910 2076 1015 2121 contra
1046 2063 1211 2136 Principem
1242 2079 1295 2135 pro
1327 2061 1478 2138 republica
1499 2075 1528 2119 et

490 2161 534 2218 egr
557 2161 600 2202 us.

399 2249 452 2306 VI.
478 2249 590 2306 Bellum
622 2248 801 2321 reipublicae
834 2249 864 2304 in
898 2247 1081 2322 Principem,
1112 2247 1165 2319 qui
1194 2264 1261 2305 suus
1291 2246 1428 2319 Princeps
1458 2244 1532 2312 fuit,

479 2339 632 2385 externum
654 2339 706 2385 est.

397 2432 466 2489 Vll.
479 2432 605 2489 Societas
627 2431 695 2487 belli
719 2442 796 2487 recte
818 2428 966 2488 interdum
987 2446 1003 2486 a
1025 2429 1202 2486 Christianis
1225 2429 1316 2486 initur
1337 2445 1404 2486 curn
1430 2425 1531 2484 infide-

476 2510 552 2568 libus
572 2522 675 2567 contra
697 2509 880 2567 Christianos
902 2510 1114 2582 pugnantibus.

605 2635 760 2701 CAPUT
784 2634 1014 2701 DECIMUM
1037 2632 1291 2721 QUARTUM.

398 2775 465 2833 Pars
497 2776 520 2832 l.
563 2775 720 2833 Honestam
748 2789 807 2831 esse
836 2770 957 2847 praedae
988 2772 1075 2846 hujus
1095 2783 1262 2845 capturam:
1284 2772 1313 2828 in
1335 2785 1391 2841 qua
1411 2769 1466 2826 ista
1486 2769 1531 2826 in·

565 2867 701 2914 seruntur
724 2853 916 2911 Problemata.

495 2961 517 3017 1.
558 2959 671 3032 lustum
692 2973 777 3014 omne
799 2957 964 3014 honestum.

487 3063 525 3119 ll.
558 3063 687 3119 Honesta
708 3060 866 3132 praecipue
886 3058 964 3114 actio
986 3072 1040 3129 pro
1061 3057 1164 3124 sociis,
1185 3071 1241 3126 pro
1262 3055 1374 3128 patria,
1395 3051 1529 3110 adversus

556 3140 685 3196 homines
708 3135 944 3195 inemendabiles.

477 3243 530 3300 111.
563 3242 692 3299 Honesta
715 3239 869 3314 praecipue
890 3236 1041 3311 praedatio
1064 3253 1101 3293 ex
1124 3234 1191 3293 fine.

398 3347 465 3403 Pars
488 3347 539 3402 IV.
563 3345 720 3402 Honestam
742 3359 802 3400 esse
823 3339 946 3416 praedae
968 3340 1054 3413 hujus
1076 3339 1291 3412 possessionem.

610 3469 767 3535 CAPUT
791 3465 1020 3534 DECIMUM
1044 3461 1281 3551 QUINTUM.

399 3609 465 3664 Pars
499 3607 520 3664 Ι.
562 3607 672 3663 Utilem
701 3623 760 3662 esse
790 3603 912 3678 praedae
943 3604 1026 3675 hujus
1059 3614 1224 3676 capturam:
1247 3603 1275 3657 in
1299 3619 1355 3674 qua
1378 3602 1431 3657 ista
1454 3603 1529 3658 inse-

567 3697 672 3744 runtur
694 3685 887 3742 Problemata.

497 3790 519 3847 1.
561 3789 655 3847 Omne
674 3789 782 3862 justum
806 3787 887 3844 utile.

489 3894 526 3951 ll.
557 3893 651 3951 Omne
673 3894 824 3950 honestum
847 3891 931 3948 utile.

478 3999 531 4055 111.
561 3998 643 4055 Utile
694 3997 866 4070 praecipue,
909 3991 989 4066 quod
1037 3992 1125 4049 statui
1169 3989 1345 4064 reipublicae
1388 3989 1528 4046 convenit

479 4101 531 4159 lv.
559 4101 641 4159 Utile
662 4101 816 4174 praecipue
837 4097 973 4172 prodesse
994 4097 1089 4153 sociis.

485 4205 523 4262 V.
556 4205 637 4262 Utile
659 4206 814 4278 praecipue
836 4219 942 4260 nocere
963 4200 1105 4258 hostibus.

478 4307 531 4366 VI.
554 4309 636 4367 Utile
657 4308 738 4383 quod
760 4309 854 4366 facile.

400 4413 467 4470 Pars
490 4413 527 4469 ll.
553 4413 664 4470 Utilem
685 4430 744 4470 esse
766 4413 849 4484 htrjus
872 4409 994 4483 praedae
1015 4407 1230 4481 possessionem.
1253 4404 1403 4477 Epilogus.

858 4571 1046 4580 ——-———-
