3450 5434
350 609 412 685 318
656 623 702 668 na
726 623 819 687 June
843 623 1027 670 rannone.
1052 623 1215 669 cannito.

344 776 453 843 Nemo
488 793 594 846 autern
631 767 695 843 hoc
729 797 848 862 negare
883 792 1016 860 potest,
1060 797 1135 844 cum
1171 776 1326 859 Epicurei
1358 784 1366 816 ¹
1399 775 1520 859 etiam,

342 890 461 954 summi
484 891 729 960 commodorum
753 908 887 956 suorum
909 887 1121 969 defensores,
1146 888 1257 954 dicant
1276 895 1327 958 οὐκ
1346 886 1417 956 εἶναι
1438 891 1522 966 ἡδέως

341 1004 392 1086 ζῆν
413 1003 482 1070 ἄνευ
503 1011 554 1070 τοῦ
576 1011 673 1076 aanor
695 1004 745 1069 aa>
768 1004 881 1076 δικαίως
904 1003 974 1090 ζῆν,
999 1021 1062 1063 ooo
1080 999 1410 1085 possejuouudeoioi
1421 1045 1432 1078 ‚
1457 1003 1523 1063 nisi

343 1126 373 1176 et
406 1114 535 1176 honeste
567 1127 598 1176 et
621 1113 715 1196 juste
745 1116 896 1180 vivatur.
943 1112 1122 1195 Praecipue
1148 1127 1254 1178 autern
1278 1133 1353 1177 cum
1378 1113 1521 1177 honesto

343 1223 499 1308 conjungi
523 1239 607 1289 amat
629 1224 755 1289 utilitas
779 1223 856 1305 illa,
890 1243 973 1306 quae
995 1222 1178 1290 communis
1202 1238 1234 1288 et
1257 1223 1391 1306 publiea
1414 1238 1464 1289 est
1485 1221 1520 1302 ¹,

344 1357 440 1417 quam
462 1349 493 1400 et
509 1333 998 1420 jurisprudentes'plerumque
1017 1336 1209 1420 respiciunt.
1256 1335 1400 1400 Primum
1421 1335 1523 1420 igitur

345 1449 434 1513 sieut
466 1447 572 1513 omnis
601 1449 690 1532 justa
723 1447 900 1530 acquisitio
933 1448 1024 1516 utilis
1056 1463 1221 1514 esteten
1246 1466 1358 1512 eorum
1384 1466 1521 1531 genere,

344 1580 428 1641 quae
450 1559 647 1625 severissimi
668 1560 942 1643 philosophorum
963 1564 1132 1645 προηγμένα
1151 1574 1295 1640 vocant,
1320 1559 1415 1640 quasi
1434 1558 1522 1623 dicas

340 1676 558 1757 praeposita,
592 1672 668 1753 quia
702 1671 839 1737 divitiae
874 1673 1049 1737 multarum
1086 1691 1192 1737 rerum
1217 1685 1294 1735 sunt
1318 1670 1521 1748 effectrices,

346 1784 390 1849 ita
422 1799 454 1847 et
485 1783 625 1866 praeda,
660 1803 743 1865 quae
778 1783 855 1848 dum
886 1785 974 1868 justa
1003 1799 1035 1849 et
1058 1783 1194 1847 honesta
1227 1782 1292 1862 sit,
1328 1779 1521 1863 neutiquam

345 1896 524 1978 spernenda
548 1911 619 1977 est,

474 2013 506 2076 οὐ
529 2012 588 2090 γὰρ
610 2011 761 2089 ἀπόβλητ’
783 2010 846 2074 ἐστὶ
870 2012 936 2074 θεῶν
957 2010 1083 2089 ἐρικυδέα
1105 2011 1177 2089 δῶρα
1199 2011 1221 2070 ⁴.

476 2118 569 2181 Nam
594 2139 651 2182 nec
675 2117 883 2203 despicienda
908 2116 1017 2182 Deum
1041 2131 1118 2181 sunt
1142 2116 1264 2180 inclita
1289 2115 1386 2182 dona.

388 2229 601 2295 Ostendimus
622 2236 632 2268 ⁵
654 2227 739 2294 enim
771 2228 880 2293 Deum
913 2229 997 2294 inter
1024 2243 1172 2308 caetera,
1198 2247 1282 2309 quae
1305 2226 1369 2310 piis
1393 2225 1522 2292 confert

346 2340 505 2406 beneficia
528 2356 559 2405 et
582 2343 645 2406 hoc
668 2361 848 2406 numerare.
898 2340 1003 2408 Utilis
1027 2357 1075 2407 est
1098 2338 1200 2424 igitur
1222 2341 1276 2405 vel
1299 2340 1359 2404 hac
1383 2337 1521 2404 maxime

346 2454 386 2520 de
417 2472 538 2535 causa,
573 2453 664 2534 quod
696 2453 749 2520 isti
782 2454 840 2535 qui
873 2453 918 2518 sic
944 2455 1080 2519 honeste
1105 2453 1348 2534 locupletantur
1371 2451 1522 2542 pluribus

346 2564 441 2630 etiam
474 2565 628 2647 prodesse
660 2580 823 2647 possunt,
857 2581 890 2631 et
923 2565 1001 2646 quia
1032 2563 1233 2646 reipublicae
1266 2563 1401 2628 interest
1434 2563 1523 2628 cives

347 2676 466 2744 habere
486 2655 672 2760 opulentos.
699 2675 788 2742 Tum
808 2692 970 2759 quatenus
990 2696 1063 2759 pars
1084 2675 1220 2760 praedae
1238 2676 1278 2741 ad
1290 2675 1521 2757 rempublicam

346 2788 497 2872 pervenit
520 2789 614 2854 nullo
638 2788 708 2873 ejus
732 2804 868 2870 sumtu,
893 2787 1105 2855 utilissimum
1131 2790 1194 2853 hoc
1218 2803 1266 2852 est
1289 2786 1360 2854 istis
1384 2787 1523 2852 maxime

347 2901 460 2965 aerarii
484 2900 575 2982 quod
598 2915 662 2965 tam
686 2899 778 2985 gravi
798 2902 886 2966 bello
906 2900 1057 2966 atteritur
1076 2899 1334 2966 difficultatibus.
1382 2897 1523 2964 Romani

347 3012 506 3095 plurimos
536 3033 594 3095 per
626 3031 727 3078 annos
759 3012 798 3076 ad
830 3011 1006 3079 continuos
1031 3014 1193 3078 bellorum
1216 3031 1295 3078 usus
1318 3012 1422 3077 coacti
1446 3025 1525 3076 sunt

347 3124 471 3189 tributa
504 3123 677 3204 conferre,
710 3125 801 3206 quod
830 3124 889 3190 etsi
915 3125 1114 3192 diuturnitas
1137 3124 1206 3207 ipsa
1230 3143 1327 3208 grave
1350 3122 1524 3202 effecerat,

347 3252 453 3302 tamen
484 3237 680 3304 necessitate
711 3238 921 3303 tolerabatur.
970 3238 1034 3302 Sed
1063 3237 1152 3302 victa
1176 3235 1373 3301 Macedonia
1396 3249 1523 3299 tantum

347 3367 386 3413 en
419 3350 538 3430 praeda
569 3349 602 3414 in
635 3348 791 3414 aerarium
825 3352 963 3416 relatum
996 3363 1067 3430 est,
1096 3363 1134 3413 ut
1158 3368 1199 3412 ex
1224 3368 1262 3412 eo
1286 3347 1375 3412 cives
1399 3344 1526 3412 fuerint

346 3461 531 3541 immunes,
565 3480 624 3524 nec
656 3461 696 3524 ad
729 3461 923 3527 collationes
956 3463 1039 3528 ullas
1071 3475 1186 3543 postea
1220 3473 1427 3525 vocarentur.
1476 3457 1525 3522 Ita

347 3593 431 3654 quae
461 3586 572 3637 secuta
600 3586 678 3638 sunt
702 3573 786 3638 bella
810 3572 1010 3639 devictarnm
1037 3569 1181 3657 gentium
1207 3571 1361 3654 impensis
1385 3568 1524 3635 admini-

347 3699 444 3750 strata
477 3697 563 3750 sunt.
610 3683 684 3769 Ego
718 3685 801 3766 quid
832 3685 974 3750 Batavis·
997 3685 1029 3749 in
1062 3699 1229 3767 posterum
1260 3683 1454 3768 sperandum
1480 3681 1523 3747 sit

346 3817 412 3864 non
432 3797 632 3881 praejudico,
657 3797 745 3863 Illud
763 3817 876 3863 ornnes
896 3795 1113 3877 fatebuntur,
1137 3810 1300 3878 quatenus
1320 3794 1390 3862 fieri
1411 3796 1525 3878 potest

347 3910 463 3975 utilius
485 3909 607 3974 aerario
632 3929 671 3974 ex
694 3909 838 3975 hostium
867 3929 962 3991 quam
989 3909 1110 3974 civium
1136 3907 1352 3974 facultatibus
1365 3907 1524 3974 succurri.

201 4041 323 4140 worm
348 4021 481 4106 Optime
513 4021 702 4104 philosophi
721 4019 733 4054 ⁸
754 4022 800 4153 ina
818 4020 912 4087 utilis
935 4021 1187 4103 pertractatione
1211 4019 1383 4104 praecipue
1406 4019 1526 4084 docent

383 4223 389 4254 ¹
408 4223 434 4270 in
453 4223 562 4284 epistola
581 4223 662 4270 Cassii
681 4224 711 4271 ad
730 4222 815 4269 Cicer.
834 4221 920 4270 Famil.
940 4223 984 4269 lib.
1007 4234 1045 4276 15.
1065 4221 1140 4281 epist.
1161 4234 1199 4282 19.
1234 4218 1245 4252 ²
1263 4220 1341 4268 Arist.
1358 4221 1434 4267 Rhet.
1445 4219 1491 4266 lib.
1503 4233 1523 4267 r.

349 4329 371 4363 c.
388 4315 411 4362 ό.
430 4326 455 4362 et
473 4329 498 4374 9.
519 4311 556 4376 [p.
578 4313 649 4370 1362.
666 4312 691 4359 b.
710 4326 748 4360 vs.
768 4315 807 4360 αθ.
826 4325 851 4360 et
870 4327 895 4373 p.
917 4313 990 4370 1366.
1009 4311 1032 4359 b.
1052 4325 1090 4361 vs.
1109 4310 1145 4374 s.]
1181 4309 1191 4342 ³
1210 4314 1227 4358 l.
1246 4325 1268 4360 a.
1287 4313 1318 4360 de
1334 4322 1417 4358 const.
1441 4310 1525 4356 Ptine.

348 4404 393 4468 [1).
411 4419 432 4454 1.
447 4404 486 4469 4.]
521 4404 683 4452 ⁴H0meras.
702 4406 731 4451 ll.
749 4403 794 4454 lib.
811 4416 834 4460 3.
854 4417 892 4453 vs.
912 4404 952 4458 65.
988 4403 1041 4452 ⁵in
1062 4401 1243 4463 finecap.14.
1277 4401 1525 4450 ⁸Arist.llhet.llb.

351 4512 371 4545 r.
391 4511 414 4544 c.
433 4500 456 4544 8.
476 4497 515 4557 [p.
536 4497 608 4553 1³6⁵·
628 4496 653 4543 b.
668 4509 707 4544 vs.
724 4495 779 4557 aa]
