3450 5434
490 654 538 701 DE
560 656 655 721 June
680 654 864 702 PRAEDAE.
894 656 974 702 CAP.
999 654 1063 701 ΧΠ.
1301 653 1361 718 253

185 811 238 878 vis
260 811 373 895 potius
396 812 539 894 populos
563 826 744 896 congruat,
759 830 856 893 quam
881 812 914 876 in
936 830 992 877 eos
1015 810 1048 875 in
1074 830 1158 892 quos
1181 810 1360 877 dicebatur.

185 924 265 989 Non
293 923 378 987 enim
401 921 556 1005 piraticae
586 923 643 989 sed
670 938 869 989 mercaturae
889 922 1162 990 studiosissimam
1183 924 1267 988 hanc
1293 940 1363 989 esse

186 1050 340 1120 gentem,
373 1034 493 1101 deinde
525 1035 662 1100 alienam
695 1036 735 1100 ab
765 1035 856 1100 omni
890 1035 1090 1117 rapacitate,
1123 1034 1156 1100 in
1188 1054 1307 1101 venere
1332 1049 1364 1100 et

186 1147 276 1212 omni
306 1147 374 1213 vita
397 1166 473 1229 prae
503 1147 638 1212 caeteris
658 1148 881 1229 moderatam,
905 1151 1012 1233 legum
1038 1167 1116 1213 vero
1142 1162 1175 1213 et
1196 1147 1366 1231 magistra·

185 1274 280 1325 tuum
305 1274 338 1324 et
361 1277 525 1324 sacrorum
548 1260 724 1342 praecipue
747 1260 1064 1337 reverentissimam,
1089 1279 1129 1323 ne
1162 1279 1274 1325 omnes
1296 1260 1363 1327 his-

186 1371 288 1437 torias
311 1373 523 1451 evolvamus,
541 1370 703 1454 peregrini
725 1371 784 1453 qui
806 1393 857 1438 res
880 1372 1026 1455 Belgicas
1047 1374 1147 1455 paulo
1172 1372 1364 1457 diligentius

187 1482 455 1565 introspexerunt
490 1496 590 1547 testes
631 1497 710 1548 sunt
751 1483 1002 1565 locupletissimi
1027 1487 1047 1549 ¹.
1105 1483 1230 1549 Merito
1263 1484 1364 1567 igitur

190 1595 225 1660 in
249 1596 338 1659 hunc
361 1594 494 1659 modum
516 1593 657 1659 traducti
675 1592 793 1659 famam
814 1615 906 1660 suam
927 1610 1245 1680 purgarunt,utque
1266 1595 1366 1661 Indos

141 1713 145 1722 '
193 1706 282 1772 omni
314 1704 502 1788 suspicione
533 1704 731 1786 liberarent,
766 1726 798 1769 re
829 1707 900 1789 ipsa
932 1707 1198 1774 demonstrarunt
1230 1707 1365 1789 quinam

191 1833 323 1898 essent,
356 1818 389 1882 in
425 1838 510 1899 quos
544 1836 630 1883 arma
665 1818 822 1883 Hollandi
857 1820 1023 1885 haberent.
1069 1819 1155 1884 Nam
1187 1819 1279 1900 quod
1305 1836 1365 1901 pro

189 1931 289 1995 rebus
311 1928 446 1994 caeteris
463 1928 687 2010 permittitur,
712 1930 770 2012 qui
793 1930 903 1997 minus
924 1952 984 2027 pro
1005 1930 1087 1996 fama
1105 1930 1228 1995 liceat?
1255 1930 1366 1995 Armis
1378 1940 1484 2055 εἴξειε
1504 1956 1525 2042 :-

191 2060 260 2106 earn
283 2040 410 2105 scilicet
432 2040 590 2124 integram
620 2060 773 2124 servare,
797 2044 917 2108 laesam
940 2043 1185 2127 redintegrare,
1211 2043 1303 2125 quod
1327 2041 1390 2107 fit.
1482 2028 1489 2042 ’
1518 2027 1524 2042 ’

192 2172 267 2218 cum
302 2153 330 2218 is
365 2153 423 2233 qui
457 2152 682 2218 innocentium
716 2153 989 2221 existimationem
1029 2175 1094 2223 non
1123 2156 1212 2239 juste
1247 2153 1364 2236 laesit,

191 2264 334 2331 eamdem
364 2264 437 2348 jure
468 2264 579 2330 victus
609 2264 767 2331 dedecore
796 2286 857 2332 suo
883 2268 991 2349 expiat
1014 2268 1035 2333 ².
1078 2267 1200 2349 Neque
1222 2267 1358 2333 dubium

192 2392 241 2442 est
273 2376 353 2458 quin
387 2377 428 2442 ad
454 2378 639 2458 exemplum
660 2375 745 2443 furis
768 2379 932 2445 detractor
954 2380 995 2445 ad
1015 2380 1258 2446 restitutionem
1282 2378 1365 2445 obli·
1380 2390 1420 2434 Ex
1436 2392 1485 2450 tage
1503 2398 1525 2437 ⁶·

192 2502 310 2573 getur,
344 2508 429 2570 quae
460 2487 603 2553 sialiter
625 2490 739 2555 haberi
762 2492 933 2556 commode
956 2511 1022 2556 non
1047 2505 1180 2574 potest,
1206 2491 1238 2556 in
1262 2492 1366 2557 mulc-

193 2615 242 2667 tas
265 2599 361 2666 etiam
382 2599 584 2683 pecuniarias
602 2602 816 2668 convertitur.
842 2603 961 2684 Neque
980 2618 1109 2669 tantum
1131 2602 1292 2685 civiliter,
1310 2605 1367 2669 sed
1380 2616 1420 2661 Ex
1434 2626 1484 2678 tege
1504 2631 1526 2674 s.

192 2712 289 2776 etianr
311 2712 521 2777 criminaliter
543 2713 587 2777 ob
611 2713 746 2798 injurias
769 2713 819 2799 agi
844 2728 955 2796 potest
972 2713 1007 2795 ³,
1032 2734 1098 2796 quo
1121 2714 1251 2781 nomine
1276 2714 1366 2781 Tur-

190 2823 306 2907 piliani
342 2825 621 2891 senatusconsulti
650 2845 756 2908 poena
783 2826 817 2891 in
840 2826 1090 2892 calumniatores
1120 2826 1249 2909 prodita
1273 2843 1323 2893 est
1343 2835 1365 2895 ⁴.

189 2935 311 3001 Iisdem
342 2936 445 3028 igitur
476 2938 517 3003 de
549 2938 656 3003 causis
689 2958 773 3004 arma
804 2953 892 3005 recte
924 2938 1173 3023 suscipiuntur:
1207 2953 1245 3004 ut
1277 2941 1364 3021 apud

191 3058 320 3131 potitam
341 3051 373 3111 ⁸:

718 3162 787 3226 Pro
807 3164 950 3251 Jupiter
972 3163 1036 3228 ibit

326 3272 415 3353 Hic,
438 3277 513 3354 ait,
537 3287 568 3338 et
593 3278 715 3339 nostris
736 3274 885 3339 illuserit
909 3274 1039 3343 advena
1062 3279 1206 3364 regnis?

326 3385 405 3449 Non
429 3406 528 3449 arma
552 3384 725 3470 expedient
748 3399 885 3471 totaque
908 3410 948 3451 ex
970 3388 1051 3453 urbe
1074 3403 1279 3475 sequentur,

324 3496 569 3583 Deripientque
593 3511 683 3561 rates
706 3498 771 3562 atti
794 3498 1003 3566 natalibus?
1029 3504 1099 3582 ite,

325 3607 425 3673 Ferte
448 3612 510 3673 citi
525 3609 704 3695 flammas,
728 3607 806 3674 date
828 3609 927 3691 vela,
951 3611 1114 3697 impellite
1135 3633 1251 3679 remos.

238 3718 331 3806 Quin
362 3720 458 3785 etiarn
488 3740 545 3786 eos
568 3719 627 3803 qui
650 3720 684 3787 in
710 3720 797 3786 bello
820 3723 946 3787 hostem
971 3722 1187 3790 amarioribus
1211 3724 1366 3791 convitiis

198 3885 391 3897 ———

229 3980 237 4012 ¹
255 3982 286 4028 V.
305 3983 473 4032 Chassaneum
492 3984 524 4032 ad
542 3995 624 4034 const.
642 3985 716 4045 Burg.
734 3984 760 4033 in
778 3984 859 4045 praef.
878 3986 910 4033 ad
927 3986 1034 4033 verbum
1055 3984 1224 4046 Hollandite‚
1235 3997 1259 4033 et
1279 3985 1369 4034 Guicc.

193 4072 226 4119 de
243 4074 320 4121 rebus
337 4074 464 4136 Belgicis,
482 4074 509 4122 in
527 4088 549 4123 c.
568 4077 600 4124 de
617 4075 732 4125 moribus
750 4087 775 4124 et
801 4076 1031 4125 consuetudinibus
1050 4087 1075 4124 et
1093 4076 1120 4124 in
1138 4089 1161 4125 c.
1180 4077 1212 4125 de
1230 4076 1369 4126 Hollandia

194 4176 220 4210 et
239 4163 265 4211 in
282 4177 306 4213 c.
324 4166 356 4213 de
374 4166 505 4225 regimine.
539 4163 617 4215 ’nd
640 4169 706 4216 adl.
724 4168 814 4216 furem.
833 4167 858 4215 n.
878 4170 909 4217 ad
927 4170 944 4217 l.
963 4168 1090 4216 Cornde
1109 4168 1155 4215 sic.
1174 4177 1198 4215 et
1217 4168 1284 4215 adl.
1306 4180 1327 4215 1.
1345 4168 1371 4215 tf.

194 4257 227 4303 de
249 4257 350 4317 poenis.
373 4256 417 4321 [D.
441 4261 482 4318 48.
507 4261 530 4305 8.
556 4273 580 4321 9.
607 4271 632 4307 et
655 4260 687 4306 D.
712 4262 754 4321 48.
775 4258 825 4323 19·]
844 4261 914 4309 Vict.
933 4261 964 4309 de
982 4258 1039 4316 jure
1057 4259 1120 4308 belli
1138 4273 1164 4307 n.
1182 4272 1206 4320 4.
1225 4260 1284 4308 Pan.
1302 4258 1328 4306 in
1348 4272 1371 4307 c.

194 4347 257 4394 olim
276 4349 307 4396 de
325 4360 385 4397 rest.
402 4351 469 4409 spol.
486 4363 512 4397 n.
534 4363 572 4408 ¹7·
592 4351 732 4412 [Decretal.
752 4365 775 4399 2.
796 4364 835 4409 1³.
855 4350 906 4415 aa]
944 4350 1033 4401 ’lnst
1052 4354 1084 4401 de
1102 4350 1178 4409 injur.
1198 4354 1220 4409 ς.
1232 4350 1371 4399 insumma.

195 4436 229 4502 [1.
248 4451 274 4499 4.
292 4452 317 4499 4.
335 4443 357 4498 5.
377 4438 429 4503 ro.]
465 4438 476 4471 ⁴
494 4440 551 4500 Dig.
568 4443 601 4489 ad
618 4445 641 4491 s.
659 4443 689 4490 C.
706 4443 787 4504 Turp.
805 4455 862 4492 toto
880 4444 920 4492 tit.
942 4441 985 4507 [D.
1003 4446 1045 4505 48.
1066 4443 1117 4505 16.]
1153 4441 1163 4473 ⁵
1183 4442 1286 4503 [Virgil.
1304 4444 1371 4492 Aen.

195 4532 212 4577 l.
231 4543 255 4590 4
274 4544 312 4579 vs.
330 4530 401 4595 ⁵90·]
