3450 5434
340 623 400 670 122
635 623 682 669 DE
705 622 799 688 JURE
825 623 1011 671 Pnnnnnn.
1036 624 1116 671 CAP.
1141 622 1222 669 vul.

336 774 479 840 diximus
512 776 548 841 in
576 774 718 841 externis
750 778 910 845 duntaxat
930 777 1045 855 bellis,
1078 793 1145 841 non
1169 775 1263 840 etiam
1293 773 1325 839 in
1355 768 1510 838 civilibus

336 887 444 951 locum
466 888 563 953 habet
585 889 605 954 ¹.
648 889 690 952 In
711 888 853 955 externis
884 888 984 970 igitur
1016 886 1174 969 capiendo
1206 882 1413 966 acquiritur,
1448 882 1510 945 hoc

338 1011 387 1061 est
410 1018 450 1063 ex
472 1016 636 1064 consensu
657 999 715 1065 illo
739 1000 909 1065 nationum
933 997 1131 1075 universali,
1156 996 1329 1062 accedente
1352 989 1510 1076 possessi-

336 1125 399 1170 one
430 1125 497 1171 non
527 1108 659 1189 quidem
688 1110 862 1195 ambigua,
886 1108 944 1175 sed
965 1123 1035 1174 tuta
1058 1106 1301 1190 quodammodo
1327 1118 1361 1168 et
1381 1120 1507 1169 secura.

336 1216 409 1281 Nec
432 1216 517 1281 enim
540 1218 632 1300 prius
647 1220 827 1287 dominium
851 1220 997 1285 amittere
1016 1222 1027 1259 ²
1050 1218 1224 1299 videmur,
1247 1235 1344 1298 quam
1368 1233 1443 1281 cum
1462 1211 1509 1277 rei

335 1328 519 1409 persecutio
537 1328 624 1411 cepit
653 1348 724 1395 esse
750 1329 914 1412 difficilis,
950 1330 995 1394 ita
1022 1343 1060 1393 ut
1082 1348 1149 1394 non
1172 1326 1267 1393 facile
1288 1338 1436 1409 speretur
1460 1342 1509 1387 re·

335 1437 399 1520 cipi
422 1458 528 1521 posse.
573 1440 611 1504 Id
634 1454 741 1506 autem
765 1441 798 1506 in
817 1442 890 1527 jure
913 1439 1044 1506 militari
1065 1439 1252 1523 contingere
1275 1452 1354 1503 tunc
1389 1432 1510 1499 intelli·

335 1546 443 1631 gitur,
464 1569 538 1613 cum
559 1570 611 1615 res
641 1550 725 1616 intra
742 1550 902 1634 praesidia
926 1550 1073 1632 finesque
1100 1548 1244 1615 hostium
1268 1546 1425 1632 perducta
1446 1559 1507 1610 est.

335 1657 404 1721 Alii
428 1657 440 1692 ³
461 1660 525 1724 hoc
548 1678 613 1725 non
638 1663 711 1726 loco
732 1662 789 1727 sed
810 1674 957 1744 tempore
980 1659 1200 1726 definiendum
1219 1670 1440 1741 putaverunt,
1471 1668 1509 1719 ut

336 1768 461 1834 scilicet
482 1767 601 1853 viginti
623 1785 656 1835 et
676 1785 817 1853 quatuor
838 1772 992 1837 horarum
1015 1770 1121 1854 spatio
1144 1768 1324 1835 dominium
1347 1766 1510 1832 amittere·

335 1891 414 1958 tur,
446 1878 505 1961 qui
528 1879 598 1944 dies
621 1895 671 1945 est
693 1880 821 1948 civilis:
845 1881 953 1947 minus
978 1880 1109 1963 quidem
1138 1895 1247 1960 recte,
1281 1893 1320 1946 ut
1342 1897 1402 1962 ego
1425 1874 1510 1941 arbi-

335 2003 426 2070 tror,
458 1990 521 2056 nisi
551 1990 642 2071 quod
679 1990 713 2056 in
740 1992 820 2057 mari
843 1991 947 2075 captis
968 1992 1108 2059 navibus
1130 1993 1193 2057 hoc
1224 1990 1331 2073 ipsum
1352 2006 1419 2055 non
1439 1986 1508 2052 sine

334 2097 460 2164 ratione
490 2114 656 2182 receptum
690 2100 832 2168 videtur.
887 2102 967 2187 Jure
1002 2102 1102 2187 igitur
1136 2101 1280 2186 gentium
1301 2098 1336 2182 ⁴,
1361 2117 1426 2163 non
1451 2095 1508 2162 illo

335 2210 489 2283 naturali,
503 2211 562 2276 sed
582 2209 728 2293 positivo
752 2226 785 2278 et
807 2212 901 2294 quasi
922 2213 961 2278 de
981 2228 1077 2296 pacto
1100 2214 1213 2279 saltem
1237 2211 1319 2277 inter
1334 2210 1510 2291 plerosque

177 2342 263 2389 coron.
273 2340 323 2387 111.
334 2322 477 2404 populos
510 2320 615 2405 init0‚
641 2322 743 2406 justa
774 2343 889 2431 rorum
922 2322 1003 2388 bollo
1018 2322 1151 2409 publico
1172 2334 1308 2387 externo
1330 2331 1510 2405 captarum

336 2434 513 2516 acquisitio
536 2446 683 2519 utraque
700 2447 859 2519 exparte
880 2447 1029 2520 respectu
1047 2432 1253 2499 subditorum
1273 2430 1397 2511 datur,
1409 2428 1511 2512 jussu

337 2541 462 2607 scilicet
479 2541 721 2628 praecedente,
745 2548 801 2609 cui
823 2548 916 2610 ratio
934 2543 1121 2630 probabilis
1144 2564 1208 2607 non
1230 2553 1389 2628 repugnet
1411 2540 1436 2603 ⁸.

775 2727 978 2793 CAPUT
1012 2728 1073 2793 IX.

774 2932 820 2978 DE
843 2931 932 2977 FINE
958 2930 1080 2977 BELLI.

781 3066 963 3130 Qunnsnto
985 3066 1067 3114 vm.

404 3202 495 3247 ΛΚΤ.
518 3202 544 3247 1.
581 3182 673 3268 Quls
691 3200 750 3247 slT
770 3201 908 3266 JUSTUS
932 3201 1041 3268 BELLJ
1067 3202 1161 3248 nlnls
1178 3202 1444 3249 VOLUNTARIIS.

403 3335 494 3383 ΛΚΤ.
519 3336 558 3384 11.
581 3318 673 3404 QUIS
698 3336 756 3383 SIT
778 3336 916 3403 JUSTUS
941 3336 1050 3383 BELLI
1075 3336 1170 3383 1³1le
1194 3337 1370 3385 SUBDITIS.

858 3506 1004 3515 ———·

378 3620 533 3706 Justitiae
544 3619 701 3687 fruendae
712 3641 810 3689 causa
820 3624 906 3689 bella
924 3642 941 3689 a
957 3622 1022 3706 piis
1043 3637 1217 3707 geruntur:
1242 3641 1350 3705 quae,
1364 3636 1401 3687 ut
1422 3642 1513 3708 egre-

338 3733 389 3819 gie
411 3732 511 3798 Polus
532 3731 939 3817 Lucanus⁸philosophus
949 3732 1153 3816 explicabat,
1177 3733 1286 3799 eadem
1305 3732 1340 3799 in
1355 3733 1513 3800 societate

317 4034 320 4039 Ι
373 3964 461 4017 ¹1.st
486 3969 588 4029 quint.
611 3968 639 4018 in
661 3970 736 4018 civil.
753 3969 779 4018 ff.
796 3972 828 4018 de
845 3981 914 4030 capt.
933 3968 977 4030 [D.
994 3982 1036 4031 49.
1057 3980 1096 4024 15·
1115 3980 1155 4017 ιι.
1172 3970 1193 4026 ς.
1214 3967 1249 4032 ι.]
1284 3966 1330 4017 ¹1.
1347 3968 1514 4030 Pomponius.

336 4059 364 4108 ff.
382 4058 441 4107 snm.
465 4058 556 4107 ercisc.
583 4059 626 4120 [D.
653 4074 692 4108 ιο.
717 4074 740 4108 o.
765 4058 801 4123 8.]
830 4062 848 4108 1.
863 4060 1029 4121 Pomponius.
1046 4060 1073 4107 ff.
1090 4060 1123 4107 dc
1139 4072 1195 4119 neq.
1213 4072 1262 4108 rer.
1279 4060 1348 4108 dom.
1368 4060 1412 4121 [D.
1429 4073 1472 4120 4¹·
1493 4072 1514 4109 ι.

336 4147 391 4213 44]
410 4151 428 4197 l.
446 4151 593 4198 naturalem.
611 4152 633 4207 5.
650 4162 764 4199 examen.
789 4164 820 4198 eo
845 4152 885 4199 tit.
914 4148 957 4214 [D.
981 4163 1023 4212 41·
1052 4164 1072 4198 1.
1098 4161 1121 4205 5.
1139 4152 1160 4208 ς.
1178 4148 1214 4213 4.]
1234 4152 1252 4197 t.
1269 4150 1431 4210 postliminii.
1448 4152 1470 4207 5.
1491 4163 1512 4199 ι.

336 4238 363 4287 ff.
387 4241 419 4289 de
442 4251 507 4299 capt.
534 4238 578 4302 [D.
601 4253 643 4301 49.
669 4252 707 4296 15·
732 4252 755 4297 5.
779 4244 801 4299 ς.
828 4239 861 4303 ι.]
898 4239 977 4301 ⁸nrg.
1002 4242 1020 4288 1.
1041 4252 1064 4298 5.
1083 4243 1106 4298 5.
1125 4253 1182 4288 eum
1201 4239 1285 4301 igitur.
1304 4240 1380 4288 ffide
1397 4240 1425 4289 vi
1443 4250 1469 4288 et
1487 4240 1513 4289 vi

336 4342 398 4378 ιιιιιι.
410 4330 456 4392 [D.
472 4342 514 4391 43.
535 4330 572 4378 ιό.
591 4342 615 4387 5.
632 4333 654 4389 5.
672 4330 708 4392 9.]
727 4332 804 4379 Duar.
820 4332 853 4379 ad
871 4334 887 4379 Ι.
908 4344 931 4381 ι.
950 4333 982 4380 de
1000 4343 1057 4392 acq.
1075 4343 1146 4391 poss.
1165 4330 1209 4391 [D.
1226 4344 1266 4392 41.
1287 4329 1323 4391 ι.]
1351 4330 1362 4362 ⁴
1379 4330 1405 4378 in
1424 4331 1514 4379 Const.

337 4420 402 4467 Gall.
420 4422 437 4467 1.
455 4433 497 4468 oo.
514 4421 553 4468 tit.
576 4433 613 4478 1³·
631 4433 677 4469 nrt.
695 4434 737 4482 24.
771 4421 877 4481 ⁸Vasq.
896 4423 913 4470 l.
934 4435 955 4470 ι.
973 4435 996 4470 c.
1014 4435 1039 4484 9.
1056 4434 1083 4473 n.
1103 4432 1142 4478 17.
1160 4422 1190 4469 Et
1210 4422 1317 4469 Covnrr.
1334 4422 1366 4469 nd
1383 4434 1435 4481 reg.
1449 4434 1514 4481 pec·

337 4520 420 4558 catum
438 4524 464 4570 p.
484 4524 506 4559 2.
524 4514 545 4567 ξ.
568 4524 606 4560 ιι.
623 4512 693 4561 Hinc
707 4512 798 4562 mirum
815 4524 862 4561 est.
896 4511 963 4573 inp.
982 4512 1052 4560 stob.
1073 4510 1161 4575 [floril.
1179 4513 1196 4560 l.
1214 4524 1238 4573 9.
1256 4524 1280 4559 n.
1301 4508 1355 4572 54.]
