3450 5434
366 783 520 849 omnibus
545 780 718 848 inferiores
739 781 874 860 Batavi,
899 794 1123 863 praeterquam
1142 780 1250 848 animo
1270 796 1303 847 et
1322 802 1421 849 causa
1440 800 1542 851 erant.
1601 806 1606 816 ·

367 896 416 960 At
438 914 512 960 cum
535 896 629 961 velut
650 907 726 959 ante
748 894 863 960 oculos
886 893 1116 959 obversaretur
1136 892 1275 961 foeditas
1294 892 1410 980 fitgae,
1435 896 1545 980 gentis

369 1006 568 1090 ignominia,
602 1020 635 1073 et
667 1004 784 1071 amissa
815 1004 849 1069 in
881 1020 1047 1087 posterum
1083 1002 1306 1089 negotiatione
1329 1005 1443 1072 Indica
1465 1026 1545 1073 sure

369 1116 491 1198 cuique
511 1116 630 1182 domus
642 1116 803 1197 exitium,
826 1114 948 1182 fretum
961 1114 1110 1198 pervecti
1122 1114 1381 1198 inconspectum
1393 1117 1543 1183 bostium

368 1228 574 1312 prodierunt.
628 1227 682 1293 Illi
712 1224 874 1308 fremere,
906 1225 1093 1310 indignari,
1123 1225 1275 1309 expedire
1303 1228 1478 1295 classicum
1512 1242 1545 1294 et

368 1339 446 1406 belli
466 1338 606 1420 vexilla,
630 1338 898 1421 circumstrepere
916 1337 1107 1418 tormentis,
1131 1352 1164 1403 et
1182 1352 1220 1403 ut
1239 1357 1406 1420 quamque
1424 1358 1542 1406 navem

368 1464 591 1533 accesserant,
604 1450 762 1516 continuo
786 1449 986 1529 inclamare,
999 1462 1037 1514 ut
1059 1446 1209 1514 demissis
1229 1446 1313 1514 velis
1340 1447 1543 1515 deditionem

367 1560 557 1629 faterentur.
580 1564 629 1629 At
646 1562 759 1628 Batavi
778 1560 867 1627 haud
886 1560 931 1627 ita
950 1559 983 1625 in
1003 1558 1107 1641 patria
1126 1558 1252 1641 edocti,
1277 1578 1344 1641 quo
1363 1560 1543 1626 verborum

368 1672 575 1740 insolentiam
617 1671 712 1739 factis
754 1684 1019 1754 compescerent,
1061 1672 1149 1736 ultro
1189 1684 1308 1737 ventos
1342 1672 1541 1754 captabant,
1699 1752 1700 1761 ἵ

369 1784 493 1866 quibus
516 1784 549 1849 in
572 1786 700 1852 bostem
731 1782 821 1849 vecti
844 1784 984 1847 telorum
1006 1782 1098 1865 jactu
1120 1799 1155 1847 se
1177 1780 1398 1847 vindicabant.
1445 1782 1544 1849 Favit
1699 1764 1700 1839 i

367 1894 484 1962 virtuti
497 1894 644 1975 fortuna,
656 1913 852 1976 quamquam
866 1893 951 1958 inter
970 1892 1094 1975 primos
1114 1906 1253 1959 conatus
1273 1891 1398 1976 ingenti
1416 1908 1543 1959 terrore
1699 1900 1700 1917 ¹

368 2006 517 2072 machina
549 2025 614 2072 una
645 2005 841 2071 Batavorum
875 2004 1061 2071 dissilierat.
1107 2002 1174 2069 Sed
1207 2018 1352 2070 resumto
1374 2003 1486 2070 animo
1510 2019 1542 2070 et

367 2116 541 2181 certamine
572 2130 668 2198 capta
700 2115 936 2183 Lusitanorum
967 2112 1062 2179 navis
1095 2132 1180 2196 una,
1204 2128 1298 2198 capta
1319 2114 1396 2180 item
1419 2116 1539 2181 altera:

367 2228 477 2310 plures
497 2226 543 2291 ita
564 2224 748 2308 perfossae,
771 2240 809 2291 ut
830 2243 906 2290 cum
939 2224 1014 2291 usui
1047 2224 1188 2307 amplius
1220 2244 1290 2293 esse
1313 2244 1380 2291 non
1404 2244 1542 2310 possent

358 2324 507 2404 ¹nudatae
542 2336 733 2404 vectoribus
765 2349 1001 2421 mergerentur.
1048 2334 1175 2401 Domiti
1210 2336 1319 2403 statim
1353 2338 1414 2403 hac
1448 2338 1540 2405 clade

367 2448 544 2530 Lusitani,
577 2448 669 2530 quod
699 2446 764 2513 fere
798 2445 1034 2530 praeferocium
1057 2447 1156 2511 rebus
1179 2446 1332 2513 secundis
1355 2448 1539 2515 animorum

366 2560 534 2645 ingenium
567 2573 636 2641 est,
669 2557 730 2623 etsi
761 2562 878 2626 ventos
901 2558 1066 2624 habebant
1087 2555 1251 2641 ferentes,
1275 2576 1342 2625 non
1365 2558 1437 2625 ausi
1461 2574 1541 2627 sunt

365 2670 579 2752 sequentibus
603 2668 720 2736 diebus
741 2668 864 2753 praelio
889 2669 1052 2734 dimicare.
1076 2668 1142 2735 Sed
1161 2686 1251 2735 more
1270 2666 1429 2753 ferarum,
1454 2691 1539 2753 quae

365 2781 494 2849 viribus
525 2782 634 2848 exutis
666 2781 728 2847 iras
759 2779 906 2847 nondum
938 2780 1133 2863 deponunt,
1167 2794 1206 2845 ut
1233 2794 1265 2845 et
1286 2780 1402 2862 pavori
1423 2800 1488 2848 suo
1507 2799 1541 2849 et

366 2892 444 2959 odio
467 2891 714 2974 satisfacerent,
737 2910 839 2959 naves
860 2910 993 2957 suarum
1017 2890 1147 2972 aliquot
1169 2889 1318 2956 ardentes
1341 2890 1374 2956 in
1396 2892 1540 2962 Batavos

366 3004 581 3070 immiserunt.
612 3004 765 3069 Frustra:
788 3022 930 3084 namque
948 3001 1034 3085 ignis
1053 2999 1138 3066 intra
1157 2999 1244 3083 ipsas
1263 3017 1457 3069 consumtus
1478 3020 1539 3071 est.

366 3116 451 3182 Cum
484 3116 643 3180 instarent
673 3113 810 3194 Batavi,
841 3128 882 3177 ut
903 3111 1026 3195 quibus
1059 3111 1124 3179 nisi
1147 3112 1286 3195 depulso
1310 3114 1406 3181 hoste
1429 3115 1540 3183 aditus

365 3226 406 3292 ad
427 3239 605 3291 mercatum
635 3244 703 3289 non
726 3238 873 3307 pateret,
903 3222 1054 3289 Lusitani
1078 3223 1193 3290 relicto
1217 3224 1357 3307 turpiter
1379 3225 1537 3294 Bantamo

364 3336 398 3402 in
423 3337 596 3403 Moluccas
614 3334 779 3421 fugerunt.
822 3334 896 3401 Nec
916 3334 1057 3401 insecuti
1075 3335 1241 3415 victores,
1265 3349 1302 3400 ut
1320 3337 1416 3420 cujus
1435 3338 1540 3421 gratia

363 3460 544 3526 venerant,
566 3447 601 3512 id
623 3446 764 3530 primum
777 3444 997 3528 perficerent,
1021 3446 1143 3513 adeunt
1154 3446 1345 3511 urbemase
1356 3446 1537 3517 liberatam.

364 3558 491 3623 Mirum
514 3558 632 3640 dictu,
656 3578 741 3640 quae
774 3558 850 3625 illos
882 3557 1081 3642 Javanorum
1117 3555 1352 3641 gratulationes
1386 3572 1420 3623 et
1453 3578 1538 3641 quae

363 3668 456 3753 signa
475 3668 617 3735 laetitiae
634 3671 729 3735 velut
746 3668 985 3752 triumphantes
1009 3668 1218 3750 exceperint,
1244 3682 1432 3753 quantaque
1453 3670 1538 3737 Hol-

364 3782 535 3849 landorum
566 3780 651 3847 fama
681 3800 739 3864 per
770 3798 883 3847 omnes
917 3780 1041 3847 insulas
1063 3779 1223 3860 manarit,
1247 3795 1286 3846 ut
1308 3780 1416 3847 dicere
1438 3781 1538 3848 liceat

324 3953 327 3957 .
364 3894 453 3960 illam
474 3912 553 3959 vere
583 3891 669 3957 diem
704 3889 924 3956 felicissimam
948 3903 980 3954 et
1000 3889 1130 3957 Batavis
1153 3904 1187 3955 et
1210 3890 1358 3957 Orientis
1381 3893 1536 3976 gentibus

362 4003 523 4071 illuxisse.
568 4004 618 4068 At
647 4002 883 4069 Lusitanorum
917 4001 1014 4068 ctiam
1045 3999 1124 4087 fuga
1146 4001 1304 4069 crudelis:
1328 4021 1401 4068 nam
1419 4007 1536 4086 procul

363 4129 396 4181 et
418 4117 511 4182 velut
522 4128 647 4180 remoto
659 4115 789 4196 ultore,
813 4112 983 4196 impunitis
1006 4112 1187 4179 latrociniis
1207 4113 1454 4197 grassabantur,
1479 4135 1536 4183 nec

363 4241 503 4292 mentem
536 4224 755 4292 effascinatum
788 4222 876 4290 odiis
906 4222 1049 4290 deterior
1080 4222 1212 4290 fortuna
1244 4238 1450 4306 mutaverat,
1473 4228 1535 4295 nisi

203 4345 489 4447 forman-tantum
513 4351 553 4403 ut
574 4338 698 4402 vellent
728 4334 835 4402 tutius
856 4354 1002 4418 peccare.
1047 4334 1192 4400 Primum
1224 4335 1324 4421 igitur
1348 4337 1534 4405 Ambonam

299 4433 306 4446 ’
362 4451 535 4518 advolant:
569 4448 626 4515 ubi
658 4464 728 4516 tum
759 4448 868 4515 nullae
899 4461 991 4513 erant
1022 4446 1218 4513 Batavorum
1248 4466 1360 4515 naves.
1405 4449 1482 4533 Ityn
1502 4466 1533 4515 et

368 616 427 693 198
674 627 721 673 os
745 626 1149 694 JUREPRAEDAE.0A1¹.
1174 628 1223 675 xr.
1487 614 1490 619 '

1699 1026 1700 1087 l

1699 1092 1700 1161 l
