3450 5434
415 528 476 602 278
707 542 755 587 nrr
778 543 872 608 June
897 540 1080 589 rannone.
1104 540 1184 588 cnr.
1209 541 1289 588 xrn.

414 693 469 758 illa
490 709 604 775 pacata
624 715 683 777 per
704 695 828 762 Indiam
849 695 984 760 vivendi
1006 695 1113 775 rati0,
1137 715 1235 776 quam
1256 695 1368 762 Batavi
1392 695 1471 760 dum
1494 695 1593 762 licuit

414 806 655 885 observarunt,
679 806 831 872 Lusitani
855 807 1081 889 interrupere,
1106 825 1179 871 curn
1205 807 1285 872 satis
1309 819 1462 884 constet,
1487 804 1592 872 finitis

416 931 473 981 aut
494 916 629 983 violatis
656 917 823 998 induciis,
856 918 978 982 bellum
1002 937 1069 982 nou
1090 935 1214 983 novum
1235 917 1293 982 sed
1315 916 1405 998 quod
1426 930 1502 981 ante
1527 915 1592 980 fuit

417 1027 566 1108 censeri,
583 1048 690 1110 neque
702 1048 785 1111 opus
797 1030 863 1094 ulla
876 1027 1057 1094 indictione
1072 1031 1092 1094 ¹.
1116 1029 1325 1111 Quamquam
1338 1047 1414 1091 sane
1427 1028 1590 1092 ethorum

415 1137 541 1204 ratione
570 1139 695 1203 decreti
722 1142 833 1205 locum
866 1139 993 1205 obtinet
1015 1139 1158 1205 edictum
1177 1139 1189 1175 ²
1209 1139 1249 1203 ab
1274 1137 1457 1204 Ordinibus
1478 1136 1591 1202 foede·

416 1264 556 1313 ratarum
579 1249 683 1334 belgii
712 1249 883 1316 nationum
911 1249 1137 1332 publicatum,
1173 1269 1241 1331 quo
1265 1249 1351 1314 bona
1378 1248 1490 1314 omnia
1512 1249 1591 1314 sub·

259 1375 315 1473 Vple
332 1358 558 1473 223511dit⁰f¹¹¹¹¹
588 1359 656 1445 regi
687 1360 866 1443 Hispaniae
890 1361 1026 1443 praedae
1056 1361 1170 1425 cedere
1196 1361 1365 1444 jubentur.
1411 1359 1589 1424 Actionem

258 1482 375 1542 crept.
415 1484 523 1535 autem
556 1471 639 1535 hanc
667 1471 818 1536 bellicam
849 1491 915 1537 non
946 1489 1017 1538 esse
1047 1490 1205 1554 egressam
1223 1470 1308 1555 juris
1331 1471 1382 1536 sui
1405 1469 1529 1536 limites
1553 1489 1591 1534 ex

416 1578 469 1644 his
490 1596 646 1664 apparet,
670 1580 810 1662 quaein
832 1583 921 1647 bello
944 1581 1075 1664 privato
1097 1580 1351 1648 examinavimus
1363 1579 1385 1646 ⁸.
1410 1581 1590 1647 Ostensurn

417 1689 503 1755 enim
522 1705 572 1755 est
590 1693 660 1756 sola
679 1691 816 1772 damna,
840 1712 925 1774 quae
949 1691 1125 1758 Hollandis
1145 1691 1296 1757 Lusitani
1318 1692 1525 1771 intulerunt,
1549 1711 1591 1754 ex

417 1799 479 1866 ista
505 1802 625 1884 praeda
641 1821 708 1868 non
726 1821 824 1886 posse
845 1803 1005 1868 resarciri.
1054 1803 1188 1889 Quanto
1210 1801 1311 1886 igitur
1329 1803 1405 1884 pius
1423 1801 1510 1886 juris
1531 1821 1590 1884 pu·

417 1911 509 1977 tandi
541 1928 619 1978 sunt
646 1912 788 1980 Ordines
819 1913 997 1994 habuisse,
1032 1912 1089 1996 qui
1111 1927 1143 1978 et
1161 1913 1218 1978 illa
1238 1913 1307 1997 ipsa
1326 1913 1443 1978 damna
1462 1911 1591 1995 exigere

418 2037 620 2103 potuerunt,
656 2037 688 2088 et
715 2023 777 2088 alia
800 2023 934 2106 omnia,
960 2044 1044 2106 quae
1067 2023 1155 2088 cives
1178 2022 1230 2088 sui
1260 2037 1366 2087 totum
1388 2043 1446 2105 per
1480 2023 1591 2087 orbern

418 2151 455 2195 ac
476 2133 650 2215 praecipue
673 2134 806 2199 navium
828 2134 861 2200 in
883 2133 1054 2200 Lusitania
1066 2132 1381 2217 apprehensionibus
1393 2133 1482 2215 passi
1495 2148 1590 2213 sunt,

419 2257 451 2306 et
473 2257 637 2324 praeterea
654 2247 811 2309 mulctare
831 2245 992 2330 condigne
1013 2261 1064 2310 tot
1076 2248 1232 2312 malorum
1246 2243 1406 2323 artifices,
1425 2258 1590 2325 tamquam

419 2352 507 2417 bello
538 2353 665 2437 judices
695 2355 887 2434 constituti,
912 2376 947 2421 ac
971 2357 1076 2423 totius
1099 2357 1132 2422 in
1154 2356 1321 2439 Hispanos
1337 2353 1415 2419 belli
1437 2354 1593 2420 immensa

260 2463 474 2590 ctapolrppff.illa
496 2465 665 2549 dispendia
687 2487 704 2531 a
728 2466 898 2534 Lusitanis
919 2486 985 2532 non
1009 2467 1118 2533 minus
1137 2487 1235 2548 quam
1259 2466 1298 2532 ab
1311 2465 1382 2530 aliis
1394 2465 1589 2549 reposcere?

420 2575 541 2658 Neque
564 2578 604 2643 de
626 2578 775 2660 personis
793 2579 861 2643 ulla
893 2593 993 2644 restat
1020 2578 1205 2659 dubitatio,
1230 2598 1304 2643 curn
1334 2575 1475 2660 Hispani
1499 2577 1593 2641 theo

420 2687 488 2772 logi
505 2686 517 2722 ⁴
537 2687 707 2753 verissima
724 2689 769 2754 sit
788 2690 868 2754 haec
888 2689 1049 2755 sententia
1070 2703 1104 2754 et
1123 2689 1163 2753 ab
1188 2688 1339 2754 omnibus
1363 2687 1592 2772 comprobata,

420 2798 448 2863 si
479 2800 591 2864 hostes
612 2799 719 2865 nolint
741 2798 913 2867 restituere
934 2800 986 2880 id,
1011 2799 1103 2882 quod
1125 2799 1245 2865 debent
1269 2813 1301 2863 et
1322 2817 1389 2864 non
1408 2797 1516 2880 possit
1535 2796 1593 2878 qui

420 2911 526 2976 laesus
556 2925 607 2978 est
636 2911 767 2976 aliunde
797 2912 968 2977 commode
998 2930 1209 2994 recuperare,
1244 2910 1465 2992 undecunque
1501 2908 1595 2976 satis-

420 3019 592 3087 factionem
616 3041 714 3105 posse
735 3021 903 3105 accipere,
928 3021 997 3087 sive
1019 3041 1035 3086 a
1058 3014 1273 3102 nocentibus,
1298 3020 1368 3086 sive
1386 3019 1427 3086 ab
1440 3020 1595 3086 innocen·

420 3133 520 3199 tibus,
573 3133 621 3198 Ut
652 3137 704 3216 si,
735 3132 866 3215 inquit,
901 3133 1048 3198 latrones
1082 3131 1180 3197 Galli
1201 3134 1351 3216 fecerint
1377 3130 1528 3218 praedas
1558 3134 1595 3194 irr

422 3263 543 3329 agrum
565 3243 814 3329 Hispanorum,
838 3257 869 3308 et
895 3265 956 3308 rea
981 3243 1192 3308 Francorum
1214 3244 1297 3308 nolit
1320 3263 1432 3329 cogere
1452 3242 1528 3306 illos
1550 3241 1598 3307 ael

350 3437 355 3446 ¹
422 3356 666 3417 restitutionem
696 3375 769 3416 cum
783 3359 912 3440 possit,
930 3369 1069 3440 possunt
1091 3355 1238 3440 Hispani
1260 3357 1469 3418 auctoritate
1490 3353 1595 3417 Prin-

419 3468 501 3549 cipis
525 3463 669 3548 spoliare
692 3478 891 3530 mercatores
923 3465 1039 3529 Gallos
1072 3478 1133 3530 aut
1155 3463 1323 3550 agricolus
1347 3477 1594 3548 quantumcun-

420 3595 483 3659 que
512 3577 716 3640 innocentes:
750 3579 832 3662 quia
864 3576 942 3641 licet
962 3575 1059 3659 forte
1077 3597 1098 3638 a
1122 3577 1292 3660 principio
1320 3574 1510 3661 respublica
1532 3589 1593 3639 aut

419 3685 581 3772 Princeps
606 3684 785 3751 Gallorum
806 3707 869 3750 non
885 3685 1001 3768 fuerit
1029 3689 1064 3749 in
1096 3685 1215 3771 culpa,
1240 3687 1316 3770 jam
1344 3697 1392 3750 est
1413 3689 1451 3749 in
1473 3685 1592 3770 culpa,

422 3802 504 3884 quia
538 3798 679 3885 negligit
710 3796 909 3878 uindicare,
945 3810 983 3860 ut
1013 3799 1065 3861 ait
1086 3794 1318 3880 Augustinus,
1342 3793 1430 3881 quod
1448 3797 1595 3881 improbe

393 3921 399 3926 '
421 3931 443 3975 a
466 3912 534 3974 suis
548 3908 684 3994 factura
707 3922 777 3972 est:
798 3922 829 3972 et
853 3908 1013 3992 Princeps
1035 3906 1142 3970 laesus
1159 3919 1268 3992 potest
1280 3927 1321 3970 ex
1343 3909 1432 3970 omni
1451 3906 1593 3970 membro

454 4193 463 4226 ¹
482 4195 559 4242 Mart.
582 4194 661 4241 Laud.
684 4192 811 4242 debello.
833 4205 858 4239 ιι.
884 4204 924 4253 29.
942 4191 972 4238 V.
992 4191 1067 4237 Gent.
1086 4188 1132 4236 lib.
1151 4202 1174 4236 a.
1193 4202 1217 4236 c.
1236 4202 1260 4236 a.
1294 4185 1360 4235 ’De
1378 4199 1431 4247 quo
1451 4187 1513 4237 vide
1530 4187 1594 4236 iuna

421 4285 447 4332 in
470 4296 542 4345 parte
566 4297 623 4344 cap.
647 4284 765 4333 secunda.
798 4279 810 4312 ³
834 4283 865 4330 V.
890 4295 913 4330 c.
941 4293 979 4329 ta.
1003 4292 1108 4329 exaruen
1134 4291 1166 4328 ex
1184 4281 1275 4328 eodem
1293 4277 1412 4328 articulo.
1446 4276 1543 4327 ⁴Vict.
1562 4279 1594 4326 de

420 4373 475 4432 iure
492 4375 564 4424 belli.
581 4388 607 4422 ιι.
624 4387 666 4434 4¹-
