3450 5434
493 636 547 685 ott
572 638 665 707 Juntt
691 636 874 686 PRAEDAE.
886 629 979 694 ”CAR
1001 635 1065 685 vll.
1325 635 1367 701 75

191 791 297 875 juriae
326 806 490 861 auctorem
525 793 755 878 rempublicam
787 809 845 861 aut
872 793 1095 879 magistratum
1115 806 1323 878 propugnant
1345 803 1367 859 ¹.

193 906 283 994 Quia
310 905 436 973 scilicet
463 907 551 991 leges
580 904 751 972 inferiores
779 921 818 972 ut
843 905 981 991 septima
1011 920 1045 971 et
1074 904 1267 989 undecima,
1291 924 1367 972 cum

194 1037 235 1085 ex
266 1018 378 1102 regula
408 1016 502 1083 tertia
533 1032 566 1082 et
593 1032 708 1099 quarta
731 1017 900 1101 oriantur,
927 1018 1088 1101 praelatae
1111 1034 1167 1082 sex
1189 1016 1365 1100 primarum

194 1128 316 1211 alicui,
350 1149 434 1210 quae
465 1143 544 1194 sunt
564 1128 711 1195 Naturae
734 1144 767 1194 et
789 1128 949 1197 Gentium
968 1131 1080 1213 leges,
1104 1148 1144 1195 ex
1167 1128 1279 1213 regula
1302 1126 1365 1193 sci·

194 1240 273 1307 licet
294 1239 397 1324 prima
420 1255 452 1306 et
474 1240 639 1322 secunda,
672 1259 739 1306 non
763 1241 819 1325 Jus
841 1238 970 1306 faciunt
987 1240 1044 1306 sed
1067 1234 1218 1324 injuriam
1241 1233 1266 1305 ¹.
1302 1237 1366 1304 His

194 1352 385 1419 constitutis
395 1352 530 1437 justum
557 1365 605 1418 est
627 1350 747 1418 bellum
770 1353 843 1434 his,
868 1354 927 1438 qui
948 1350 1141 1420 voluntarie
1157 1363 1307 1438 gerunt,
1330 1352 1366 1415 t'n
1377 1343 1455 1445 {³215}
1466 1343 1511 1444 ᾗζ·

194 1463 341 1551 singulos
372 1476 404 1529 ct
432 1466 469 1528 in
502 1478 630 1550 remp„
653 1465 712 1548 qui
741 1483 866 1549 quarte
895 1464 1030 1549 cujusve
1061 1465 1283 1548 magistratus
1314 1464 1367 1527 ἰη-

185 1575 322 1657 jurium
338 1573 496 1659 fecerunt
515 1572 528 1611 ⁸
550 1587 583 1639 tt
605 1577 642 1639 in
664 1587 796 1660 remp„
817 1593 904 1659 quae
917 1576 1019 1642 tinem
1036 1574 1366 1658 injuriacauctortm

194 1697 312 1750 tuetur
351 1687 452 1771 inque
482 1704 593 1751 eorum
629 1689 796 1767 omnium,
828 1688 888 1771 qui
918 1687 1084 1771 injuriam
1105 1683 1266 1769 faciunt,
1298 1704 1366 1770 qua

193 1796 279 1862 tales
307 1809 409 1879 sunt,
440 1800 540 1861 socios
568 1809 601 1861 et
629 1796 789 1863 subditos.
835 1796 971 1881 Proprie
999 1812 1038 1862 ut
1059 1794 1202 1863 diximus
1222 1797 1277 1880 jus
1291 1814 1366 1861 non

193 1922 360 1991 spectatur
392 1907 425 1972 in
458 1907 666 1975 subditorum
699 1908 908 1989 actionibus,
954 1923 1117 1992 quatenus
1150 1906 1205 1974 isti
1238 1906 1367 1972 scilicet

193 2019 310 2104 agendi
342 2019 539 2104 principium
562 2040 581 2084 a
601 2040 637 2085 se
668 2038 735 2087 non
757 2020 889 2087 habent.
937 2019 1131 2106 Subiectum
1150 2018 1235 2085 enim
1258 2017 1365 2103 iuris,

194 2146 233 2198 ut
254 2146 328 2197 ante
338 2129 529 2216 attigimus,
542 2145 591 2198 est
602 2132 779 2214 voluntas,
803 2150 888 2215 quae
912 2152 931 2196 a
952 2130 1088 2199 rationis
1109 2130 1366 2215 apprehensione

192 2242 365 2327 dirigitur,
396 2242 562 2328 theologis
595 2242 691 2308 etiam
710 2244 912 2311 auctoribus.
957 2242 1176 2309 Instrumenta
1198 2256 1305 2307 autem
1325 2259 1365 2306 ex

193 2354 299 2420 aliena
321 2370 422 2440 agunt
451 2357 634 2421 voluntate.
681 2354 746 2421 Sed
766 2355 946 2421 notandum
966 2353 1142 2435 subditos,
1166 2372 1363 2436 quamquam

193 2464 407 2532 insnumenta
417 2480 507 2543 sunt,
520 2484 589 2533 esse
601 2478 707 2532 tamen
719 2466 885 2548 homines,
899 2466 1047 2533 homines
1059 2482 1167 2532 autem
1179 2464 1242 2532 nisi
1255 2484 1294 2530 ex
1305 2483 1365 2530 sua

192 2580 363 2644 voluntate
374 2596 440 2643 non
453 2591 574 2662 agunt,
593 2592 683 2642 extra
694 2578 839 2646 actiones
850 2578 976 2645 scilicet
987 2580 1161 2644 naturales.
1185 2574 1364 2664 Quomodo

192 2688 295 2774 igitur
317 2688 379 2756 ista
400 2687 676 2755 conciliabimus?
721 2689 796 2755 Hoc
817 2689 916 2756 modo
936 2704 975 2755 ut
992 2688 1138 2759 dicamus
1156 2686 1363 2754 subditorum
1376 2715 1445 2762 nova
1459 2713 1497 2763 ι,

192 2802 395 2866 voluntatem
418 2800 485 2887 regi
506 2801 546 2866 ab
569 2800 797 2885 imperantium
820 2802 1011 2879 voluntate,
1035 2799 1147 2883 (quod
1167 2768 1486 2865 instrumen·‘¹¹'''¹“

192 2912 236 2977 tis
264 2912 438 2997 convenit)
464 2912 509 2977 ita
542 2926 649 2977 tamen
675 2926 714 2976 ut
732 2910 817 2978 ratio
837 2929 904 2977 non
925 2925 1105 2995 repugnet:
1132 2909 1233 2992 idque
1256 2909 1363 2993 ipsum

193 3022 435 3106 quodammodo
453 3023 578 3107 justum
603 3043 686 3090 esse.
730 3021 928 3106 Exemplum
940 3022 984 3090 sit
995 3021 1164 3105 inservis,
1188 3021 1228 3087 de
1240 3020 1363 3104 quibus

192 3137 297 3200 multa
326 3134 523 3201 Aristoteles
543 3136 564 3200 ⁴.
609 3133 696 3199 Nam
727 3154 802 3201 cum
834 3134 891 3200 alii
921 3154 1050 3201 omnem
1075 3132 1230 3201 virtutem
1263 3147 1363 3216 atque

192 3245 273 3312 adeo
294 3246 457 3332 justitiam
480 3264 577 3313 servo
600 3244 782 3329 eriperent,
805 3245 860 3311 alii
885 3247 1030 3316 eamdem
1051 3244 1254 3328 tribuerent,
1278 3264 1362 3330 quae

193 3358 226 3425 in
248 3358 353 3425 libero
384 3358 517 3424 homine
546 3373 617 3439 est,
653 3357 798 3443 egregrie
821 3357 997 3442 distinguit
1017 3358 1262 3442 philosophus,
1286 3376 1361 3423 curn

193 3468 275 3536 dicit
296 3488 363 3535 non
393 3468 571 3552 perlectam
595 3469 629 3534 in
649 3488 745 3536 servo
767 3469 968 3552 desiderari,
991 3470 1077 3535 sicut
1100 3468 1134 3534 in
1157 3488 1196 3534 eo
1220 3466 1277 3549 qui
1302 3469 1364 3535 im·

192 3596 307 3666 perat,
339 3580 397 3647 sed
431 3600 498 3647 eam
530 3600 614 3663 quae
646 3580 687 3645 ad
719 3599 801 3648 usus
833 3579 970 3647 serviles
991 3579 1170 3647 necessaria
1190 3595 1255 3646 est:
1279 3580 1362 3646 hanc

193 3706 300 3757 autern
323 3712 456 3775 parvam
483 3711 564 3758 esse.
609 3691 697 3758 Cum
718 3691 803 3757 enim
822 3711 940 3757 servus
961 3690 1096 3756 rationis
1119 3690 1163 3757 sit
1181 3691 1362 3776 particeps,

191 3821 258 3869 non
291 3822 389 3887 posse
420 3822 494 3868 eum
523 3802 612 3868 omni
644 3802 768 3869 virtute
799 3801 956 3885 spoliari,
990 3821 1097 3885 neque
1127 3822 1206 3870 vero
1236 3804 1362 3871 homini

191 3912 295 3979 libero
317 3913 510 3996 adaequari,
534 3932 607 3980 curn
638 3932 705 3980 non
739 3913 857 3979 habeat
889 3917 922 3981 τὸ
946 3917 1148 3996 βουλευτικόν,
1172 3917 1238 3982 uim
1260 3914 1363 3983 libert

190 4023 412 4091 deliberandi.
441 4024 562 4093 Partim
581 4025 701 4111 igitur,
725 4039 763 4090 ut
781 4024 891 4091 dicere
910 4026 1068 4110 occoepi,
1092 4027 1216 4094 ratione
1236 4028 1362 4105 utitur,

191 4238 383 4251 —Q

224 4355 308 4406 ¹Vid.
329 4358 420 4406 Thom.
439 4371 461 4407 a.
479 4373 503 4407 a.
521 4374 546 4419 q.
567 4374 621 4421 104.
640 4374 685 4410 art.
699 4375 722 4419 5.
739 4364 816 4423 Vasq.
830 4376 853 4411 c.
871 4376 894 4409 a.
910 4374 934 4410 et
952 4376 975 4411 c.
994 4362 1034 4411 ao.
1051 4376 1075 4411 n.
1097 4376 1137 4425 29.
1170 4360 1231 4411 ’ex
1248 4365 1303 4423 lege
1322 4376 1360 4422 ts.

188 4446 200 4481 ³
218 4448 249 4494 V.
263 4448 361 4495 Platon.
379 4449 464 4498 Alcib.
485 4464 507 4499 ι.
540 4450 552 4482 ⁴
569 4454 601 4500 de
615 4466 669 4513 rep.
687 4456 704 4502 l.
725 4466 746 4503 1.
762 4468 784 4503 c.
802 4456 847 4502 ult.
865 4467 912 4513 per
929 4464 1020 4501 totum.
1038 4465 1063 4501 et
1082 4454 1113 4503 de
1127 4466 1191 4502 mor.
1209 4456 1239 4503 ad
1256 4454 1360 4505 Nicon.

188 4540 206 4585 l.
226 4541 249 4586 8.
265 4552 287 4587 c.
308 4552 346 4589 ra.
365 4539 403 4600 [p.
424 4542 496 4590 1160.
516 4556 538 4590 2.
559 4556 596 4592 vs.
616 4544 668 4607 29.]
