3450 5434
502 636 549 682 ore
573 636 667 702 June
694 637 880 684 tunsone.
908 638 990 685 cnr.
1016 638 1081 685 xrr.
1317 645 1379 708 233

206 790 368 874 possideri
397 792 451 856 vel
470 788 565 873 quasi
582 790 743 874 possideri
765 807 936 874 nequeunt
957 798 992 872 ¹,
1012 806 1045 858 et
1068 811 1207 875 quorum
1228 794 1381 863 alienatio

207 902 373 985 prohibita
396 915 446 967 est
466 898 488 967 ¹.
527 902 618 967 Haec
639 917 747 967 autern
768 902 876 969 omnia
892 903 932 968 de
949 902 1028 969 mari
1050 918 1082 969 et
1102 923 1164 970 usu
1186 905 1282 971 uraris
1304 928 1381 973 vere

206 1013 372 1079 dicuntur.
426 1013 471 1079 Et
502 1033 577 1078 cum
608 1013 759 1096 publicae
790 1034 865 1095 res,
899 1016 962 1080 hoc
994 1030 1044 1081 est
1074 1016 1189 1098 populi
1216 1018 1380 1101 alicujus,

205 1127 297 1191 nulla
326 1123 483 1207 temporis
511 1123 719 1207 possessione
750 1126 862 1205 quaeri
891 1144 988 1209 posse
1011 1124 1162 1191 dicantur
1183 1128 1219 1208 ³,
1242 1127 1312 1201 siue
1336 1130 1380 1193 ob

205 1236 444 1317 minaturum,
467 1234 539 1302 sive
560 1235 603 1299 ob
624 1254 736 1300 eorum
758 1236 968 1322 privilegium
992 1238 1149 1303 adversus
1178 1259 1264 1320 quos
1289 1260 1381 1322 prae-

206 1346 342 1429 scriptio
370 1345 432 1412 ista
453 1346 666 1429 procederet,
690 1362 814 1427 quanto
834 1347 959 1432 justius
982 1349 1124 1415 humano
1149 1350 1259 1433 generi
1282 1372 1379 1433 quarn

207 1459 264 1523 uni
284 1459 411 1541 populo
432 1457 467 1522 id
488 1457 682 1523 beneficium
705 1458 847 1524 dandum
869 1457 934 1525 fuit
955 1459 987 1524 in
1007 1460 1103 1526 rebus
1125 1461 1378 1529 communibus?

206 1570 253 1636 Et
273 1571 336 1635 hoc
361 1584 412 1635 est
436 1569 528 1650 quod
550 1568 750 1651 Papinianus
773 1575 785 1613 ⁴
808 1569 966 1653 scriptum
990 1570 1150 1653 reliquit,
1174 1572 1381 1657 praescripti·

206 1702 301 1748 onem
325 1684 440 1766 longae
460 1678 678 1763 possessionis
697 1680 738 1745 ad
756 1679 936 1747 obtinenda
956 1684 1028 1748 loca
1048 1682 1134 1767 juris
1153 1683 1298 1767 gentium
1319 1704 1381 1767 pu-

206 1793 293 1859 blica
312 1791 447 1858 concedi
465 1810 531 1858 non
553 1794 683 1872 solere,
708 1793 846 1877 ejusque
868 1793 914 1859 rei
936 1795 1120 1877 exemplum
1134 1794 1234 1861 datin
1251 1794 1379 1877 littore,

206 1906 303 1990 quus
331 1922 406 1987 pars
428 1902 584 1988 imposito
605 1902 756 1968 aedilicio
779 1920 938 1986 occupata
961 1898 1084 1970 fuer'at:
1111 1924 1184 1970 nam
1208 1925 1246 1971 eo
1270 1904 1381 1971 diruto

206 2032 240 2082 et
260 2015 395 2082 alterius
415 2012 565 2081 aedilicio
587 2013 622 2080 in
644 2014 758 2079 eodem
783 2015 858 2080 loeo
884 2031 999 2098 postea
1021 2029 1190 2082 exstructo
1217 2016 1381 2099 exceptio-

205 2147 281 2194 nem
304 2126 426 2210 opponi
454 2145 521 2191 non
544 2144 659 2208 posse;
683 2126 775 2207 quod
804 2125 922 2191 deinde
946 2125 1160 2193 similitudine
1181 2127 1380 2210 reipublicae

206 2240 367 2305 illustrat:
391 2258 464 2303 nam
486 2252 518 2302 et
539 2236 567 2302 si
587 2236 663 2319 quis
684 2236 717 2301 in
741 2236 888 2305 fluminis
907 2237 1104 2305 diverticulo
1120 2239 1272 2322 pluribus
1288 2240 1380 2305 annis

206 2350 351 2433 piscatus
364 2349 426 2429 sit,
438 2360 552 2431 postea
571 2347 753 2430 interrupta
770 2347 898 2414 scilicet
913 2348 1095 2431 piscatione
1111 2352 1248 2417 alterum
1267 2351 1379 2416 eodem

203 2464 277 2547 jure
304 2460 481 2544 prohibere
506 2479 573 2526 non
596 2478 704 2544 posse.
748 2461 899 2543 Apparet
921 2460 1023 2545 igitur
1043 2463 1210 2546 Angelum
1231 2467 1244 2502 ⁸
1267 2462 1381 2545 etqui

205 2594 280 2639 cum
305 2574 436 2657 Angelo
455 2572 630 2650 dixerunt,
651 2570 791 2637 Venetis
811 2586 844 2636 et
863 2571 1087 2655 Januensibus
1104 2593 1163 2655 per
1173 2574 1380 2657 praescripti-

205 2706 301 2751 onem
322 2684 378 2768 jus
398 2683 534 2767 aliquod
553 2682 586 2747 in
609 2681 717 2749 sinum
740 2681 838 2748 maris
859 2702 922 2749 suo
944 2683 1047 2749 littori
1067 2686 1301 2769 praejacentem
1328 2705 1381 2750 ac-

205 2796 293 2880 quiri
313 2795 484 2879 potuisse,
507 2810 565 2862 aut
587 2793 655 2861 falli
678 2808 735 2860 aut
762 2793 897 2876 fallere,
923 2794 1014 2877 quod
1035 2814 1111 2861 sane
1135 2795 1380 2879 Jurisconsultis

204 2908 343 2975 nimium
371 2922 421 2972 est
451 2905 629 2989 frequens,
663 2925 737 2971 cum
765 2920 896 2971 sanctae
916 2904 1130 2989 professionis
1153 2906 1377 2973 auctoritatem

204 3039 272 3085 non
291 3020 332 3085 ad
347 3018 488 3085 rationes
508 3032 542 3084 et
553 3020 660 3102 leges,
681 3016 737 3083 sed
748 3017 788 3083 ad
804 3016 939 3101 gratiam
956 3014 1131 3084 conserunt
1146 3017 1379 3102 potentiorum.

206 3131 292 3196 Nam
321 3128 483 3195 Marciani
512 3127 646 3211 quidem
677 3147 893 3210 responsum,
917 3128 957 3193 de
989 3148 1057 3211 quo
1079 3146 1111 3195 et
1135 3145 1208 3195 ante
1229 3129 1378 3214 egimus,

205 3241 234 3308 si
257 3255 344 3308 recte
367 3260 440 3306 cum
463 3239 632 3323 Papiniani
650 3239 761 3305 verbis
781 3255 1008 3322 comparetur,
1031 3260 1097 3307 non
1121 3240 1215 3307 aliam
1234 3241 1380 3323 accipere

206 3369 316 3437 potest
345 3351 644 3436 interpretationem
677 3371 775 3433 quam
804 3372 893 3431 eam,
918 3372 1002 3434 quae
1026 3367 1058 3417 et
1077 3351 1221 3435 Johanni
1245 3353 1324 3419 olim
1348 3367 1380 3417 et

206 3466 338 3532 Bartolo
361 3465 498 3548 probata
529 3477 578 3528 est
602 3476 634 3527 et
656 3482 744 3527 nunc
764 3482 782 3527 a
805 3462 912 3530 doctis
933 3463 1086 3529 omnibus
1108 3461 1118 3503 ²
1144 3464 1317 3547 recipitur:
1343 3479 1380 3529 ut

204 3577 331 3644 scilicet
359 3578 415 3661 jus
445 3574 642 3659 prohibendi
674 3575 830 3657 procedat
859 3574 1016 3657 quamdiu
1052 3576 1147 3641 durat
1181 3573 1378 3659 occupati0,

238 3833 247 3867 ¹
273 3837 290 3883 l.
314 3834 377 3884 sine.
401 3833 427 3882 tf.
451 3848 483 3882 eo
498 3834 538 3882 tit.
556 3848 579 3882 c.
597 3834 651 3882 sine
668 3847 778 3893 possets.
797 3836 828 3883 de
845 3847 897 3894 reg.
914 3831 963 3890 jur.
982 3832 1122 3896 [Decretal.
1141 3834 1166 3883 in
1184 3833 1221 3883 6⁰.
1240 3848 1263 3891 s.
1284 3850 1321 3883 12.
1341 3835 1375 3898 3.]

203 3924 215 3957 ²
232 3930 250 3974 1.
269 3926 431 3974 alienationis
455 3926 482 3973 ff.
506 3927 537 3974 de
562 3926 636 3973 verb.
655 3924 719 3985 sign.
740 3925 785 3987 [D.
804 3937 844 3980 50.
866 3926 906 3973 16.
923 3925 977 3986 a8.]
997 3927 1015 3972 1.
1032 3924 1053 3973 si
1071 3925 1184 3975 fundum.
1203 3926 1229 3974 ff.
1248 3928 1279 3975 de
1297 3928 1378 3975 fundo

204 4018 258 4065 dot.
276 4016 320 4079 [D.
339 4029 379 4073 23.
404 4027 427 4071 s.
456 4015 506 4079 16.]
542 4013 586 4063 ³1.
608 4016 835 4077 praescriptio..C.
853 4017 885 4064 de
903 4030 975 4076 oper.
993 4016 1064 4076 publ.
1084 4016 1127 4078 [C.
1146 4018 1169 4063 8.
1192 4030 1230 4064 12.
1248 4016 1284 4078 6.]
1304 3998 1320 4063 i.
1340 4017 1378 4065 di·

203 4108 319 4168 ligenter.
334 4109 364 4155 c.
383 4110 415 4155 de
439 4110 606 4166 aquaeductu.
631 4108 674 4169 [C.
702 4121 741 4156 ιι.
763 4120 806 4167 44.
830 4106 869 4171 9.]
895 4109 912 4154 1.
937 4107 1013 4155 viam.
1031 4106 1057 4155 ff.
1076 4108 1107 4155 de
1125 4106 1167 4154 via
1185 4103 1254 4167 publ.
1273 4105 1319 4169 [D.
1336 4119 1378 4168 43.

206 4212 245 4247 ιι.
270 4199 305 4260 2.]
341 4196 844 4259 411111.11.ι1ειιιιιι.1).4ι.3.]
880 4196 980 4246 icons.
1000 4201 1056 4260 289.
1074 4200 1223 4247 thematale
1242 4209 1293 4246 est:
1312 4198 1378 4245 inter

203 4302 303 4338 caetera
319 4290 430 4349 capitula
447 4289 527 4351 pacis.
560 4288 571 4320 ⁸
589 4291 606 4337 1.
623 4289 644 4338 si
663 4290 804 4350 quisquam.
822 4288 847 4337 ff.
866 4291 897 4338 de
915 4288 969 4338 div.
986 4302 1063 4349 temp.
1080 4302 1191 4349 praescr.
1203 4290 1246 4350 [D.
1255 4303 1295 4349 44.
1307 4302 1329 4346 3.
1340 4289 1376 4351 7.]

203 4381 308 4428 illnar.
326 4382 357 4429 de
375 4394 447 4429 usuc.
462 4395 488 4429 c.
506 4394 529 4438 3.
547 4379 636 4437 cujac.
654 4383 685 4429 ad
703 4383 727 4430 d.
747 4384 763 4429 1.
781 4383 826 4429 ιιΙι.
845 4383 876 4429 de
895 4394 965 4429 usuc.
985 4380 1027 4441 [11.
1046 4394 1087 4441 41.
1106 4379 1141 4443 3.]
1162 4380 1263 4428 Donell.
1279 4382 1377 4427 Comm.

204 4475 221 4520 1.
241 4484 264 4527 5.
281 4486 305 4519 c.
324 4486 363 4519 ιι.
