3450 5434
374 633 435 676 212
678 630 725 675 DE
747 629 841 696 June:
867 629 1050 675 PRAEDAE.
1075 630 1156 678 CAP.
1182 632 1248 677 ΧΗ.

373 785 479 852 nihilo
508 800 556 851 cst
581 775 704 869 justior
725 791 758 863 ¹,
781 804 878 865 quam
908 784 963 849 ille
989 784 1194 852 Graecorum
1221 785 1253 850 in
1275 786 1456 865 barbaros,
1481 806 1549 868 quo

375 896 535 961 Boethius
552 893 565 929 ¹
584 895 746 979 respexit:

614 1005 671 1071 An
694 1006 825 1072 distant
849 1012 932 1090 quia
958 1006 1184 1092 dissidentque
1206 1029 1310 1073 mores

613 1119 765 1203 injustas
789 1121 877 1181 acies
900 1131 931 1183 et
950 1118 1033 1203 fera
1057 1118 1145 1183 bella
1168 1132 1320 1198 mouent,
1363 1196 1368 1210 Ι

613 1228 833 1313 Alternisque
855 1228 974 1296 salunt
992 1233 1109 1314 perire
1133 1230 1240 1295 telis?

615 1340 695 1404 Nan
719 1351 766 1403 est
779 1339 880 1423 justa
903 1342 988 1402 satis
1011 1342 1174 1407 saeuitiae
1198 1344 1300 1405 ratio,

419 1454 485 1520 Ista
515 1466 622 1517 autern
646 1466 678 1516 et
701 1448 853 1514 Thomas
877 1462 910 1513 et
932 1448 1066 1515 concilii
1102 1450 1260 1517 Toletani
1284 1466 1316 1517 et
1341 1451 1498 1537 Gregorii
1521 1466 1553 1517 et

375 1566 630 1648 theologorum,
668 1561 934 1641 canonistarum,
975 1560 1340 1647 jurisprudentiutnque
1379 1561 1447 1627 fere
1481 1583 1552 1629 otn-

375 1677 467 1742 nium
487 1679 499 1714 ³
518 1673 688 1741 conclusio
721 1686 790 1738 est:
837 1686 1130 1755 quantumcunque
1166 1672 1249 1739 fides
1283 1674 1475 1740 annuntiata
1509 1672 1553 1741 sit

377 1787 523 1852 barbaris
554 1786 646 1869 (nant
679 1785 720 1850 de
752 1783 805 1848 his
836 1782 896 1864 qui
928 1782 1055 1848 subditi
1086 1797 1159 1850 ante
1191 1784 1328 1851 fuerunt
1352 1785 1554 1853 Christianis

376 1894 607 1977 Principibus,
631 1893 708 1958 item
736 1894 776 1959 de
799 1894 958 1976 apostatis
978 1896 1040 1959 alia
1072 1909 1121 1961 est
1142 1896 1313 1982 quaestio)
1338 1897 1555 1979 probabiliter

378 2020 411 2070 et
433 2005 652 2085 sufficienter,
676 2005 753 2071 etsi
773 2005 942 2070 noluerint
961 2024 1029 2071 earn
1050 2006 1216 2089 recipere,
1240 2025 1305 2073 non
1327 2022 1433 2073 tamen
1453 2009 1554 2073 licere

379 2116 439 2179 hac
461 2115 586 2180 ratione
609 2134 666 2181 eos
688 2117 777 2181 bello
800 2116 954 2199 persequi
979 2132 1012 2183 et
1035 2116 1177 2199 spoliare
1200 2119 1296 2186 bonis
1319 2119 1398 2185 suis.
1423 2119 1554 2203 Operae

378 2226 520 2307 pretium
553 2239 604 2293 est
635 2225 668 2291 in
698 2227 781 2293 hanc
814 2248 881 2292 rent
914 2228 985 2309 ipsa
1016 2228 1165 2311 Cajetani
1191 2232 1202 2269 ⁴
1230 2230 1328 2295 verba
1358 2230 1553 2296 describere.

381 2334 550 2420 Quidam,
584 2336 652 2417 ait,
675 2335 822 2419 infideles
846 2360 903 2403 nec
926 2338 1064 2425 dejure
1087 2361 1144 2405 nec
1166 2340 1206 2406 de
1222 2341 1319 2425 faeta
1343 2342 1484 2406 subsunt
1507 2362 1555 2407 se-

379 2448 522 2515 eundum
546 2450 757 2534 temporalem
783 2448 1057 2534 jurisdictionem
1081 2451 1298 2537 Principibus
1323 2451 1553 2533 Christianis,

380 2574 418 2625 ut
440 2563 470 2623 si
492 2562 712 2627 inueniuntur
737 2563 892 2645 pagani,
926 2564 985 2645 qui
1018 2582 1198 2647 numquam
1230 2564 1366 2647 imperio
1400 2563 1552 2629 Romano

381 2670 507 2736 subditi
530 2670 702 2754 fuerunt,
734 2683 848 2735 terras
880 2672 1095 2752 habitantes,
1118 2676 1155 2737 in
1178 2673 1296 2757 quibus
1320 2672 1554 2739 Christianum

381 2802 560 2867 numquam
594 2781 671 2864 fuit
704 2802 830 2846 nomen.
880 2782 1009 2847 Harum
1043 2803 1186 2869 namque
1219 2783 1365 2864 domini,
1401 2788 1554 2869 quamuis

379 2890 547 2975 infideles,
580 2892 724 2978 legitimi
746 2891 873 2957 domini
894 2906 994 2974 sunt,
1028 2897 1096 2961 siue
1119 2894 1231 2981 regali
1253 2898 1320 2962 siue
1338 2896 1479 2981 politiae
1502 2918 1554 2962 re·

376 3007 503 3090 gimine
530 3003 794 3089 gubernantur:
826 3024 884 3067 nec
917 3018 995 3068 sunt
1023 3019 1165 3090 prepter
1195 3003 1430 3088 infidelitatem
1455 3029 1477 3072 a
1500 3007 1556 3073 do-

381 3118 482 3188 minio
506 3134 640 3178 suorum
660 3116 819 3199 priuati,
853 3133 954 3198 quum
979 3113 1160 3180 dominium
1184 3120 1229 3181 sit
1253 3137 1294 3181 est
1308 3118 1393 3201 jure
1410 3122 1555 3203 positiva

381 3237 412 3289 et
435 3223 618 3306 infidelitas
641 3245 682 3288 en
704 3224 818 3292 diuino
833 3225 939 3309 jure,
964 3225 1053 3311 qued
1073 3248 1137 3291 nen
1161 3227 1253 3292 tollit
1268 3230 1328 3313 jus
1347 3232 1553 3313 positivum,

382 3349 420 3400 ut
451 3338 604 3420 superius
634 3338 671 3399 in
705 3338 897 3418 quaestione
931 3336 1083 3403 habitum
1106 3350 1166 3403 est.
1215 3338 1264 3403 Et
1288 3338 1327 3404 de
1349 3340 1401 3404 bis
1424 3340 1567 3405 nullan

380 3449 446 3512 saia
469 3445 569 3530 legem
593 3444 704 3530 quoad
725 3445 937 3529 temporalia.
977 3445 1104 3512 Contra
1124 3450 1180 3513 bos
1200 3449 1315 3515 nullus
1337 3470 1417 3529 rest,
1442 3450 1556 3516 nullus

380 3561 591 3642 imperator,
624 3577 681 3620 nec
713 3555 849 3621 ecclesia
884 3556 1039 3623 Romana
1066 3572 1175 3643 potest
1208 3580 1337 3629 mouere
1366 3561 1487 3627 bellum
1511 3562 1559 3629 ad

382 3665 588 3752 occupandas
619 3681 734 3732 terras
764 3688 876 3733 aarum
900 3680 962 3733 aut
986 3669 1200 3753 subjiciendas
1225 3692 1274 3736 eas
1298 3673 1557 3757 temporaliter,

378 3872 575 3883 ——--—

416 4003 424 4035 ¹
443 4004 473 4049 V.
491 4003 567 4062 Vasq.
584 4014 703 4051 controv.
720 4002 811 4051 illustr.
830 4017 852 4051 c.
873 4017 911 4064 24.
930 4003 998 4052 Vict.
1017 4005 1048 4052 dc
1067 4004 1146 4052 Indis.
1164 4019 1190 4064 p.
1201 4018 1258 4052 an.
1271 4018 1308 4052 ιο.
1344 4004 1355 4036 ¹
1371 4006 1402 4053 dc
1413 4018 1485 4055 cons.
1495 4005 1558 4065 phil.

380 4097 398 4143 l.
415 4108 440 4155 t„
458 4094 484 4141 in
502 4107 526 4153 4
543 4104 604 4140 met.
621 4092 659 4153 [p.
676 4093 732 4141 286.
751 4106 789 4141 vs.
808 4093 844 4154 7.]
880 4092 1001 4142 ³Tbom.
1020 4108 1042 4142 α.
1062 4108 1084 4142 2.
1103 4096 1128 4154 q'.
1151 4108 1188 4142 ιο.
1206 4107 1251 4142 art.
1272 4098 1294 4143 8.
1313 4096 1404 4145 Mettis.
1426 4109 1557 4153 10.23.c.

381 4187 413 4233 de
429 4184 540 4247 ludaeis.
559 4182 618 4231 dist.
635 4196 677 4242 45.
696 4182 784 4246 [Dect.
804 4185 872 4232 Grat.
890 4198 916 4245 p.
938 4198 957 4232 t.
976 4198 1016 4246 45.
1037 4184 1071 4248 ⁵·]
1093 4199 1115 4233 c.
1134 4186 1178 4245 qui
1197 4187 1304 4234 sincera.
1323 4188 1380 4234 ead.
1398 4186 1459 4237 dist.
1474 4187 1555 4251 [c.3.]

381 4380 407 4427 p.
434 4380 457 4414 2.
476 4368 497 4424 §-
521 4380 545 4426 9.
567 4377 592 4412 et
618 4378 655 4413 ro.
674 4367 752 4425 Aynla
779 4363 1008 4422 detumuerint.
1030 4380 1049 4413 r.
1069 4380 1091 4413 c.
1111 4381 1134 4423 2,
1154 4380 1179 4415 n.
1199 4368 1238 4415 es.
1272 4366 1332 4415 ⁴ad
1351 4370 1445 4416 summ.
1465 4370 1555 4417 Thon.

1701 3280 1702 3317 l

1701 3502 1702 3539 l

381 4278 470 4324 Innoc.
493 4275 517 4322 d„
535 4276 604 4322 loco.
622 4275 687 4323 liert.
705 4276 737 4323 ed
753 4276 771 4321 1.
793 4288 812 4321 r.
831 4276 861 4321 C.
880 4276 912 4322 de
930 4288 985 4335 pag.
1005 4276 1048 4337 [C.
1069 4288 1090 4323 r.
1112 4276 1162 4337 11.]
1182 4278 1289 4326 Covarr.
1308 4280 1347 4325 sd.
1368 4290 1555 4337 spectatura.

384 4470 407 4504 2.
426 4470 449 4504 2.
467 4469 491 4516 q.
510 4456 550 4503 66.
568 4468 615 4504 nrt.
634 4457 657 4503 8.
