3450 5434
546 587 550 596 ·
607 619 803 668 coNsPucTus
826 619 943 661 OPERI&
1322 620 1363 660 XV

235 800 348 857 Coroll.
369 799 520 875 Quatenus
541 794 644 870 pracda
666 796 709 852 his
727 795 911 866 acquiratur,
932 794 983 865 qui
995 793 1053 849 suis
1065 792 1217 865 impensis,
1239 791 1367 860 damnis,

370 879 520 951 peritum,
541 893 658 934 suorum
680 876 878 932 ministrorum
900 889 1004 946 opera,
1026 875 1105 930 nulla
1123 885 1206 945 pacta
1217 871 1366 941 mercede,

369 957 478 1014 bellum
499 956 648 1028 publicum
670 967 786 1028 gerunt.

530 1103 692 1171 CAPUT
717 1103 1033 1170 UNDECIMUM.

722 1286 810 1331 PARS
834 1285 856 1330 1.

237 1405 300 1463 Art.
330 1404 353 1461 1.
396 1405 505 1462 Causae
516 1404 585 1462 beili
598 1404 772 1462 Batavorum
785 1405 813 1460 in
828 1403 991 1472 Albanum,
1012 1402 1178 1475 Hispanos,
1200 1401 1368 1474 Philippum

393 1495 453 1542 etc.

233 1588 297 1644 Art.
319 1587 357 1644 ΙΙ.
390 1587 491 1644 Officia
514 1589 691 1646 Batavorum
716 1604 751 1644 eo
773 1589 803 1644 in
827 1587 916 1644 bello.

234 1691 299 1748 Art.
321 1691 373 1748 ΙΙΙ.
395 1691 504 1749 Causae
526 1692 595 1749 belli
619 1693 794 1748 Batavorum
816 1692 846 1746 in
871 1690 1037 1746 Lusitanos.

232 1795 299 1852 Art.
320 1794 373 1851 IV.
394 1792 496 1852 Officia
518 1796 697 1852 Batavorum
719 1795 749 1851 in
772 1793 939 1850 Lusitanos.

232 1899 299 1954 Art.
328 1898 365 1955 V.
394 1897 523 1972 Injuriae,
543 1899 749 1956 Lusitanorum
773 1898 802 1954 in
825 1899 950 1954 Batavos
972 1912 1022 1968 per
1044 1896 1235 1952 Lusitaniam.

234 2001 299 2057 Art.
322 2001 374 2058 VI.
396 2002 522 2075 injuriae
545 2003 751 2060 Lusitanorum
775 2001 804 2057 in
828 2001 952 2058 Batavos
974 1999 1042 2056 alibi
1065 2001 1178 2072 passim.

235 2107 300 2176 Art.
313 2105 381 2163 V11.
400 2106 526 2178 Iniuriae
555 2106 761 2162 Lusitanorum
788 2105 817 2161 in
843 2106 967 2161 Batavos
989 2120 1024 2160 eo
1046 2105 1162 2172 colore,
1184 2100 1263 2175 quod
1285 2103 1369 2159 attri-

402 2185 485 2243 butas
508 2186 576 2258 ipsis
597 2185 728 2257 regiones
750 2184 930 2241 commerciis
952 2181 1076 2240 adirent.

234 2286 478 2346 Art.V111.1dem
500 2289 583 2346 color
605 2303 655 2361 per
679 2286 800 2345 Indiam.

706 2459 797 2504 PARS
822 2459 860 2505 11.

235 2589 302 2646 Art.
332 2589 355 2646 Ι.
397 2589 567 2646 calumniae
588 2589 797 2647 Lusitanorum
820 2591 849 2646 in
874 2591 1008 2647 Batavos.

234 2693 301 2750 Art.
322 2692 362 2750 11.
394 2692 530 2750 Submissi
552 2695 581 2750 in
605 2693 729 2751 Batavos
751 2694 847 2751 hostes
869 2712 885 2751 a
908 2695 1064 2752 Lusitanis.

235 2796 301 2853 Art.
322 2796 375 2855 111.
397 2795 522 2854 Fraudes
543 2808 572 2854 et
594 2796 714 2870 perfidia
735 2797 942 2855 Lusitanorum
964 2798 993 2853 in
1019 2799 1153 2854 Batavos.

234 2898 300 2957 Art.
321 2899 374 2957 IV.
395 2905 541 2974 Coeptum
563 2918 578 2957 a
601 2902 748 2958 Lusitanis
766 2901 874 2958 bellum
897 2902 926 2957 in
950 2902 1084 2957 Batavos.

234 3003 300 3060 Art.
331 3004 368 3060 V.
391 3005 503 3063 Bellum
524 3005 733 3062 Lusitanorum
756 3005 785 3062 in
804 3006 911 3062 amicos
931 3006 1117 3061 Batavorum.

526 3155 686 3221 CAPUT
710 3154 1053 3221 DUODECIMUM.

235 3316 269 3373 In
294 3332 353 3388 quo
375 3313 558 3384 ostenditur,
586 3318 696 3374 etiamsi
726 3317 832 3375 bellum
861 3319 1006 3390 privatum
1028 3317 1144 3386 fuisset,
1162 3316 1269 3389 justum
1291 3317 1370 3386 fore,

192 3396 324 3468 justeque
352 3407 461 3467 partam
492 3393 625 3468 praedam
658 3395 773 3454 Indicae
801 3396 1014 3454 Hoiiandorum
1048 3397 1197 3453 Societati.
1250 3397 1282 3452 ln
1311 3413 1370 3468 qno

194 3476 249 3532 ista
269 3477 436 3532 inseruntur
459 3475 655 3533 Problemata:

261 3578 284 3635 1.
297 3576 343 3635 Ad
364 3589 463 3650 gentes
483 3595 582 3636 omnes
598 3579 732 3638 omnibus
753 3591 833 3654 patet
854 3578 966 3648 aditus,
986 3580 1050 3653 jure
1072 3581 1202 3652 gentium
1224 3595 1283 3636 non
1306 3595 1370 3652 per·

295 3659 446 3728 mittente,
466 3656 515 3715 sed
537 3660 705 3732 imperante.

244 3761 282 3818 11.
294 3758 426 3817 infideles
454 3759 493 3818 ob
521 3761 577 3818 hoc
602 3763 711 3836 ipsum,
739 3763 818 3836 quod
840 3761 970 3820 infideles
992 3774 1077 3832 sunt,
1098 3761 1228 3820 dominio
1249 3762 1371 3835 publico

295 3841 450 3914 privatove
471 3842 538 3898 exui
562 3858 619 3898 non
640 3853 776 3915 possunt,
798 3860 852 3901 nec
875 3845 963 3901 titulo
985 3842 1180 3912 inventionis,
1198 3859 1252 3900 nec
1270 3842 1371 3900 Ponti-

296 3918 376 3976 ficiae
399 3917 582 3990 donationis,
604 3937 657 3978 nec
678 3923 757 3979 belli.

231 4023 379 4080 HLMare
406 4035 455 4080 aut
474 4023 519 4096 jus
541 4023 694 4097 navigandi
717 4026 746 4082 in
769 4041 804 4083 eo
825 4026 976 4099 proprium
999 4025 1060 4083 fieri
1083 4043 1142 4083 non
1165 4037 1262 4098 potest
1283 4041 1372 4081 occu-

295 4103 428 4238 patiorge,
456 4114 506 4160 aut
532 4102 689 4162 donatione
712 4105 883 4175 Pontificia‚
903 4117 954 4164 aut
974 4107 1202 4180 praescriptione
1223 4106 1284 4162 sive
1302 4121 1372 4161 con-

296 4193 378 4240 suetu
402 4199 458 4240 me.

228 4284 342 4358 lV.Jus
364 4285 509 4344 mercandi
532 4303 599 4345 cum
620 4300 705 4361 gente
726 4291 815 4347 altera
837 4291 986 4362 proprium
1005 4289 1066 4346 fieri
1089 4305 1147 4345 non
1170 4299 1266 4360 potest
1284 4303 1371 4344 occu·

296 4365 430 4502 patimde’
451 4377 500 4425 aut
521 4365 678 4426 donatione
701 4367 871 4437 Pontificio,
892 4381 942 4428 aut
973 4370 1201 4442 praescriptione
1224 4368 1284 4425 sive
1301 4383 1372 4425 con-

296 4457 378 4503 suetu
402 4446 457 4503 ine.
