3450 5434
525 615 570 659 ott
594 615 688 680 JURE
714 616 900 663 Pannona.
927 618 1006 663 CAP.
1033 618 1108 664 XIV.
1343 617 1405 681 315

229 766 282 834 fas
304 783 444 852 putant,
469 788 525 834 eos
546 771 604 836 vix
625 768 818 850 hominum,
842 785 930 836 certe
950 771 1147 838 Batavorum
1170 773 1303 838 nomine
1325 791 1405 839 neu·

231 879 357 963 tiquam
380 880 552 966 dignabor.

273 993 345 1058 Alii
366 991 450 1058 sorte
472 1007 568 1058 erunt
587 993 646 1074 qui
665 992 844 1058 Lusitanos
864 995 997 1076 quidem
1017 994 1150 1062 meritos
1171 994 1275 1061 fuisse
1295 996 1406 1062 dicent
1420 999 1481 1044 ΡΜ
1496 999 1531 1044 11·

230 1121 268 1169 ut
296 1104 358 1169 ista
387 1119 600 1187 paterentur,
630 1105 691 1177 sed,
720 1125 771 1171 res
802 1105 955 1172 hostibus
986 1122 1110 1190 ereptas
1134 1122 1190 1172 aut
1214 1108 1304 1189 quod
1328 1107 1403 1174 inde

230 1216 394 1281 redactum
419 1207 491 1296 est,
515 1236 616 1299 penes
639 1237 673 1282 se
696 1215 841 1299 conspici
866 1217 955 1282 haud
978 1216 1057 1284 satis
1089 1219 1244 1284 decorum
1268 1219 1402 1285 arbitra-

229 1327 362 1392 buntur.
409 1328 484 1392 Hoc
515 1348 593 1393 vero
625 1347 783 1410 perquam
816 1327 935 1412 abjecti
960 1343 1009 1393 est
1033 1346 1065 1395 et
1088 1330 1257 1415 degeneris
1280 1330 1402 1411 animi,

230 1439 264 1504 id
287 1441 389 1505 vereri
412 1455 453 1504 ne
474 1439 538 1505 sibi
559 1440 680 1522 probro
707 1439 772 1520 sit,
804 1441 896 1521 quod
909 1441 1045 1506 ¹matrimi
1062 1461 1155 1526 reges
1178 1457 1210 1507 et
1233 1442 1401 1526 Principes

228 1566 261 1616 ct
284 1552 429 1635 optimus
451 1552 592 1634 quisque
616 1552 867 1618 instrumentum
893 1554 1015 1638 gloriae
1037 1554 1168 1621 habent.
1214 1554 1300 1618 Nam
1321 1554 1403 1636 quid

226 1663 318 1728 aliud
339 1665 458 1728 volunt
476 1679 581 1728 erecta
605 1663 787 1729 victoribus
799 1681 955 1747 tropaea,
979 1685 1072 1730 arcus
1086 1666 1244 1731 exstructi
1258 1666 1402 1732 hostium

227 1775 343 1856 spoliis
367 1790 399 1840 et
420 1775 591 1842 manubiae
615 1791 647 1841 et
670 1791 797 1858 rostra,
820 1777 892 1842 sive
905 1776 982 1842 olim
997 1778 1221 1843 Romanorum
1233 1779 1304 1843 sive
1316 1797 1403 1844 nunc

228 1888 324 1951 etiam
346 1885 576 1954 Venetorum?
601 1887 653 1952 Ex
672 1888 773 1954 sacris
791 1909 868 1954 sane
887 1888 990 1954 literis
1012 1889 1134 1954 discere
1154 1889 1209 1954 isti
1229 1905 1401 1972 poterant,

227 2018 294 2064 non
325 2000 423 2064 modo
455 2000 604 2082 praedam
639 2019 720 2082 pura
743 2001 943 2067 conscientia
969 2001 1081 2084 quaeri
1101 2016 1133 2066 et
1152 2001 1263 2067 haberi
1283 2021 1401 2084 posse,

227 2110 285 2176 sed
304 2112 367 2175 hoc
388 2111 494 2194 ipsum
515 2113 568 2178 vel
590 2111 728 2176 maxime
752 2112 932 2196 gloriosum
957 2111 1057 2194 duci,
1088 2114 1180 2195 quod
1202 2112 1286 2179 idem
1310 2113 1403 2179 cedat

228 2221 325 2287 nobis
349 2223 543 2302 commodo,
579 2223 731 2291 hostibus
755 2223 895 2304 terrori,
928 2223 1063 2290 caeteris
1087 2228 1245 2308 exemplo.
1292 2227 1402 2312 Quare

227 2334 318 2399 Deus
349 2334 419 2416 ipse
440 2337 449 2370 ¹
470 2335 555 2400 inter
586 2350 734 2415 caetera,
770 2335 894 2416 quibus
917 2336 1098 2401 Abrahami
1123 2336 1345 2419 posteritatem
1367 2357 1401 2403 se

227 2446 425 2511 donaturum
444 2447 638 2528 pollicetur,
663 2446 754 2511 addit
775 2446 858 2512 illud
880 2449 975 2512 velut
998 2448 1135 2512 maxime
1158 2447 1400 2528 honorificum,

227 2557 419 2623 effecturum
441 2577 474 2623 se
496 2573 532 2624 ut
551 2558 754 2640 possiderent
777 2573 889 2641 portas
910 2557 1118 2624 inimicorum
1139 2579 1283 2626 suorum.
1305 2560 1400 2644 Jaco-

228 2669 290 2735 bus
309 2663 320 2698 ¹
338 2685 447 2735 autem
470 2671 719 2753 possessiones,
742 2689 826 2751 quas
846 2669 993 2754 Josepho
1017 2670 1181 2754 assignat,
1211 2671 1400 2738 eonomine

225 2780 336 2846 laudat
355 2783 445 2863 quod
463 2782 530 2848 sint
547 2788 723 2866 δορύκτητοι,
747 2781 911 2863 armisque
943 2795 1061 2864 partae.
1109 2781 1154 2846 Et
1174 2782 1276 2866 Josua
1294 2782 1305 2816 ⁸
1325 2802 1399 2848 cum

227 2893 423 2960 Manassitas
441 2914 459 2959 a
478 2915 513 2961 se
532 2892 691 2973 dimittit,
715 2893 835 2978 legitur
856 2892 922 2960 iliis
942 2909 973 2959 et
987 2893 1151 2980 praedam
1173 2895 1306 2958 honoris
1323 2915 1400 2981 ergo

226 3006 373 3088 donare,
398 3020 429 3070 et
448 3010 599 3092 pretium
623 3005 733 3070 dicere
755 3009 898 3072 maneri.
944 3005 1040 3071 Sicut
1061 2993 1093 3071 et
1115 3005 1228 3072 David
1246 3006 1256 3041 ⁴
1277 3017 1399 3088 partem

226 3119 383 3202 praedae,
417 3137 514 3200 quam
538 3118 578 3182 ad
601 3116 724 3182 amicos
747 3136 847 3197 suos,
878 3117 1020 3201 ¹iudaeae
1053 3137 1204 3200 proceres
1227 3117 1398 3199 mittebat,

226 3230 277 3295 his
301 3230 410 3296 verbis
433 3229 655 3294 commendat:
682 3228 768 3294 Ecce
792 3230 882 3296 robis
909 3229 1028 3296 donum
1048 3230 1087 3296 de
1103 3227 1236 3314 praeda
1256 3230 1398 3294 hostiam

226 3342 374 3406 Domini.
409 3341 648 3407 Seneca⁵inter
666 3341 769 3425 prima
788 3339 947 3406 beneficia
966 3356 1133 3423 numerat,
1152 3346 1299 3427 pauperi
1319 3356 1400 3427 rap-

225 3467 278 3518 tas
302 3453 379 3518 belli
388 3455 472 3539 jure
492 3468 561 3538 opes
580 3452 739 3535 tradere,
764 3467 795 3518 et
819 3453 908 3538 qaod
927 3467 973 3518 est
995 3453 1203 3518 militaribus
1223 3459 1309 3521 viris
1331 3470 1398 3541 spe·

225 3569 462 3644 ciosissimum,
487 3564 624 3632 divitem
660 3564 756 3628 illam
791 3565 904 3650 spoliis
939 3569 1039 3629 etiam
1075 3565 1249 3630 hostilibus
1265 3565 1397 3649 facere.

226 3676 318 3763 Quin
333 3692 366 3741 et
378 3677 463 3742 inter
479 3677 735 3761 jurisconsultos
754 3673 1077 3742 Accursius⁸dicere
1098 3696 1163 3742 non
1184 3691 1233 3741 est
1252 3676 1397 3757 veritus,

225 3788 326 3870 magis
345 3804 493 3855 nostrum
513 3810 607 3870 esse,
632 3790 723 3871 quod
742 3810 781 3854 eo
801 3789 899 3855 modo
920 3788 1043 3854 virtute
1063 3803 1173 3853 nostra
1194 3787 1397 3870 quaesitum,

208 3964 210 3967 .
225 3921 322 3982 quam
343 3901 433 3982 quod
446 3922 463 3966 a
475 3900 653 3986 majoribus
669 3901 817 3967 relictum
831 3915 889 3966 est.
916 3901 1017 3987 Quod
1030 3920 1108 3966 vero
1121 3901 1162 3966 ad
1174 3900 1248 3966 illos
1260 3899 1396 3980 attinet,

226 4012 282 4092 qui
303 4012 432 4093 publice
451 4013 562 4078 haberi
584 4013 733 4096 praedam
757 4012 851 4078 facile
873 4012 1009 4091 ferunt,
1032 4013 1186 4095 privatim
1208 4031 1274 4078 nou
1295 4011 1397 4092 item,

229 4203 420 4211 -s-———-———-.-

259 4295 349 4344 ¹Gen.
367 4311 390 4344 c.
409 4309 450 4345 22.
466 4310 504 4345 vs.
525 4311 563 4354 17.
580 4310 604 4345 et
621 4311 644 4345 c.
661 4311 700 4358 24.
718 4313 755 4346 vs.
771 4299 812 4346 60.
838 4296 931 4347 ²Gen.
947 4312 970 4346 c.
984 4301 1025 4358 48.
1044 4299 1069 4346 in
1090 4296 1147 4346 fine.
1173 4296 1225 4346 ³c.
1242 4311 1282 4347 aa.
1305 4296 1396 4345 ⁴Sam.

226 4399 247 4434 ι.
264 4399 303 4444 30.
320 4387 346 4435 111
363 4385 422 4435 tine.
455 4385 516 4436 ⁸de
534 4387 617 4436 benet.
637 4389 682 4436 lib.
701 4402 723 4446 3.
741 4402 765 4438 c.
784 4395 823 4447 ³3·
857 4387 951 4438 ο11111.
969 4389 990 4438 si
1008 4386 1070 4450 quid
1090 4391 1115 4437 111
1135 4389 1204 4437 bello
1224 4389 1248 4437 ff.
1268 4390 1395 4450 decapti-

223 4479 271 4527 vis.
288 4479 332 4540 [D.
350 4493 390 4542 49.
413 4491 450 4534 15·
470 4480 523 4539 ata]
