3450 5434
323 631 366 692 44
632 628 679 673 ne
703 626 795 692 June
820 625 1007 672 annonae.
1032 625 1111 672 cae.
1136 626 1187 671 1v.
1261 600 1263 603 ’

323 799 380 849 aut
411 801 613 868 possessores
649 797 706 848 aut
740 779 864 848 domini
896 779 930 846 in
961 779 1103 846 solidum
1130 784 1151 844 ¹.
1213 779 1325 866 Quare
1361 795 1399 845 ut
1432 778 1498 846 for-

322 916 392 962 mae
415 894 662 974 inductionem,
686 893 730 958 ita
752 890 969 976 possessionis
993 906 1027 956 et
1048 889 1209 970 dominii,
1232 890 1376 974 privatio
1400 891 1498 958 debet

321 1007 521 1090 praecedere.
568 1005 617 1071 Ea
645 1025 723 1072 vero
752 1005 873 1088 duplex
903 1019 971 1068 est:
1004 1001 1219 1083 universalis,
1247 1016 1286 1068 ut
1307 1004 1394 1086 apud
1416 1004 1499 1088 phy·

321 1117 407 1184 sicos
436 1116 586 1183 materiae
613 1117 759 1200 primae,
787 1134 872 1198 quae
901 1135 918 1180 a
949 1129 1063 1181 natura
1097 1113 1206 1194 inest,
1241 1112 1285 1179 ita
1319 1115 1407 1197 apud
1435 1134 1497 1181 nos

320 1232 513 1303 ἀδεσποτεία,
549 1227 687 1294 dominii
719 1231 896 1309 vacuitas,
926 1226 958 1292 in
989 1226 1088 1292 rebus
1121 1225 1275 1291 omnibus
1307 1245 1375 1291 non
1398 1247 1496 1292 occu-

320 1338 424 1423 patis:
460 1359 528 1422 quo
561 1357 659 1405 sensu
692 1339 775 1405 illud
808 1337 1027 1422 intelligitur,
1059 1336 1241 1402 libertatem
1264 1351 1378 1403 natura
1401 1337 1496 1403 etiam
1590 1419 1597 1428 ·

321 1449 421 1516 mutis
454 1450 672 1517 animantibus
707 1451 830 1532 datam,
870 1449 948 1533 quia
979 1448 1126 1515 nondum
1161 1463 1272 1531 captae
1306 1447 1340 1514 in
1372 1448 1497 1516 nullius

322 1561 467 1628 dominio
496 1577 573 1628 sunt
603 1559 634 1627 ¹:
667 1560 865 1647 singularis,
891 1576 928 1627 ut
961 1561 1050 1644 apud
1081 1559 1239 1644 physicos
1268 1559 1421 1625 materiae
1447 1580 1496 1626 se·

321 1673 468 1751 eundae,
501 1674 588 1757 apud
619 1693 681 1739 nos
712 1673 849 1740 dominii
883 1670 1059 1754 detractio,
1085 1692 1170 1754 quae
1194 1691 1234 1737 ex
1262 1670 1348 1737 facto
1372 1671 1494 1738 oritur:

321 1786 417 1869 cujus
451 1785 540 1851 modi
572 1800 649 1851 sunt
682 1788 889 1869 complures,
931 1785 990 1850 secl
1026 1782 1080 1848 ille
1116 1780 1395 1865 simplicissimus,
1428 1803 1496 1865 quo

322 1897 437 1962 amissa
459 1897 666 1980 possessione
692 1895 873 1963 dominium
893 1895 1074 1977 amittitur,
1103 1915 1170 1962 non
1192 1893 1300 1960 minus
1323 1914 1421 1977 quam
1445 1915 1496 1959 ac-

323 2007 443 2090 quisita
474 2006 655 2091 acquiritur
673 2013 696 2074 ¹.
741 2007 780 2073 ld
811 2006 896 2073 enirn
923 2009 1070 2074 naturale
1102 2021 1151 2073 est
1185 2022 1218 2072 et
1240 2008 1348 2072 locum
1373 2025 1496 2088 semper

321 2120 472 2202 haberet,
505 2118 568 2184 nisi
595 2121 650 2184 lex
677 2133 792 2200 quarta
822 2117 1013 2200 obsisteret,
1038 2118 1125 2185 unde
1149 2116 1268 2209 omissa
1290 2117 1497 2200 possessione

323 2229 561 2298 vindicationes
588 2229 740 2296 oriuntur
758 2229 789 2313 ⁵,
814 2230 952 2296 deducta
975 2228 1100 2295 scilicet
1122 2228 1155 2293 in
1179 2227 1307 2294 irritum
1331 2249 1386 2311 ea,
1412 2249 1496 2310 quae

325 2357 437 2408 contra
454 2343 510 2426 jus
533 2339 618 2406 facta
642 2355 713 2423 est,
738 2341 1006 2426 apprehensione.
1030 2341 1102 2405 Lex
1122 2354 1230 2406 autem
1250 2355 1366 2422 quarta
1388 2341 1495 2405 locum

323 2453 442 2519 habere
461 2471 526 2518 non
545 2466 654 2536 potest
677 2467 787 2520 contra
807 2455 895 2537 leges
917 2452 1014 2536 primi
1037 2451 1162 2519 ordinis
1180 2457 1211 2515 ⁶:
1236 2471 1320 2534 quae
1342 2471 1416 2517 eum
1437 2471 1496 2517 no-

323 2563 374 2630 bis
406 2564 587 2630 concedant
607 2564 714 2630 omnia
734 2563 859 2647 facere,
888 2584 971 2646 quae
998 2565 1039 2628 ad
1062 2563 1150 2628 vitae
1170 2577 1301 2629 nostrae
1323 2583 1496 2646 rerumque

323 2689 506 2742 nostrarum
528 2679 662 2742 tutelam
685 2691 762 2742 sunt
781 2675 977 2758 necessaria,
1001 2673 1071 2742 sine
1090 2673 1192 2740 dubio
1211 2673 1404 2758 permittunt
1424 2672 1495 2740 tolli

323 2788 556 2871 instrumenta,
578 2787 702 2870 quibus
720 2787 927 2856 offendimur.
950 2785 1097 2853 Divitiae
1115 2800 1224 2852 autem
1236 2801 1322 2851 recte
1334 2784 1496 2851 definiun-

320 2915 375 2966 tur
402 2898 581 2968 multitudo
601 2900 892 2966 instrumentorum
912 2914 981 2964 tum
1001 2897 1035 2963 iu
1054 2918 1089 2964 re
1108 2894 1282 2979 familiari,
1302 2911 1372 2962 tum
1392 2895 1425 2962 in
1446 2918 1495 2962 re·

320 3010 485 3095 publica⁸.
516 3011 640 3078 Omnes
663 3010 763 3097 igitur
785 3031 836 3076 res
857 3010 1002 3076 hostium
1025 3008 1160 3076 totidem
1185 3023 1263 3074 sunt
1283 3006 1496 3074 instrumenta

314 3122 354 3188 in
377 3138 525 3190 nostrum
550 3121 683 3188 exitium
707 3138 909 3206 comparata:
935 3121 1057 3205 quibus
1076 3119 1200 3189 scilicet
1218 3140 1305 3220 arma
1322 3134 1493 3203 parantur,

322 3236 454 3326 aluntur
477 3232 662 3315 exercitus,
687 3233 916 3318 opprimuntur
938 3231 1074 3299 innoxii.
1127 3232 1218 3297 Haec
1241 3230 1391 3314 amoliri,
1415 3231 1495 3296 haec

324 3343 390 3410 illis
423 3359 617 3425 extorquere
641 3363 706 3411 non
729 3344 838 3412 minus
859 3363 991 3412 necesse
1010 3358 1059 3409 est
1078 3363 1175 3425 quam
1195 3342 1338 3428 gladium
1357 3341 1494 3418 furenti,

323 3455 352 3521 si
377 3475 428 3521 res
450 3469 578 3522 nostras
599 3455 717 3538 tutari,
741 3455 769 3523 si
793 3456 936 3539 denique
959 3453 1042 3521 salvi
1066 3474 1136 3521 esse
1158 3455 1323 3520 volumus.
1348 3452 1495 3520 Onesan·

323 3568 379 3633 der
406 3567 439 3631 in
467 3567 550 3632 hanc
577 3567 788 3634 sententiam:
816 3573 907 3656 ζημίαι
932 3573 991 3653 γὰρ
1018 3569 1177 3652 χρημάτων
1203 3569 1253 3634 nul
1276 3574 1390 3649 καρπῶν
1408 3568 1498 3634 ἔνδεια

322 3691 400 3762 μειοῖ
415 3682 556 3761 πόλεμον,
579 3681 668 3764 ὥςπερ
690 3687 707 3761 ἡ
726 3687 809 3752 oiulu
830 3686 939 3768 τρέφει.
963 3679 1056 3744 Nam
1080 3675 1237 3742 damnum
1257 3680 1294 3741 in
1317 3676 1414 3741 rebus
1437 3675 1497 3741 da·

322 3801 393 3854 tum
418 3787 665 3876 fructuumque
696 3805 821 3878 egestus
852 3795 975 3856 minuit
998 3788 1136 3869 bellum,
1166 3785 1254 3871 quod
1266 3786 1497 3871 facultatibus

322 3900 443 3965 alitur.
477 3898 598 3984 Neque
620 3923 700 3969 vero
723 3918 928 3986 praeceptum
952 3899 1036 3966 illud
1057 3901 1185 3978 obstat,
1209 3898 1301 3980 quod
1323 3918 1382 3964 nos
1404 3897 1498 3983 jubet

321 4010 435 4079 alienis
454 4011 634 4080 abstinere:
659 4033 733 4079 cum
754 4032 796 4081 ne
819 4013 902 4080 illud
925 4011 1057 4095 quidem
1080 4013 1188 4076 locum
1207 4009 1409 4090 hichabeat,
1429 4029 1497 4092 quo

336 4175 515 4187 ¹*-

356 4255 364 4289 ¹
383 4260 400 4306 l.
419 4257 439 4307 si
456 4271 483 4308 ut
499 4271 580 4309 certo.
597 4264 619 4319 ς.
633 4260 655 4309 si
669 4261 776 4310 duobus.
794 4259 819 4309 ff.
838 4259 1001 4310 commodnti.
1020 4259 1064 4322 [D.
1082 4272 1121 4318 ι3.
1133 4260 1156 4308 6.
1172 4271 1195 4315 3.
1211 4261 1233 4316 l.
1255 4258 1306 4320 15.]
1331 4254 1342 4290 ²
1360 4259 1420 4308 Tac.
1438 4257 1497 4306 hist.

323 4349 372 4409 l.4.
388 4361 411 4397 c.
432 4361 470 4408 17.
487 4353 504 4398 l.
520 4353 666 4400 naturalem.
684 4350 710 4399 ff.
726 4353 758 4400 de
774 4365 829 4412 aeq.
847 4352 915 4399 dom.
934 4351 978 4413 [D.
992 4364 1033 4412 4¹·
1051 4365 1071 4400 r.
1087 4351 1122 4412 5.]
1142 4351 1173 4398 V.
1188 4346 1260 4406 ojus
1273 4351 1396 4398 naturale.
1407 4350 1496 4411 [Dect.

327 4440 477 4500 Grat.p.1.
497 4455 518 4490 r.
538 4441 575 4504 7.]
610 4440 656 4490 Ι1.
675 4455 697 4500 3.
715 4445 736 4502 ξ.
753 4439 887 4491 ulnffide
902 4455 958 4501 acq.
972 4443 1041 4490 dom.
1060 4442 1104 4503 [D.
1117 4454 1159 4503 41.
1181 4441 1214 4503 r.]
1249 4439 1497 4490 ⁴l.inrem.ff.de

323 4530 361 4580 rei
378 4529 448 4580 vind.
462 4532 506 4594 [D.
520 4533 545 4581 6.
561 4547 582 4582 r.
597 4534 650 4596 23.]
668 4531 679 4566 ⁸
694 4547 726 4584 err
740 4536 846 4594 legera.
862 4531 968 4582 ‘Arist
981 4535 1013 4582 de
1027 4545 1082 4594 rep.
1095 4535 1113 4580 l.
1131 4544 1185 4581 1.c.
1195 4534 1218 4579 8.
1235 4531 1273 4593 [p.
1286 4531 1358 4588 1256.
1368 4545 1390 4579 2.
1399 4544 1440 4580 vs.
1457 4532 1501 4589 36.

888 4764 909 4802 l
