3450 5434
325 625 388 686 270
629 625 675 670 DE
698 625 792 692 JURE
819 625 1003 673 tubunas.
1030 626 1109 672 CAP.
1135 626 1215 672 XIII.

322 778 401 842 dum
434 798 491 844 rex
525 778 594 860 ipse
627 799 688 844 sua
720 794 882 862 potestate
916 799 981 844 non
1024 779 1148 844 utitur:
1185 778 1327 864 Alioqui
1355 779 1498 865 populos

321 893 390 976 ipsa
421 892 558 975 ipsaque
590 890 778 975 respublica
806 894 989 955 maximum
1023 891 1128 955 obiret
1151 889 1331 956 discrimen
1355 904 1386 955 et
1405 893 1499 977 peri·

322 999 455 1080 culum,
479 1004 536 1065 cui
557 1001 684 1068 obuiam
706 1005 976 1087 irenonpossct:
1001 1000 1498 1086 quodastegregiaabsurdum.

322 1109 416 1176 Paria
447 1126 525 1176 sunt
555 1110 587 1176 in
618 1112 692 1195 jure
723 1131 790 1178 non
822 1132 893 1179 esse
924 1127 957 1177 et
990 1131 1060 1178 esse
1084 1110 1213 1177 inutile.
1260 1112 1373 1176 Paria
1397 1125 1498 1192 sunt,

322 1221 434 1303 inquit
466 1221 654 1287 Castrensis
672 1221 707 1303 ¹,
741 1245 805 1287 non
839 1224 961 1289 habere
994 1227 1195 1308 superiorem
1224 1223 1280 1289 rel
1300 1223 1421 1288 habere
1443 1245 1499 1288 na-

319 1333 511 1418 gligantcm.
535 1331 570 1398 Si
592 1333 635 1398 ob
657 1333 834 1399 absentiam
848 1335 901 1399 vel
914 1335 1101 1417 neglectum
1112 1333 1275 1416 Principis
1288 1331 1498 1400 inferioribus

322 1441 567 1538 magistratibus
590 1444 714 1510 bellum
738 1443 906 1526 suscipere
930 1443 1125 1525 permissum
1150 1459 1222 1525 est,
1246 1458 1371 1526 quanto
1395 1445 1498 1528 magis

324 1553 352 1619 si
381 1554 450 1637 ipse
479 1553 635 1637 Princeps
656 1553 808 1639 injuriam
829 1553 930 1620 faciat
953 1553 1173 1636 reipublicae,
1197 1576 1282 1637 quae
1305 1555 1368 1622 nisi
1399 1556 1498 1621 armis

323 1665 456 1751 reprimi
484 1685 550 1730 non
573 1665 708 1748 possit?
733 1665 901 1751 Theologi
921 1659 934 1695 ²
953 1684 1019 1731 non
1040 1664 1088 1731 illi
1112 1681 1264 1746 tantum,
1297 1666 1355 1747 qui
1379 1667 1498 1749 Papam

324 1776 479 1843 Concilio
490 1776 693 1860 subjiciunt,
715 1776 774 1842 sed
785 1776 920 1843 alterius
934 1774 1106 1859 factionis,
1128 1778 1185 1860 qui
1198 1797 1296 1860 supra
1310 1777 1499 1842 Concilium

323 1887 530 1953 Pontificiam
554 1902 683 1970 ponunt
705 1886 952 1967 auctoritatem,
986 1888 1112 1954 addunt
1135 1903 1266 1969 umen,
1293 1886 1321 1952 si
1343 1886 1499 1952 Pontifex

323 1999 504 2064 Ecclesiam
539 1999 709 2080 destruat,
742 2017 840 2081 posse
876 1999 1051 2065 convocari
1076 1999 1267 2065 Concilium
1294 2014 1407 2064 contra
1428 1999 1499 2082 ejus

323 2112 550 2190 voluntatem,
584 2110 722 2193 ejusque
751 2109 895 2175 Concilii
923 2109 1121 2175 auctoritate
1151 2110 1247 2175 etiam
1279 2110 1338 2189 vi,
1362 2109 1390 2174 si
1414 2127 1499 2192 opus

324 2235 431 2302 esset,
455 2220 561 2287 resisti
585 2219 765 2301 Pontifici,
789 2236 822 2286 et
841 2220 1066 2286 mandatorum
1080 2220 1323 2286 exsecutionem
1337 2219 1498 2303 impediri.

325 2333 419 2419 Quid
438 2346 546 2398 autem
568 2331 658 2397 aliud
680 2347 730 2398 est
750 2332 960 2412 Concilium,
985 2352 1083 2414 quam
1096 2331 1239 2397 Ordines
1252 2331 1494 2398 ecclesiastici?

323 2443 408 2525 quid
438 2441 603 2524 Ordines,
636 2463 734 2524 quam
768 2443 957 2510 Concilium
982 2443 1109 2510 civile?
1157 2445 1273 2526 Atque
1295 2445 1348 2508 vel
1368 2443 1493 2510 idcireo

325 2557 401 2643 pius
431 2554 531 2620 debet
556 2553 654 2620 licere
674 2554 856 2621 Ordinibus
881 2556 914 2621 in
937 2555 1145 2638 Principem,
1171 2575 1268 2637 quam
1291 2553 1445 2621 Concilio
1465 2553 1501 2620 iu

324 2667 465 2749 Papam,
486 2665 565 2747 quia
577 2665 696 2749 Papam
709 2665 768 2748 qui
781 2667 896 2732 dicunt
907 2667 1092 2733 immediate
1102 2680 1298 2750 potestatem
1309 2686 1327 2730 a
1340 2665 1498 2744 Christo,

326 2797 393 2844 non
426 2779 465 2843 ab
488 2777 639 2843 Ecclesia
662 2777 850 2861 accepisse,
875 2778 1060 2862 Principem
1083 2793 1190 2844 tamen
1212 2775 1358 2843 fatentur
1377 2777 1499 2842 nullam

181 2930 218 2975 E,
230 2929 313 2976 „m
326 2889 444 2955 habere
464 2889 694 2956 auctoritatem
716 2889 780 2956 nisi
803 2911 821 2954 a
843 2890 1013 2973 republica
1023 2889 1045 2955 ⁸.
1092 2889 1291 2955 Habuerunt
1303 2888 1405 2974 igitur
1417 2884 1500 2952 Hol-

178 2984 241 3045 ¹²⁰¹·
327 3001 454 3067 landiae
478 3001 621 3068 Ordines
639 3001 694 3084 jus
714 3001 793 3066 belli
816 3001 1005 3082 indicendi,
1031 3000 1123 3083 quod
1143 3000 1252 3083 ipsum
1275 3001 1381 3065 multo
1405 2999 1499 3064 etiam

326 3112 552 3179 clariusdocet
563 3113 603 3178 ab
615 3112 719 3179 initiis
729 3112 929 3196 reipublicae
940 3112 1157 3178 Hollandicae
1166 3124 1502 3192 sacrosanctasemper

328 3223 491 3291 Ordinum
525 3225 703 3291 auctoritas
726 3223 989 3309 longissimoque
1010 3237 1192 3306 temporum
1213 3242 1277 3288 usu
1300 3221 1448 3301 firmata,
1471 3237 1502 3285 et

327 3338 416 3419 leges
445 3336 568 3419 patriae
597 3335 770 3401 Brabantis
791 3336 869 3401 olim
892 3333 1054 3418 scriptae,
1078 3355 1155 3400 mox
1174 3354 1250 3400 cum
1272 3333 1409 3398 caeteris
1430 3332 1501 3397 liei-

328 3466 441 3530 garum
472 3446 662 3512 nationibus
693 3447 973 3527 communicatae,
1000 3467 1084 3528 quae
1108 3445 1228 3512 diserte
1253 3459 1371 3510 cavent
1396 3457 1432 3509 ut
1452 3443 1502 3509 in·

328 3574 455 3642 regrum
477 3557 520 3622 sit
541 3557 723 3624 Ordinibus
743 3577 872 3623 omnem
891 3556 989 3622 fidem
1009 3571 1107 3640 atque
1128 3557 1366 3624 observantiam
1387 3573 1501 3640 negare

167 3672 314 3788 sffliujp
328 3669 474 3751 Principi
503 3669 577 3753 jura
596 3670 699 3752 patria
719 3669 857 3735 violanti
879 3669 901 3734 ⁴.
947 3670 999 3735 De
1020 3669 1127 3737 causis
1150 3683 1259 3734 autem
1281 3667 1360 3734 belli
1378 3669 1500 3753 hujus,

168 3737 276 3846 “tiit-f
275 3780 316 3825 '¹⁶⁸'
328 3781 421 3863 quod
452 3781 492 3845 ab
524 3781 701 3846 Hollandis
731 3781 853 3862 pariter
887 3801 963 3846 cum
996 3780 1068 3848 aliis
1103 3781 1275 3866 Belgarum
1309 3778 1502 3847 nationibus

168 3834 228 3881 arde.

361 4017 369 4050 ¹
390 4020 430 4066 Ad
455 4021 472 4066 l.
497 4031 529 4066 cx
554 4020 605 4065 hoc
626 4015 682 4073 jure
700 4017 726 4065 ff.
745 4018 776 4065 de
793 4015 852 4073 just.
872 4029 897 4064 et
914 4015 970 4074 jure
990 4015 1035 4080 [D.
1057 4031 1077 4065 1.
1099 4030 1119 4065 1.
1139 4017 1175 4078 s.]
1194 4030 1221 4065 ιι.
1243 4018 1281 4065 18.
1316 4013 1407 4064 'Silm
1426 4015 1460 4062 in.
1478 4029 1502 4062 v.

327 4111 402 4170 Papa.
419 4122 444 4157 n.
463 4124 487 4169 4.
506 4110 580 4157 Card.
599 4109 631 4156 dc
648 4107 724 4157 'lutri
743 4119 852 4156 cremata
871 4107 915 4156 lib.
935 4121 958 4164 3.
978 4122 1001 4156 c.
1022 4121 1060 4156 ιο.
1078 4107 1146 4155 Vict.
1164 4109 1195 4156 de
1214 4119 1269 4167 pot.
1286 4107 1368 4166 rapae
1386 4117 1411 4154 ct
1430 4117 1503 4153 conc.

327 4214 353 4248 ιι.
371 4212 411 4256 2³·
430 4210 455 4247 et
474 4213 515 4260 24.
548 4195 559 4230 ⁸
577 4199 645 4247 Vict.
663 4201 694 4248 de
712 4209 767 4259 pot.
786 4197 919 4247 ecclesiae.
938 4213 962 4258 q.
982 4211 1005 4255 ³·
1023 4212 1048 4246 ιι.
1069 4213 1092 4246 a.
1110 4199 1215 4246 covarr.
1234 4209 1315 4258 pract.
1333 4207 1430 4256 quaest.
1448 4207 1503 4242 αι.

328 4293 412 4339 concl.
438 4304 463 4338 a.
488 4303 514 4339 et
540 4290 566 4338 in
592 4304 615 4339 c.
639 4301 773 4350 peccatum
792 4293 814 4348 5.
832 4303 857 4351 9.
882 4303 908 4338 n.
927 4291 950 4336 6.
970 4292 1012 4337 all.
1033 4288 1115 4345 Caiet.
1133 4289 1158 4336 in
1178 4291 1270 4336 summ.
1290 4301 1313 4335 2.
1332 4301 1355 4335 a.
1380 4299 1402 4334 ι.
1424 4299 1461 4333 ιο.
1480 4297 1503 4332 et

329 4395 352 4429 c.
381 4395 401 4430 ι.
427 4393 499 4431 tract.
525 4396 548 4430 a.
573 4384 605 4430 de
629 4393 683 4442 pot.
711 4383 793 4441 Papae
818 4393 843 4428 ct
868 4394 942 4428 conc.
976 4379 1035 4428 ⁴V.
1061 4381 1106 4429 sub
1133 4377 1209 4427 finem
1233 4377 1305 4426 Laeti
1323 4375 1463 4436 introitus,
1480 4387 1504 4422 et

330 4472 476 4521 Guicciard.
494 4473 519 4520 in
538 4487 561 4521 c.
580 4475 612 4520 cle
629 4473 772 4532 privilegiis
791 4471 980 4519 brabantorum.
