3450 5434
489 636 537 683 ΒΕ
559 635 653 703 Jurttt
678 634 866 682 PRABDAE·
892 634 975 681 CAP·
998 634 1083 682 v111.
1319 636 1379 699 107

208 792 349 860 sublatis
378 792 515 857 tollatur
541 788 638 853 etiarn
671 787 868 871 respublica.
915 785 1066 853 Affirmat
1095 784 1243 853 Thomas
1277 806 1381 870 poena

208 904 318 971 damni
347 922 408 986 pro
435 902 537 967 altero
569 897 653 965 affici
684 916 764 979 eos,
796 898 855 981 qui
887 897 922 965 id
941 896 1032 979 quod
1052 911 1131 965 sunt
1150 898 1282 965 alterius
1302 915 1382 967 sunt

209 1012 365 1080 etceluti
394 1026 524 1095 partes,
558 1009 650 1092 quod
678 1028 744 1077 non
774 1008 884 1077 minus
907 1008 941 1075 in
962 1007 1105 1077 subditis
1128 1029 1225 1091 quam
1248 1008 1281 1075 in
1302 1008 1382 1077 filiis

208 1139 241 1189 et
259 1123 365 1190 servis
402 1120 551 1190 obtinere
579 1120 689 1187 debet.
742 1119 874 1201 Atqui,
895 1118 983 1187 sicut
1000 1118 1164 1200 diximus,
1188 1120 1382 1202 plerumque

208 1248 287 1299 sunt
314 1247 404 1301 extra
432 1233 579 1315 culpam:
611 1250 725 1299 verum
753 1229 911 1312 quidem,
939 1230 999 1296 sed
1021 1230 1142 1297 docent
1165 1229 1263 1297 iidem
1285 1232 1382 1299 scho-

207 1343 316 1411 lastici
334 1345 346 1384 ¹
366 1342 491 1426 imponi
517 1360 655 1425 poenam
683 1361 863 1423 numquam
893 1341 963 1409 sine
992 1340 1113 1423 culpa,
1146 1360 1243 1424 saepe
1274 1356 1382 1409 tamen

208 1454 280 1521 sine
299 1456 397 1537 culpa
417 1453 488 1537 ejus
510 1454 570 1536 qui
591 1452 750 1535 punitur,
774 1471 842 1518 non
864 1466 972 1519 tannen
992 1450 1062 1519 sine
1081 1472 1198 1534 causa,
1223 1472 1308 1534 quae
1328 1452 1383 1519 hic

208 1580 258 1633 est
278 1564 427 1632 evidens.
472 1564 519 1633 Et
548 1564 629 1629 haec
656 1578 706 1629 est
725 1565 806 1630 sola
822 1562 907 1631 ratio
926 1558 937 1595 ²
957 1582 1039 1645 quae
1057 1562 1261 1646 repressalias
1283 1562 1382 1630 susti·

208 1690 285 1758 net,
308 1694 376 1741 non
398 1674 557 1759 proximis
576 1674 735 1741 duntaxat
757 1673 920 1755 saeculis,
941 1673 1000 1740 sed
1019 1673 1138 1757 priscis
1161 1673 1256 1741 etiam
1278 1674 1383 1758 genti·

209 1788 273 1855 bus
293 1800 491 1870 usurpatas,
520 1784 788 1869 pignorationum
820 1800 854 1852 et
872 1790 1063 1869 dubpauprdv
1082 1785 1267 1852 vocabulo:
1292 1786 1383 1867 quod

210 1897 297 1966 enim
319 1896 404 1965 civis
427 1897 509 1963 mihi
532 1897 649 1977 debet,
670 1896 735 1963 hoc
758 1895 857 1961 debet
875 1894 1061 1978 respublica
1079 1896 1134 1979 jus
1145 1914 1211 1963 non
1222 1895 1384 1978 reddens,

210 2022 244 2075 et
264 2008 357 2097 quod
383 2006 589 2091 respublica,
619 2008 684 2073 hoc
713 2005 804 2075 cives
822 2005 963 2090 singuli:
987 2005 1080 2088 quod
1099 2006 1267 2075 Bartolum
1286 2004 1298 2043 ⁸
1314 2026 1382 2075 non

211 2118 341 2187 fefellit.
384 2099 528 2187 Accedit
556 2117 799 2187 commoditatis
818 2117 926 2199 ratio,
951 2116 1030 2199 quia
1052 2117 1231 2184 creditores
1252 2118 1383 2199 aliunde

207 2232 387 2315 jussuum
415 2229 574 2311 consequi
605 2228 700 2296 facile
730 2247 798 2295 non
830 2243 994 2312 possunt,
1019 2227 1099 2313 ipsis
1120 2243 1229 2297 autern
1252 2228 1383 2297 civibus

209 2340 295 2407 inter
313 2360 349 2406 se
370 2340 481 2409 minus
503 2339 749 2407 incommodum
771 2355 822 2407 est
841 2340 1028 2409 actionibus
1048 2339 1188 2423 experiri
1208 2339 1220 2375 ⁴
1240 2341 1384 2424 ecquod

210 2452 354 2536 quisque
372 2451 482 2518 damni
500 2470 615 2535 passus
635 2466 705 2534 est,
730 2452 770 2519 ab
790 2471 829 2518 eo
847 2470 1039 2536 reposcere,
1063 2451 1122 2536 qui
1142 2453 1175 2521 in
1195 2453 1291 2536 culpa
1308 2450 1383 2518 mit.

210 2562 378 2645 Breviter,
410 2576 450 2629 ut
479 2562 645 2629 materiam
675 2561 780 2631 forma
810 2562 1008 2649 restringat,
1040 2578 1175 2633 eatenus
1197 2563 1318 2630 ballum
1340 2563 1382 2629 ab
1396 2582 1540 2651 canam

210 2674 386 2760 agentibus
414 2674 609 2742 uoluntaria
630 2675 726 2761 justa
752 2678 915 2762 geritur,
939 2688 1103 2759 quatenus
1134 2679 1231 2740 intra
1262 2674 1302 2741 td
1323 2637 1526 2760 jusfss'sf'ia'

211 2798 345 2867 manat,
369 2804 433 2870 quo
451 2784 492 2851 da
512 2789 654 2872 agitur,
677 2789 838 2871 intraque
859 2799 1019 2872 personas
1051 2788 1082 2850 ai
1104 2786 1185 2871 juri
1207 2785 1383 2872 obligatas.

213 2895 289 2963 Hoc
310 2895 418 2978 ipsum
439 2896 600 2979 subiectis
621 2894 795 2979 speciebus
818 2895 940 2963 clarius
962 2895 1114 2980 explicari
1137 2908 1268 2979 potest,
1291 2914 1384 2977 prae*

210 3006 325 3073 sertim
355 3007 389 3073 in
419 3006 566 3075 subditis
596 3007 743 3077 hostiurn
773 3006 1004 3091 publicorum,
1038 3007 1079 3074 de
1102 3006 1226 3089 quibus
1246 3004 1384 3073 maxime

210 3118 372 3201 disputari
401 3119 487 3183 solet
511 3116 600 3185 inter
628 3117 713 3203 juris
733 3117 843 3187 bellici
867 3132 1016 3186 auctores
1035 3118 1060 3186 ⁵.
1104 3117 1278 3204 Quatenus
1307 3136 1384 3202 ergo

210 3248 324 3295 uerum
345 3227 391 3296 sit
410 3227 630 3312 Euripideum
653 3229 740 3297 illud
759 3229 950 3297 videamus:

400 3343 521 3423 nudanda
541 3340 625 3416 ἅπας
644 3368 687 3409 rat
709 3344 862 3421 πολεμίους
884 3338 914 3416 ὃς
935 3342 973 3409 ἂν
993 3341 1097 3424 maian.

391 3448 506 3515 Purus
523 3454 666 3535 piusque
689 3462 736 3514 est
759 3454 909 3534 quisquis
932 3451 1052 3517 hostem
1076 3450 1245 3517 occiderit.

255 3559 302 3625 Et
321 3579 399 3627 num
420 3574 506 3625 recte
522 3559 643 3627 Tacito
663 3560 808 3627 dictum:
829 3566 960 3646 inpane
977 3575 1140 3629 causarer
1153 3566 1277 3628 marita
1296 3578 1383 3650 spea-

211 3673 286 3734 tari
296 3717 309 3750 ,
333 3671 389 3745 ubi
415 3670 536 3737 bellum
565 3676 708 3757 ingruat
728 3675 914 3740 innocentes
932 3691 972 3736 ac
993 3675 1106 3737 noxios
1119 3672 1229 3757 juxta
1250 3672 1381 3742 cadara.

212 3780 265 3845 Ex
287 3781 348 3847 hac
371 3782 457 3848 enim
478 3781 694 3849 similitudine
712 3783 769 3866 jus
790 3782 926 3872 praedae
946 3781 1093 3865 apertius
1115 3781 1183 3849 fiet.
1230 3784 1286 3850 Ad
1309 3804 1512 3857 cor-ruma

211 3910 275 3974 pus
297 3893 389 3975 quod
407 3891 540 3972 attinet,
562 3892 686 3959 offendi
709 3912 748 3958 ex
767 3893 897 3978 legibus
915 3892 1011 3975 primi
1038 3893 1185 3978 ordinis,
1207 3914 1291 3978 quae
1312 3861 1501 3961 ani-‘um'

211 4058 408 4071 -—n-

247 4151 256 4184 ¹
275 4164 298 4200 c.
315 4151 370 4203 sine
387 4152 470 4213 culpa.
488 4154 520 4200 de
537 4165 589 4213 reg.
606 4150 656 4209 jur.
674 4165 699 4201 et
717 4152 754 4202 ibi
771 4155 867 4213 naum.
887 4152 1024 4218 [Decretal.
1041 4155 1068 4205 ln
1085 4156 1110 4205 6.
1128 4167 1152 4213 ⁵·
1172 4140 1210 4204 η’.
1229 4168 1253 4211 5·
1263 4168 1315 4216 reg.
1329 4158 1383 4219 aa]

212 4243 275 4295 Silv.
298 4243 325 4293 in
349 4256 376 4290 v.
401 4244 494 4293 Poena,
518 4242 544 4291 in
569 4243 651 4303 princ.
685 4241 804 4295 'Tuom
823 4258 847 4293 n.
875 4258 898 4294 a.
916 4258 941 4305 q.
962 4248 1017 4295 108.
1036 4258 1083 4295 art.
1099 4260 1125 4308 4.
1143 4246 1216 4295 Adde
1234 4246 1295 4295 sllv.
1314 4246 1340 4295 in
1359 4262 1385 4297 v.

212 4334 320 4381 Bellum.
337 4335 361 4391 ς.
381 4346 422 4382 11.
440 4336 525 4385 concl.
542 4335 567 4382 6.
583 4345 610 4382 et
627 4347 652 4392 7.
685 4332 740 4383 ⁸in
757 4345 830 4385 tract.
848 4337 880 4385 de
897 4350 1004 4397 reptem.
1023 4338 1049 4386 in
1067 4352 1105 4397 pr.
1122 4337 1195 4388 Adde
1214 4341 1231 4385 l.
1250 4351 1271 4385 r.
1289 4338 1315 4386 in
1333 4336 1384 4387 line

213 4421 241 4471 ff.
258 4425 289 4472 de
316 4436 401 4473 exerc.
418 4436 469 4476 act·
498 4422 540 4487 [D.
571 4438 611 4486 14·
640 4424 674 4486 u]
702 4426 779 4476 Mart.
796 4428 874 4477 Laud.
892 4430 924 4479 dc
942 4428 1021 4478 bello.
1038 4442 1064 4489 q,
1083 4432 1123 4487 ³8.
1157 4428 1203 4479 tq,
1224 4443 1245 4480 r.
1264 4431 1293 4479 C.
1310 4440 1385 4480 sumt.

212 4511 335 4571 injuncti.
350 4514 398 4576 [c.
418 4527 457 4566 ιι.
475 4510 528 4578 sa]
563 4514 622 4563 ὅν.
640 4514 709 4568 vict.
726 4528 753 4568 n.
770 4528 802 4575 ³7
819 4529 845 4567 et
861 4530 903 4580 4⁵·
