3450 5434
314 629 375 691 190
618 627 664 674 DE
690 628 781 691 June
808 626 995 675 Pannona.
1022 627 1091 675 CAP
1125 630 1177 675 xl.

310 781 500 847 Lusitaniae
529 783 718 863 loquentem
750 784 854 847 multa
886 780 1185 866 interrogarentur,
1209 782 1390 867 ignorantia
1416 804 1484 850 ser-

310 894 438 974 monis,
462 892 548 958 forte
567 908 599 957 et
618 913 760 977 pavore,
784 908 823 959 ut
843 893 991 977 elingues
1008 894 1169 977 jacebant.
1212 894 1357 979 Jubente
1375 898 1485 984 legato

310 1008 351 1072 ad
373 1005 607 1071 Lusitanorum
630 1005 856 1071 accusationes
879 1004 1094 1087 responderi,
1128 1005 1185 1087 qui
1209 1006 1346 1073 miseros
1369 1022 1487 1073 nautas

310 1118 464 1200 piraticae
494 1115 635 1181 feritatis
666 1136 739 1182 reos
772 1101 932 1200 agebant,
967 1136 1042 1180 cum
1076 1115 1116 1181 ad
1140 1116 1217 1181 haec
1241 1137 1378 1199 quoque
1401 1119 1488 1185 nihil

309 1243 445 1313 possent
465 1228 623 1307 reddere,
653 1226 817 1293 instabant
841 1226 994 1293 Lusitani
1019 1242 1056 1291 ut
1079 1227 1248 1293 silentium
1271 1248 1332 1311 pto
1357 1229 1488 1295 conses-

309 1342 402 1407 sione
433 1339 642 1422 reciperetur.
688 1337 856 1403 Credibile
893 1354 941 1404 est
964 1339 1139 1405 accessisse
1163 1353 1195 1403 et
1218 1339 1423 1420 mercedem,
1450 1356 1488 1407 ut

309 1452 450 1535 captivis
471 1451 506 1515 in
529 1451 662 1529 illorum
680 1464 843 1532 potestate
864 1449 1012 1531 relictis,
1035 1452 1128 1515 velut
1137 1470 1172 1515 re
1183 1448 1303 1516 infecta
1314 1451 1487 1519 rediretur.

310 1562 497 1629 Praefectus
528 1581 605 1629 sane
639 1561 858 1627 Cantonensis
894 1560 1078 1646 indignari,
1104 1562 1232 1627 elusum
1257 1580 1291 1626 se
1315 1562 1413 1646 legati
1438 1562 1488 1646 ig-

310 1675 427 1757 navia,
461 1688 492 1739 et
522 1674 587 1757 jam
617 1671 719 1739 ferme
753 1673 845 1754 quod
871 1692 926 1737 res
960 1686 1029 1737 erat
1061 1673 1249 1756 conjicere,
1274 1687 1312 1737 ut
1336 1692 1414 1757 gens
1438 1688 1488 1739 est

239 1864 243 1869 ι
310 1786 544 1866 solertissima,
567 1786 632 1849 hoc
656 1784 707 1868 agi
732 1799 771 1849 ut
791 1798 934 1849 caeterae
958 1783 1110 1851 nationes
1133 1784 1265 1851 Sinensi
1288 1785 1487 1851 commercio

311 1911 546 1963 averterentur.
597 1896 683 1961 Cum
718 1916 805 1962 nova
828 1894 1013 1960 immineret
1035 1895 1179 1979 legatie,
1204 1914 1289 1977 quae
1312 1896 1388 1962 dedi
1412 1917 1487 1979 cap-

310 2009 399 2075 tivos
429 2009 500 2074 sine
522 2006 713 2090 exceptione
737 2008 940 2088 postularet,
965 2020 1193 2089 procuratores
1218 2007 1485 2087 Lusitanorum,

311 2120 370 2201 qui
394 2118 536 2183 Cantoni
554 2118 785 2197 morabantur,
811 2117 882 2201 ejus
906 2118 953 2183 rei
976 2118 1129 2184 nuntium
1155 2119 1196 2183 ad
1218 2119 1488 2185 suoslllacaunta

311 2229 545 2313 praemittunt,
576 2244 612 2295 ut
634 2242 758 2293 mature
781 2230 879 2294 rebus
902 2230 971 2295 suis
995 2231 1225 2310 consulerent,
1251 2228 1380 2295 fraudes
1405 2232 1488 2297 alio-

311 2341 391 2423 quin
412 2355 594 2423 erupturas.
618 2339 810 2421 Numquam
835 2339 915 2406 alias
938 2340 1175 2405 Lusitanorum
1202 2355 1291 2405 tanta
1311 2342 1487 2424 trepidatio

311 2452 395 2518 fuit:
420 2451 576 2517 videbant
595 2451 680 2516 enim
700 2471 760 2516 nec
779 2451 980 2516 deditionem
1001 2454 1070 2516 ullo
1091 2452 1189 2517 modo
1209 2452 1352 2519 recusari
1372 2472 1486 2535 posse,

313 2564 396 2629 etsi
420 2562 511 2628 lieret
542 2562 666 2629 deditio
699 2564 854 2646 patebat,
889 2580 970 2644 quas
1004 2561 1037 2627 in
1065 2581 1100 2626 se
1124 2562 1354 2645 suspiciones,
1388 2584 1485 2646 quam

311 2673 474 2741 infamiam
488 2674 694 2741 excitassent.
720 2667 770 2739 xe
783 2672 919 2754 ancipiti
932 2672 1131 2755 praesidium
1144 2694 1161 2739 a
1173 2676 1294 2739 scelere
1307 2690 1339 2739 et
1350 2675 1487 2741 audacia

312 2802 526 2866 mutuantur,
549 2805 709 2851 memores
722 2784 874 2864 scilicet,
898 2787 1036 2851 stultum
1049 2804 1118 2851 esse
1131 2784 1164 2850 in
1176 2785 1341 2868 peccando
1352 2788 1486 2853 modum

311 2918 449 2963 servare.
497 2897 683 2962 Consilium
712 2911 801 2977 erat,
826 2915 867 2960 ne
892 2895 1038 2961 exhiberi
1062 2912 1221 2978 possent,
1246 2915 1359 2962 ornnes
1387 2897 1486 2963 inter·

312 3008 408 3074 ficere
427 3007 520 3090 quasi
540 3007 685 3091 judicio:
713 3008 770 3072 sed
791 3007 914 3072 Paulus
935 3006 1122 3121 praefectus
1144 3008 1305 3090 (dandum
1329 3022 1379 3074 est
1400 3010 1486 3075 enim

312 3120 536 3201 qualicunque
560 3118 764 3183 innocentiae
784 3118 1031 3202 testimonium)
1052 3118 1109 3183 diu
1123 3120 1351 3185 cunctabatur.
1384 3120 1488 3207 Quod

313 3230 398 3296 enim
423 3228 508 3293 illud
528 3228 691 3311 judicium
713 3227 783 3293 fore
807 3229 840 3291 in
864 3230 946 3293 urbe
967 3248 1034 3295 non
1058 3248 1137 3311 sua,
1162 3230 1195 3294 in
1220 3230 1369 3297 homines
1394 3250 1488 3313 pere·

313 3340 425 3425 grinos
448 3354 481 3404 et
504 3339 605 3404 libera
637 3338 772 3421 capita?
805 3358 872 3403 non
903 3340 1142 3423 Ulyssiponem
1165 3360 1259 3420 reos,
1282 3360 1348 3407 non
1373 3344 1487 3409 saltem

312 3452 354 3518 ad
372 3450 550 3533 praesidem
570 3449 683 3515 mitti?
722 3449 792 3515 Vix
812 3452 958 3533 perpulit
978 3452 1167 3532 quaesitor,
1191 3468 1229 3517 ut
1252 3472 1370 3519 nomen
1390 3473 1486 3519 suum

312 3561 491 3629 sententiae
523 3560 662 3627 adscribi
695 3576 870 3643 pateretur.
917 3563 966 3628 lta
988 3582 1043 3627 sex
1068 3564 1216 3630 homines
1241 3564 1422 3643 Hollandi,
1446 3564 1487 3647 (o

311 3674 438 3758 patria,
463 3693 483 3737 o
504 3673 578 3757 jura
610 3688 642 3738 et
666 3675 775 3757 leges,
809 3688 840 3738 et
864 3672 988 3740 frusta
1011 3674 1098 3739 domi
1122 3674 1253 3742 defensa
1276 3675 1429 3759 libertas)
1453 3676 1485 3739 in

313 3806 413 3871 regno
437 3784 612 3866 Sinarum,
644 3785 735 3865 quod
760 3784 919 3851 Hollandi
943 3784 1044 3850 tantis
1067 3786 1256 3867 laboribus,
1279 3786 1380 3853 tantis
1402 3787 1487 3869 peri·

311 3898 397 3963 culis
417 3895 603 3978 quaesitum
635 3896 783 3977 iverant,
817 3896 876 3962 ubi
906 3896 968 3978 ipsi
993 3895 1138 3963 vicissim
1162 3898 1422 3979 expetebantur,
1448 3899 1486 3963 ab

312 4007 483 4091 inquilinis
505 4006 675 4073 Lusitanis
698 4008 924 4073 crudelissimo
946 4008 1180 4089 teterrimoque
1200 4008 1366 4092 supplicio
1387 4010 1487 4075 latro-

311 4140 390 4186 num
414 4135 447 4185 et
469 4119 644 4201 piratarum
677 4118 874 4184 afficiuntur.
916 4119 1120 4200 ¹Spectabunt
1152 4120 1231 4184 baec
1266 4120 1487 4186 miserabundi

313 4231 465 4301 Sinenses
489 4245 522 4295 et
549 4249 625 4295 mox
654 4250 769 4295 averso
795 4233 893 4294 vultu
913 4231 1071 4311 orabant,
1096 4245 1133 4295 ut
1153 4250 1370 4313 quaecunque
1392 4251 1486 4315 gem,

313 4360 531 4425 quaecunque
554 4358 710 4407 terrarum
736 4362 792 4406 ora
815 4340 848 4406 in
872 4360 968 4407 suum
991 4360 1147 4409 oceanum
1166 4343 1313 4426 hospites
1324 4362 1488 4424 suumque

313 4454 406 4519 littus
426 4452 589 4533 misisset,
611 4453 639 4518 si
651 4453 742 4535 quod
753 4452 820 4519 illis
830 4472 975 4533 numen,
999 4454 1025 4520 si
1040 4456 1243 4539 quapatria,
1267 4476 1307 4522 ne
1321 4468 1487 4523 manerent
