3450 5434
354 646 395 708 62
668 664 714 710 nx
738 664 831 730 June
857 663 1044 710 nnnnnne.
1070 664 1152 710 cen.
1177 665 1228 712 vr.

354 857 430 908 sunt
443 843 577 924 quidam
589 861 627 907 co
640 841 786 927 ingenio,
804 857 842 907 ut
861 841 939 925 ipsis
959 841 1108 924 expediat
1129 841 1236 908 alieno
1258 844 1372 925 potius
1391 844 1531 927 imperio

355 953 421 1037 regi
452 973 548 1034 quam
579 959 676 1018 suo¹.
731 953 844 1040 Quare
880 951 1000 1017 familia
1032 953 1126 1034 quasi
1150 953 1329 1020 multitudo
1355 975 1530 1039 corporum

355 1078 427 1144 est,
452 1086 534 1146 quac
554 1067 593 1129 ab
616 1085 683 1129 turo
707 1065 814 1130 animo
833 1078 1019 1130 moventur.
1051 1063 1095 1128 Et
1118 1048 1370 1131 omnis'omnino
1382 1067 1531 1134 minister

352 1175 602 1240 instrumentum
635 1189 703 1242 est:
738 1175 824 1239 unde
860 1190 990 1255 eccos,
1015 1194 1157 1256 quorum
1178 1193 1241 1241 nos
1259 1195 1355 1258 opera
1380 1179 1530 1258 utimur,

234 1300 480 1352 surentmanum
513 1301 654 1352 nostram
684 1286 834 1351 dicimus.
879 1285 953 1351 llos
994 1285 1096 1370 igitur
1126 1305 1240 1352 omnes
1262 1287 1416 1352 subditos
1432 1308 1529 1352 voce-

220 1414 295 1480 confr.
310 1415 433 1465 tamus.
478 1398 663 1463 Secundum
696 1398 774 1463 lraec
807 1416 884 1482 ergo
907 1417 991 1479 quae
1015 1397 1179 1478 diximus,
1202 1397 1322 1461 ballum
1350 1403 1528 1484 priuatum

218 1469 324 1514 ‘md'
351 1509 443 1593 (nam
475 1508 515 1574 de
545 1528 583 1574 eo
610 1508 700 1592 prius
734 1509 894 1593 agendum
916 1510 985 1592 est)
1008 1510 1103 1594 juste
1119 1511 1214 1595 gerit
1241 1513 1467 1595 unusquisque
1496 1525 1529 1574 et

348 1641 421 1686 cum
453 1625 547 1685 sociis
576 1633 607 1685 at
629 1637 694 1708 per
725 1620 880 1686 subditos.
926 1619 1043 1685 Baldi²
1065 1621 1130 1685 huc
1153 1619 1237 1686 illud
1262 1618 1376 1685 referri
1398 1635 1525 1702 potest:

350 1730 506 1815 quosdam
542 1752 668 1799 mouere
700 1731 820 1796 bellum
848 1745 913 1817 per
946 1752 978 1796 se
1008 1751 1073 1796 non
1097 1744 1162 1816 per
1192 1730 1321 1810 alium,
1352 1735 1433 1795 item
1462 1745 1527 1817 per

349 1863 381 1907 se
411 1863 483 1906 cum
515 1841 606 1926 alio:
638 1841 793 1927 quosdam
821 1840 1013 1928 paralium
1037 1863 1101 1906 non
1117 1857 1181 1927 per
1203 1861 1254 1907 sc:
1278 1840 1434 1926 quosdam
1463 1857 1527 1928 pcr

349 1953 455 2018 alium
484 1967 516 2016 et
533 1967 597 2038 par
619 1975 662 2018 se.
709 1953 774 2019 Sed
797 1952 883 2034 tria,
906 1973 991 2035 quae
1017 1952 1181 2034 diximus,
1216 1951 1251 2017 in
1283 1971 1347 2018 una
1378 1952 1525 2036 conspici

349 2077 487 2146 possunt
518 2065 693 2129 Abralrami
713 2071 724 2108 ³
745 2064 904 2146 historia,
937 2063 995 2130 ubi
1025 2083 1092 2129 non
1120 2063 1190 2146 ipse
1218 2063 1375 2129 duntaxat
1402 2065 1525 2129 bellum

349 2176 457 2262 gerit,
491 2177 548 2241 sed
583 2175 713 2254 Haner,
742 2175 863 2241 Eschcl
894 2191 926 2242 et
954 2173 1093 2240 Mamres
1124 2174 1261 2241 federati
1296 2189 1525 2257 praetereaque

348 2287 468 2354 familia
508 2286 610 2371 ipsius
643 2286 835 2376 Abrahami¹
850 2289 1047 2367 Venucula,
1082 2285 1140 2368 qui
1171 2286 1265 2370 pueri
1297 2285 1364 2351 illic
1401 2306 1526 2352 vocan-

349 2414 412 2467 tur.
478 2399 648 2465 Neminem
688 2413 795 2464 autem
830 2398 884 2464 lric
928 2397 1077 2481 excipio:
1121 2398 1198 2480 quia
1241 2397 1270 2463 si
1304 2396 1360 2488 pui
1400 2398 1523 2463 bellum

350 2531 459 2594 gerere
474 2530 540 2577 non
562 2493 652 2591 licet,
675 2509 709 2576 id
729 2529 795 2576 non
816 2509 900 2575 vitio
922 2509 1084 2595 contingit
1101 2527 1256 2592 personae
1276 2508 1335 2574 sed
1353 2507 1477 2574 ordinis
1490 2515 1523 2588 *,

350 2621 393 2686 ob
415 2625 518 2706 legem
541 2622 666 2688 scilicet
687 2641 827 2700 nonam,
851 2620 891 2686 de
909 2620 1004 2704 cujus
1025 2619 1059 2685 vi
1080 2619 1157 2685 alibi
1180 2619 1242 2685 erit
1268 2619 1383 2703 agendi
1415 2621 1520 2684 locus.

351 2733 396 2798 Et
424 2733 471 2800 sic
504 2732 640 2818 intelligi
658 2733 755 2798 debet
772 2729 977 2818 Augustini⁸
1000 2731 1096 2796 illud:
1121 2744 1159 2795 ut
1181 2729 1271 2795 nibil
1282 2732 1400 2816 justus
1412 2745 1514 2816 prac-

349 2849 443 2932 cipue
453 2848 572 2932 cogitet
584 2849 620 2909 in
643 2845 694 2909 his
718 2845 827 2924 rebus,
853 2848 919 2907 nisi
942 2858 980 2908 ut
1003 2843 1122 2907 bellum
1145 2845 1306 2928 suscipiat
1323 2846 1380 2907 cui
1391 2842 1517 2907 bellare

342 2956 403 3040 fas
426 2970 497 3022 est:
522 2977 585 3020 non
608 2959 693 3019 enim
709 2955 770 3038 fas
794 2967 840 3018 est
865 2953 1023 3019 omnibus.
1069 2954 1266 3035 Plerumque
1293 2953 1378 3018 enim
1411 2968 1523 3017 aucto-

349 3085 400 3132 res
422 3068 543 3132 bellum
572 3085 645 3130 cum
680 3063 795 3129 dicunt
824 3081 891 3129 non
921 3064 1084 3147 privatum
1114 3065 1172 3131 sed
1200 3064 1371 3147 publicum
1403 3063 1523 3129 intelli·

351 3191 456 3260 gunt,
491 3178 585 3260 cujus
616 3175 821 3265 frequentior
848 3174 1065 3242 consideratio
1084 3191 1132 3242 est
1148 3173 1170 3241 ⁸.
1215 3175 1267 3241 De
1291 3193 1359 3257 quo
1390 3190 1423 3241 ct
1462 3193 1522 3239 nos

350 3288 529 3354 videamus.
586 3285 679 3352 Sicut
706 3285 858 3369 privatim
892 3287 969 3352 belli
1004 3288 1136 3372 gerendi
1156 3307 1255 3370 penes
1278 3286 1445 3371 singulos,
1469 3287 1514 3352 ita

350 3398 479 3482 publice
499 3398 639 3464 bellandi
667 3412 812 3482 potestas
828 3398 935 3481 primo
958 3415 1008 3464 est
1034 3419 1133 3483 penes
1149 3396 1427 3482 rempublicam⁷‚
1448 3398 1519 3464 sive

349 3509 383 3574 id
415 3529 482 3590 quo
512 3508 551 3574 de
580 3511 689 3594 agitur
708 3511 748 3575 ab
767 3507 861 3575 initio
887 3512 1056 3593 publicum
1078 3509 1168 3590 fuit,
1191 3509 1261 3576 sive
1283 3529 1341 3593 per
1360 3509 1521 3594 judicium

249 3634 337 3734 mu·
350 3640 390 3685 ex
410 3618 538 3703 privato
558 3620 681 3688 factum
704 3637 753 3687 cst
773 3622 943 3705 publicum
956 3625 978 3687 ⁸.
1024 3620 1225 3705 Respublica
1247 3636 1354 3687 autem
1382 3620 1521 3705 intelligi

350 3733 470 3811 debet,
489 3753 572 3813 quae
593 3747 641 3800 est
659 3737 821 3816 αὐταρκής,
834 3734 991 3819 sufficiens
1003 3733 1067 3797 sr'br'
1090 3746 1238 3796 ettotam
1249 3730 1389 3816 aliquod
1392 3747 1456 3817 per
1465 3753 1521 3796 se:

351 3861 435 3925 quae
464 3857 513 3908 est
535 3846 708 3926 aureaque,
739 3845 906 3918 αὐτοῖικος,
930 3845 1111 3919 αὐτοτελής,
1136 3857 1174 3906 ut
1194 3842 1407 3927 Thucydides
1433 3841 1521 3908 dice·

383 4100 391 4132 ¹
411 4103 481 4149 Plato
500 4101 531 4150 de
547 4113 601 4160 rep.
620 4101 637 4147 l.
654 4113 678 4162 9.
698 4099 735 4161 [p.
753 4111 808 4161 590.
826 4099 866 4161 ri]
901 4097 911 4131 ²
928 4101 993 4148 adl.
1012 4114 1035 4148 2.
1054 4101 1084 4148 C.
1102 4103 1218 4150 deserv.
1236 4113 1341 4160 ctaqua.
1360 4099 1404 4163 [C.
1423 4111 1446 4156 3.
1463 4098 1519 4162 34]

347 4189 359 4221 ³
380 4193 443 4239 Gen.
458 4206 480 4239 o.
500 4203 596 4252 14vss.
616 4203 655 4247 13.
674 4203 711 4250 14.
732 4203 771 4251 24.
805 4187 816 4220 ⁴
835 4191 864 4238 V.
882 4193 991 4250 exempl.
1010 4190 1035 4238 in
1054 4191 1146 4251 explic.
1164 4194 1181 4238 l.
1201 4204 1239 4247 1³·
1273 4190 1284 4222 ⁶
1302 4204 1378 4251 super
1394 4191 1447 4252 Jos.
1462 4192 1480 4237 l.
1495 4192 1520 4237 6.

347 4295 374 4340 q.
393 4295 430 4329 10.
456 4281 547 4330 citatur
572 4280 598 4328 ln
624 4293 646 4328 c.
664 4279 797 4328 Dominus.
825 4279 914 4343 [Decr.
936 4282 1004 4328 Grac.
1027 4295 1053 4341 p.
1080 4295 1104 4328 α.
1130 4295 1171 4339 23.
1189 4296 1212 4329 α.
1229 4280 1266 4344 m]
1300 4279 1360 4327 ⁶V.
1377 4283 1394 4328 l.
1411 4293 1435 4337 7.
1453 4292 1479 4328 et
1497 4283 1520 4328 8.

349 4369 360 4403 ⁷
379 4371 507 4419 Convenit
522 4384 576 4419 oum
585 4371 650 4418 Vict.
668 4372 699 4418 dc
716 4368 772 4427 iure
790 4369 850 4418 belli
868 4384 894 4418 n.
913 4383 936 4426 5.
954 4383 980 4419 ct
998 4371 1078 4420 Caiet.
1096 4374 1128 4420 acl
1146 4372 1236 4420 Thom.
1254 4386 1276 4419 2.
1293 4385 1316 4419 2.
1332 4385 1357 4432 q.
1374 4385 1415 4432 40.
1432 4383 1479 4418 art.
1500 4384 1521 4418 1.

348 4473 372 4508 ct
392 4461 418 4508 in
437 4475 524 4510 summ.
543 4475 610 4522 pcoo.
628 4463 726 4510 Bellum
743 4459 872 4518 injustum.
906 4460 986 4510 8ΒτιΙ.
1011 4476 1080 4511 cons.
1103 4465 1120 4510 l.
1142 4477 1167 4523 4.
1193 4463 1248 4511 106.
1265 4464 1331 4511 Bart.
1356 4463 1387 4510 de
1412 4474 1520 4521 repress.

347 4552 372 4600 in
390 4565 428 4610 pr.
446 4565 471 4598 n.
489 4553 512 4597 6.
