3450 5434
504 667 550 721 DE
573 669 666 732 JURE
694 666 877 713 PRAEDAE.
902 667 981 714 CAP.
1000 667 1087 715 xm.
1318 668 1381 731 279

211 833 242 884 ct
273 834 373 905 parte
405 820 608 906 reipublicae
641 819 905 904 satisfactionem
937 825 1097 906 accipere.
1147 820 1268 902 Neque
1302 840 1380 886 vero
1398 837 1538 936 rpem.

210 930 294 996 fides
327 930 521 997 Hollandica
553 933 619 996 ulla
651 950 691 995 ex
719 945 811 1013 parte
840 931 984 996 accusari
1005 946 1123 1014 potest.
1169 932 1265 996 Nihil
1295 931 1380 997 enim
1395 923 1539 1004 rrr'p.1r.'

212 1057 261 1108 est
279 1042 450 1108 Lusitanis
471 1041 604 1124 publice
624 1041 837 1124 promissum:
873 1043 936 1108 nisi
960 1043 1035 1124 quis
1065 1043 1130 1107 huc
1151 1043 1276 1108 trahere
1299 1042 1505 1158 Velitffffisslss'·
1532 1092 1538 1105 .

211 1151 387 1235 diplomata
413 1151 508 1218 liberi
531 1167 754 1233 commeatus,
778 1174 862 1235 quae
885 1153 1054 1218 Lusitanis
1076 1172 1227 1219 concessa
1251 1151 1380 1234 fuisse,
1407 1143 1414 1157 ⁸
1487 1145 1493 1158 '
1532 1146 1539 1158 '

212 1262 245 1327 in
278 1263 500 1329 testimonium
542 1263 746 1328 innocentiae
781 1264 977 1330 Batavorum
1009 1263 1088 1329 alibi
1119 1263 1405 1340 memoravimus„

212 1373 279 1440 Sed
308 1373 361 1439 illa
383 1374 466 1440 nihil
493 1374 634 1456 amplius
657 1394 755 1456 quam
778 1395 818 1439 ex
850 1374 932 1440 locis
964 1374 1142 1440 hostilibus
1177 1375 1209 1439 in
1242 1374 1383 1441 Batavos

211 1484 417 1564 transeundi,
429 1504 625 1566 rursumque
637 1485 814 1569 emigrandi
827 1485 991 1550 licentiam
1004 1486 1193 1570 indulgent:
1205 1505 1270 1552 non
1285 1484 1381 1550 etiam

213 1615 252 1660 ex
274 1595 357 1660 locis
379 1595 555 1660 hostilibus
579 1596 643 1661 alio
676 1596 796 1677 quovis
819 1595 1046 1676 commeandi,
1075 1598 1179 1661 multo
1211 1596 1319 1662 minus
1349 1596 1382 1661 in

213 1707 305 1771 locos
325 1706 485 1786 hostiles,
508 1706 752 1772 evidentissima
764 1706 913 1788 ratione,
938 1707 1016 1788 quia
1036 1706 1382 1772 mercaturamcivium

212 1836 346 1882 suorum
371 1816 593 1900 benignissimi
616 1837 765 1899 proceres
784 1819 966 1901 provehere
994 1819 1196 1900 voluerunt,
1225 1837 1308 1900 quae
1333 1837 1384 1884 res

213 1927 308 1993 etiam
329 1925 451 1992 aerario
472 1927 701 2010 compendiosa
719 1943 791 2008 est,
814 1947 882 1994 non
906 1944 1014 1994 autern
1035 1928 1188 1995 hostibus
1204 1927 1383 1994 ditescendi

212 2037 416 2103 occasionem
438 2053 623 2120 praestare,
657 2039 752 2133 quod
780 2038 860 2122 ipsis
894 2059 961 2103 non
992 2040 1089 2105 modo
1121 2058 1187 2105 non
1217 2040 1384 2105 lucrosum

213 2167 326 2214 verum
343 2147 439 2214 etiam
453 2149 674 2231 periculosum
696 2148 793 2215 foret.
828 2149 1050 2216 Notissimum
1073 2164 1179 2216 autern
1202 2163 1251 2214 est
1272 2169 1384 2231 quam·

214 2279 312 2341 quam
346 2258 514 2326 beneficiis
542 2259 687 2342 publicis
722 2260 944 2327 liberalissima
968 2261 1166 2326 concedatur
1195 2259 1385 2344 interpreta-

213 2371 261 2436 tio
286 2371 375 2452 ¹,.id
396 2386 503 2437 tamen
527 2373 634 2438 locum
660 2392 727 2438 non
754 2373 875 2437 habere
904 2371 936 2438 in
958 2369 1140 2454 privilegiis
1166 2388 1198 2436 et
1219 2370 1384 2454 dispensa·

214 2480 386 2563 tionibus,
410 2501 492 2562 quas
513 2482 664 2548 dicimus.
712 2483 797 2548 Istae
830 2482 927 2548 enim.
947 2481 1112 2547 communi
1138 2482 1203 2564 Juri
1233 2502 1307 2546 cum
1336 2473 1387 2547 r'e-'

213 2607 361 2677 pugnent
382 2593 423 2657 ad
441 2592 695 2675 consequentias
711 2593 885 2659 trahendae
909 2613 975 2659 non
997 2608 1093 2658 sunt:
1118 2609 1156 2660 ut
1175 2595 1241 2676 jam
1262 2607 1383 2660 taceam
1409 2593 1417 2602 “

213 2702 248 2768 in
270 2702 343 2770 aliis
362 2702 458 2768 etiam
480 2703 667 2782 beneficiis,
690 2703 877 2786 praesertim
901 2723 985 2784 quae
1006 2705 1047 2768 ad
1065 2704 1167 2786 partis
1187 2703 1382 2769 desiderium

214 2832 367 2880 concessa
392 2828 496 2894 sunt,
528 2814 555 2880 si
578 2813 660 2895 quid
690 2834 813 2879 novum
836 2828 937 2895 atque
959 2813 1151 2880 inusitatum
1171 2812 1383 2894 contineant,

213 2924 388 3007 praecipue
410 2943 489 2990 vero
518 2923 546 2989 si
578 2924 661 3006 quid
692 2923 836 3006 publicis
858 2924 1058 2992 utilitatibus
1080 2924 1298 3004 insidiosum,
1333 2943 1382 2990 se·

214 3035 381 3116 quendum
405 3053 474 3102 esse
495 3055 626 3104 sensum
646 3035 825 3117 parciorem
846 3033 871 3100 ¹.
903 3036 1005 3122 Quod
1037 3036 1143 3120 ipsum
1167 3051 1291 3118 quanto
1315 3055 1384 3100 ccr-

214 3144 282 3212 tius
304 3144 365 3210 erit
385 3144 419 3210 in
441 3144 618 3228 hostibus,
652 3165 792 3228 quorum
823 3166 981 3228 personae
1003 3146 1134 3212 minime
1158 3161 1236 3212 sunt
1258 3145 1385 3212 favora-

215 3255 318 3335 biles,
343 3255 529 3339 etquidem
563 3256 619 3322 ubi
642 3257 725 3322 ratio
759 3277 825 3323 non
846 3259 945 3322 modo
967 3257 1117 3336 diversa,
1149 3277 1263 3323 verum
1288 3257 1382 3322 etiam

215 3366 377 3433 contraria
395 3367 470 3432 est?
515 3367 565 3432 Ut
592 3368 657 3450 ianr
689 3381 812 3433 taceam
840 3368 966 3433 etiamsi
998 3368 1189 3434 beneficium
1211 3367 1385 3450 hucusque

215 3477 337 3561 porrigi
359 3493 495 3559 posset,
518 3491 626 3542 tamen
647 3478 840 3560 quicunque
859 3477 944 3544 sacta
967 3479 1201 3545 Lusitanorum
1223 3494 1297 3562 post
1309 3496 1386 3543 con-

216 3587 396 3653 cessionem
418 3587 555 3670 legerit,
580 3587 712 3653 minime
746 3588 971 3654 dubitaturum
997 3588 1076 3670 quin
1101 3609 1135 3652 se
1166 3589 1316 3656 Lusitani
1346 3609 1385 3654 eo

216 3698 369 3782 indignos
399 3698 611 3764 reddiderint.
669 3698 782 3763 Finem
815 3714 921 3764 autem
956 3713 1025 3764 tum
1061 3699 1148 3764 bello
1183 3700 1384 3779 universim,
1425 3721 1540 3767 recreer.

214 3821 284 3872 tum
307 3808 439 3892 PYOPrie
469 3809 502 3873 in
535 3808 715 3874 Lusitanos
737 3830 804 3876 non
826 3809 926 3874 alium
950 3809 1013 3874 sibi
1037 3809 1140 3874 videri
1164 3824 1303 3891 possunt
1323 3780 1542 3874 Or-im'am‘·

113 3909 127 3924 ⁶
215 3918 307 3983 dines
327 3919 561 4002 proposuisse,
588 3941 685 4002 quam
709 3919 973 3988 consecutionem
994 3919 1102 4004 juris,
1120 3921 1218 4001 ‘quod
1244 3934 1301 3984 aut
1320 3920 1384 3985 rei-

216 4029 365 4111 publicae
386 4045 443 4096 aut
472 4031 604 4097 civibus
626 4032 788 4112 debetur,
807 4045 845 4097 ut
873 4030 1008 4114 fatigata
1040 4030 1215 4114 aliquando
1238 4029 1383 4096 hostium

214 4141 337 4206 malitia
360 4161 424 4238 pax
445 4162 482 4207 ea
504 4141 672 4224 pariatur,
695 4163 779 4224 quae
811 4141 893 4207 nihil
923 4140 1075 4206 habitura
1105 4141 1147 4206 sit
1171 4139 1384 4224 insidiarum,

249 4399 257 4431 ¹
275 4401 324 4462 Jas.
341 4401 367 4449 in
385 4402 402 4448 l.
418 4399 572 4450 beneficium
589 4399 616 4448 u.
635 4401 666 4447 de
684 4411 766 4449 const.
784 4399 867 4449 Princ.
886 4399 960 4461 (D.-r
991 4413 1015 4460 4.
1035 4400 1072 4462 a.)
1092 4413 1116 4447 n.
1136 4412 1175 4458 3³·
1194 4411 1218 4447 ct
1238 4411 1278 4456 37.
1305 4397 1315 4432 ²
1335 4401 1385 4463 Jas.

215 4489 252 4538 ibi
268 4504 293 4540 n.
308 4503 347 4547 32.
