3450 5434
369 648 433 707 214
674 645 722 691 DE
745 643 839 710 June
867 641 1049 689 nunaunt.
1075 640 1154 688 CAP.
1181 640 1246 686 xil.

368 801 522 879 debeant,
546 798 639 882 quasi
660 797 784 865 nullius
804 812 878 863 ante
897 794 1055 874 fuissent,
1078 816 1186 880 neque
1206 816 1281 863 cum
1293 796 1424 863 illorum
1437 810 1548 862 essent

369 912 442 978 aliis
472 926 559 976 recte
593 908 719 993 acquiri
741 908 934 991 potuerint,
958 907 1111 990 sequitur
1133 907 1290 974 Indorum
1314 908 1482 991 populos,
1507 906 1547 971 de

369 1022 491 1105 quibus
521 1040 582 1087 nos
613 1019 805 1102 loquimur,
836 1019 1072 1085 Lusitanorum
1106 1020 1258 1103 proprios
1281 1038 1348 1084 non
1371 1036 1466 1099 esse,
1490 1017 1548 1085 sed

368 1134 490 1199 liberos
512 1147 544 1197 et
566 1131 618 1199 sui
638 1132 746 1217 iuris,
781 1130 822 1196 de
845 1129 1000 1213 quo=ipsi
1025 1130 1177 1197 doctores
1201 1129 1342 1213 Hispani
1363 1142 1372 1176 ¹
1393 1148 1462 1195 non
1485 1128 1547 1194 du·

368 1244 488 1309 bitant.
534 1242 571 1308 Si
604 1262 681 1327 ergo
713 1242 748 1308 in
779 1244 923 1324 populos
954 1256 1122 1325 terrasque
1155 1256 1188 1307 et
1218 1242 1360 1308 ditiones
1391 1238 1547 1306 Lusitani

366 1355 422 1439 jus
443 1355 571 1419 nullum
595 1352 848 1435 quaesiverunt,
883 1351 1055 1420 videamus
1076 1372 1115 1417 an
1137 1372 1223 1419 mare
1246 1367 1279 1417 et
1301 1350 1546 1436 navigationem

211 1470 426 1530 Pr0b1·111·aut
456 1479 667 1531 mercaturam
697 1464 749 1531 sui
776 1465 860 1550 juris
890 1462 995 1530 facere
1025 1464 1203 1548 potuerint.
1249 1464 1301 1529 De
1327 1463 1405 1531 mari
1435 1478 1546 1528 autem

369 1576 471 1659 prima
494 1578 538 1643 sit
556 1576 797 1657 consideratio,
821 1576 915 1659 quod
936 1594 1011 1641 cum
1033 1575 1154 1659 passim
1176 1576 1210 1641 in
1228 1578 1302 1661 jure
1321 1590 1378 1641 aut
1395 1574 1545 1655 nullius,

370 1704 428 1753 aut
446 1708 641 1769 commune,
665 1702 723 1754 aut
745 1688 915 1771 publicum
936 1686 1021 1771 juris
1041 1686 1187 1772 gentium
1201 1687 1349 1769 dicatm,
1371 1687 1434 1752 hae
1446 1705 1546 1753 voces

370 1798 453 1881 quid
478 1798 666 1885 significent
693 1800 737 1865 ita
768 1798 1032 1866 commodissime
1059 1797 1297 1881 explicabitur,
1320 1796 1347 1863 si
1369 1812 1487 1881 poetas
1505 1798 1546 1863 ab

370 1910 519 1977 Hesiodo
540 1930 652 1976 omnes
673 1926 706 1977 et
722 1910 946 1994 philosophos
957 1925 989 1976 et
1005 1910 1263 1996 jurisconsultos
1283 1924 1409 1976 veteres
1424 1908 1545 1975 imitati

369 2022 403 2086 in
422 2037 568 2104 tempora
587 2022 828 2107 distinguamus
850 2041 911 2103 ea,
936 2042 1020 2103 quae
1040 2036 1184 2104 tempore
1203 2019 1290 2087 forte
1308 2020 1398 2086 haud
1417 2023 1543 2106 longo,

368 2147 456 2197 certa
474 2148 582 2198 tamen
600 2133 726 2199 ratione
745 2148 778 2199 et
793 2132 847 2199 sui
868 2147 983 2199 natura
1002 2132 1145 2198 discreta
1164 2146 1252 2197 sunt.
1297 2132 1420 2214 Neque
1446 2131 1544 2198 nobis

368 2242 453 2309 vitio
480 2243 565 2308 verti
597 2244 717 2325 debet,
750 2244 778 2310 si
805 2244 839 2309 in
866 2244 950 2328 iuris
980 2265 999 2309 a
1026 2258 1143 2309 natura
1170 2244 1382 2326 procedentis
1401 2244 1544 2326 explica-

369 2353 459 2421 tione
481 2355 676 2421 auctoritate
702 2369 736 2421 et
755 2355 867 2421 verbis
888 2375 1000 2421 eorum
1023 2354 1169 2435 utimur,
1194 2375 1279 2436 quos
1299 2368 1429 2421 constat
1448 2372 1543 2420 natu-

213 2472 281 2517 Nm
296 2472 332 2516 a..
369 2464 428 2530 rali
454 2464 583 2550 judicio
608 2465 789 2549 'plurimum
817 2465 974 2533 valuisse.
1020 2465 1197 2531 Sciendum
1227 2480 1277 2531 est
1303 2465 1404 2550 igitur
1423 2466 1458 2533 iu
1477 2465 1543 2549 pri-

210 2526 318 2571 claratt'o.

216 2592 357 2691 terma:
369 2576 505 2642 mordiis
526 2577 614 2643 vitae
643 2579 801 2644 humanae
820 2577 911 2643 aliud
932 2596 1030 2658 quam
1050 2595 1138 2642 nunc
1158 2592 1206 2643 est
1226 2576 1429 2658 dominium,
1453 2577 1543 2643 aliud

369 2687 631 2755 communionem
661 2688 775 2756 fuisse.
821 2689 909 2755 Nam
940 2687 1121 2754 dominium
1153 2706 1240 2753 nunc
1265 2688 1434 2771 proprium
1461 2688 1544 2771 quid

368 2798 532 2886 significat
550 2801 584 2884 ²,
610 2802 701 2883 quod
721 2801 849 2868 scilicet
870 2800 915 2867 ita
936 2815 986 2866 est
1008 2798 1169 2884 alicujus,
1193 2813 1232 2866 ut
1253 2798 1386 2864 alterius
1409 2818 1477 2865 non
1500 2800 1543 2865 sit

369 2912 483 2979 eodem
516 2913 628 2980 modo.
676 2914 861 2979 Commune
893 2926 1001 2977 autem
1034 2910 1198 2993 dicimus,
1232 2910 1327 2995 cujus
1358 2910 1543 2994 proprietas

369 3022 454 3089 inter
486 3025 598 3108 plures
638 3024 807 3091 consortio
848 3023 991 3106 quodam
1027 3038 1084 3089 aut
1118 3040 1283 3088 consensu
1316 3024 1435 3088 collata
1468 3037 1543 3103 est,

369 3134 511 3201 exclusis
534 3134 617 3201 aliis.
663 3135 868 3220 Linguarum
902 3148 1077 3218 paupertas
1100 3134 1209 3217 coegit
1230 3153 1331 3199 voces
1355 3135 1485 3200 easdem
1508 3136 1542 3200 in

368 3264 403 3309 re
425 3265 492 3311 non
516 3246 626 3312 eadem
656 3266 824 3330 usurpare.
871 3246 916 3311 Et
939 3246 986 3313 sic
1010 3246 1073 3311 ista
1094 3245 1198 3312 nostri
1223 3245 1323 3313 moris
1345 3246 1480 3312 nomina
1502 3248 1543 3313 ad

366 3358 422 3442 jus
453 3356 537 3423 illud
565 3358 739 3440 pristinum
770 3357 986 3423 similitudine
1010 3356 1148 3439 quadam
1174 3370 1207 3422 et
1229 3355 1369 3443 imagine
1393 3358 1541 3425 referun-

369 3482 432 3533 tur.
480 3468 663 3534 Commune
684 3468 786 3554 igitur
807 3483 888 3536 tunc
912 3488 977 3535 non
1002 3467 1094 3534 aliud
1116 3466 1202 3548 fuit,
1226 3488 1324 3549 quam
1348 3470 1441 3550 quod
1464 3470 1541 3536 sim-

369 3577 501 3662 pliciter
531 3579 665 3663 proprio
696 3579 886 3665 opponitur.
932 3578 1127 3645 Dominium
1161 3592 1269 3645 autem
1303 3576 1540 3648 facultas⁸non

368 3690 493 3774 injusta
513 3691 628 3758 utendi
650 3712 685 3759 re
708 3691 874 3758 communi
895 3690 927 3773 ³,
962 3710 1059 3773 quem
1085 3710 1179 3756 usum
1204 3690 1411 3757 scholasticis
1431 3692 1540 3759 visum

368 3818 418 3869 est
449 3800 552 3883 facti,
584 3823 650 3870 non
680 3803 764 3888 iuris
795 3820 913 3871 vocare
932 3804 970 3883 ⁶,
1004 3802 1084 3884 quia
1115 3801 1173 3883 qui
1196 3820 1284 3867 nunc
1307 3802 1437 3887 injure
1459 3823 1540 3870 usus

366 3998 563 4009 ——-—-—

401 4112 410 4144 ¹
437 4112 505 4160 vict.
532 4112 558 4159 in
587 4124 607 4159 r.
633 4114 719 4160 relect
746 4114 778 4161 de
806 4113 882 4161 ludis.
909 4111 934 4160 in
963 4110 1022 4161 line.
1051 4110 1088 4176 [ιι.
1119 4109 1168 4175 ro]
1206 4108 1218 4142 ²
1244 4112 1273 4159 V.
1301 4113 1341 4159 Gl.
1368 4124 1393 4161 et
1412 4114 1537 4163 Castrens.

366 4203 393 4251 ln
411 4205 429 4251 l.
446 4216 478 4251 ex
500 4206 550 4250 hoc
570 4200 635 4258 jure.
658 4200 702 4265 [u.
728 4216 748 4250 ι.
774 4217 794 4251 ι.
814 4202 850 4267 5.]
870 4214 895 4251 et
914 4216 937 4251 c.
954 4202 995 4260 jus
1013 4206 1134 4253 naturale.
1154 4204 1213 4252 dist.
1234 4216 1255 4251 ι.
1277 4201 1365 4266 [Decr.
1384 4204 1454 4252 Grac.
1471 4220 1498 4265 p.
1518 4219 1538 4253 ι.

369 4307 391 4341 r.
408 4294 445 4356 7.]
479 4292 543 4340 ⁸V.
565 4294 641 4353 Varq.
665 4306 783 4341 controv.
809 4306 857 4342 utu
873 4294 938 4354 freq.
957 4308 980 4343 c.
1001 4308 1022 4343 r.
1040 4309 1065 4345 n.
1086 4308 1124 4344 ιο.
1158 4295 1210 4344 ⁴c.
1228 4294 1292 4345 exiit
1310 4294 1353 4355 qui
1373 4296 1488 4345 seminar.
1507 4298 1538 4344 de

366 4385 439 4433 verb.
455 4386 518 4445 sign.
536 4386 562 4433 in
580 4383 615 4432 ⁶⁰.
634 4383 771 4445 [Decrettl.
789 4383 815 4431 in
834 4383 871 4432 6⁶.
890 4396 913 4440 s.
934 4398 971 4434 12.
990 4386 1026 4449 3.]
1046 4388 1126 4435 clem.
1145 4388 1215 4436 exivi
1234 4390 1265 4437 de
1284 4384 1412 4436 paradiso.
1422 4388 1455 4437 de
1465 4388 1536 4437 verb.

366 4475 429 4535 sign.
449 4474 541 4538 [Clem.
560 4486 640 4523 coust.
659 4487 682 4530 s.
703 4488 730 4523 rr
762 4473 795 4540 u]
1694 4434 1695 4510 l
