3450 5434
539 646 586 692 DE
609 645 702 710 JURE
730 645 914 691 Pannona.
938 643 1020 689 CAP·
1046 644 1105 688 XV·
1342 642 1403 708 325

233 812 267 863 et
289 801 359 884 ipse
389 815 422 865 et
441 799 553 884 regina
576 819 651 866 cum
673 798 784 865 liberis
806 798 953 884 Belgicas
975 817 1076 864 voces
1098 797 1265 864 addiscere
1287 817 1403 880 coepe-

233 927 329 993 rant,
354 911 399 977 ita
422 928 459 977 ut
479 911 626 978 dicerent
647 931 687 976 ex
710 911 856 976 Candiae
879 930 981 993 regno
1002 908 1118 974 factam
1142 929 1212 975 esse
1225 908 1402 974 Bataviam.

234 1024 388 1089 Addebat
399 1044 455 1088 rex
466 1025 552 1089 velle
574 1043 609 1088 se
629 1023 735 1088 filium
747 1038 826 1087 natu
844 1022 1042 1102 maximum,
1055 1021 1113 1086 ubi
1135 1019 1351 1100 adolevisset,
1365 1021 1405 1086 ad
1433 1071 1455 1116 Ν

234 1135 416 1217 Principem
450 1134 646 1200 Mauritiurn
681 1133 833 1215 mittere,
858 1148 985 1199 utrem
1013 1133 1182 1198 militarem
1216 1132 1278 1196 sub
1312 1146 1404 1197 tanto

233 1247 316 1312 duce
336 1246 526 1312 addisceret.
572 1247 724 1330 Rogabat
743 1245 898 1330 eligerent
910 1244 1023 1310 Batavi
1041 1244 1074 1308 in
1093 1263 1194 1327 regno
1215 1262 1275 1308 suo
1294 1244 1404 1308 locum

232 1357 298 1422 arci
320 1358 515 1433 struendae,
534 1358 724 1439 ubicunque
745 1358 829 1423 situs
848 1356 1025 1420 arrisisset:
1044 1355 1219 1438 ipsumque
1238 1374 1272 1420 se
1294 1354 1406 1435 potius

234 1485 266 1535 et
294 1489 428 1535 uxorem
459 1484 492 1534 et
525 1469 629 1534 lilium
662 1468 829 1549 filiamque
853 1486 929 1532 saxa
959 1486 997 1532 eo
1021 1468 1224 1547 collaturos,
1249 1484 1346 1546 quarn
1368 1479 1405 1530 ut

233 1601 284 1647 res
316 1581 397 1646 adeo
429 1580 492 1645 sibi
525 1595 636 1662 optata
668 1579 950 1646 intermitteretur.
1005 1576 1109 1641 Venit
1138 1579 1335 1660 paulopost
1366 1576 1406 1641 ad

234 1713 342 1776 regem
366 1693 516 1758 eumdem
540 1691 698 1757 Siboldus
720 1690 913 1770 Wacrtius‚
936 1688 999 1755 sub
1020 1687 1205 1755 Wibrando
1223 1687 1405 1754 Warwicio

235 1803 330 1870 classi
351 1802 560 1886 praefectus,
585 1823 683 1885 quem
707 1823 764 1867 rex
783 1804 934 1868 obsecrat
957 1815 994 1866 ut
1016 1799 1080 1866 sibi
1100 1799 1223 1865 auxilio
1236 1819 1305 1866 esse
1326 1798 1408 1865 velit

233 1915 275 1980 ad
298 1915 548 1999 expugnandum
573 1916 742 1981 castellum
764 1913 1033 1993 Columbanum,
1054 1912 1144 1994 quod
1167 1911 1291 1995 ineius
1315 1910 1404 1995 regni

234 2025 358 2092 finibus
380 2025 535 2092 Lusitani
565 2027 745 2105 tenebant,
776 2038 808 2089 et
837 2024 901 2091 sibi
931 2024 1203 2108 expugnationem
1233 2021 1405 2105 deposcit,

234 2137 326 2202 illum
361 2151 477 2221 rogat,
510 2152 549 2202 ut
579 2157 653 2202 cum
684 2137 826 2203 navibus
848 2135 933 2202 adsit
957 2151 988 2202 et
1012 2135 1087 2201 Goa
1110 2135 1332 2200 subventuros
1352 2154 1405 2198 ar-

234 2263 326 2329 ceat,
359 2247 540 2330 propositis
571 2248 601 2313 ei
633 2248 680 2314 rei
711 2247 865 2331 praemiis
896 2261 994 2329 atque
1023 2247 1107 2312 inter
1131 2260 1254 2311 caetera
1273 2260 1406 2327 paratus

235 2376 345 2442 erepta
368 2359 457 2426 hosti
480 2361 554 2425 loca
576 2359 772 2425 Batavorum
793 2358 957 2442 praesidio
979 2357 1175 2442 permittere.
1222 2356 1346 2423 Evenit
1369 2372 1406 2421 ut

235 2470 445 2551 Siboldus,e
467 2470 771 2536 CeloneAchinum
791 2468 958 2552 profectus
981 2485 1020 2534 ut
1041 2468 1149 2534 socios
1169 2467 1311 2549 acciret,
1326 2489 1406 2549 qua·

234 2597 312 2648 tuor
345 2582 379 2648 in
412 2582 485 2665 ipso
517 2581 632 2647 itinere
665 2595 794 2664 caperet
824 2600 924 2647 naves
952 2580 1199 2645 Lusitanorum.
1249 2580 1407 2645 Oraverat

233 2708 340 2759 autem
365 2713 421 2758 rex
450 2708 651 2775 praesentem
675 2693 792 2777 etjam
815 2690 999 2774 profectum
1032 2690 1135 2756 literis
1164 2707 1232 2756 erat
1263 2692 1406 2756 obtesta-

234 2820 289 2871 tus
320 2825 378 2887 per
409 2805 518 2869 Deum
554 2825 677 2886 perque
711 2803 875 2886 Principis
906 2801 1058 2870 Mauritii
1094 2802 1249 2868 virtutem
1283 2821 1406 2883 perque

234 2917 408 2982 amicitiam
431 2936 546 2997 suam,
579 2931 618 2982 ut
640 2915 668 2981 si
691 2935 777 2998 quos
799 2913 979 2980 Lusitanos
1000 2913 1241 2980 nancisceretur
1264 2931 1321 2978 eos
1343 2911 1406 2977 sibi

234 3027 383 3092 traderet.
428 3028 475 3093 At
506 3028 560 3093 ille
593 3026 688 3108 quasi
721 3027 916 3092 dementiam
938 3024 1032 3091 facile
1055 3038 1292 3103 excusaturuS,
1321 3042 1407 3105 quos

234 3154 363 3221 ceperat
398 3138 506 3204 statim
540 3138 663 3204 liberos
696 3137 833 3204 dimisit.
886 3137 959 3202 Rex
993 3150 1125 3215 autem,
1158 3135 1218 3216 qui
1251 3134 1315 3199 sibi
1350 3153 1406 3199 eos

234 3250 389 3315 traditum
412 3249 452 3314 iri
475 3268 542 3316 non
565 3249 756 3329 dubitabat,
780 3268 855 3315 cum
878 3249 919 3314 ad
939 3248 1051 3312 urbem
1072 3247 1254 3312 Vintanum
1275 3244 1405 3311 obviarn

235 3380 269 3426 se
291 3377 469 3427 venturum
502 3361 730 3444 promisisset,
754 3363 842 3426 ultro
867 3359 964 3425 officii
987 3378 1086 3425 causa
1108 3357 1307 3423 Matecalum
1330 3376 1406 3438 pro·

235 3471 355 3553 cessit,
380 3492 447 3554 quo
471 3487 540 3538 tum
563 3491 664 3538 naves
686 3471 858 3538 Ratavicae
882 3472 1091 3537 acivenerant.
1139 3469 1189 3535 lbi
1211 3487 1264 3535 res
1287 3467 1407 3533 accidit

234 3582 451 3665 miserabilis,
487 3598 525 3648 ut
558 3604 615 3648 rex
648 3584 704 3650 cui
734 3585 852 3649 mirum
885 3583 1058 3648 videbatur
1088 3580 1239 3648 homines
1265 3579 1405 3663 primum

233 3709 408 3774 nocentes,
432 3695 550 3761 deinde
572 3694 678 3760 victos
702 3693 895 3776 impunitate
918 3694 1049 3772 laetari,
1076 3713 1166 3757 suam
1190 3712 1270 3758 vero
1291 3705 1405 3774 postu-

235 3805 388 3870 lationem
419 3825 489 3872 esse
521 3805 725 3887 contemtui,
760 3803 932 3872 Siboldunr
965 3803 1193 3869 contumacius
1225 3803 1288 3868 sibi
1312 3803 1406 3868 oblo-

236 3930 389 3998 quentem
413 3937 487 3982 cum
511 3916 584 3983 aliis
607 3915 673 3982 iere
697 3916 937 4000 quinquaginta
961 3915 1148 3981 obtruncari
1169 3916 1311 3999 juberet.
1358 3915 1407 3978 Ita

237 4027 328 4108 quod
346 4028 475 4094 inultus
494 4043 668 4106 manserat,
688 4030 751 4094 hoc
772 4027 879 4110 ipsum
900 4029 991 4092 ultus
1010 4041 1074 4094 est:
1089 4025 1266 4108 eademque
1277 4024 1406 4104 lenitas,

235 4138 263 4204 si
287 4153 394 4205 tamen
417 4138 533 4205 lenitas
556 4140 702 4206 vocanda
727 4154 799 4219 est,
823 4138 976 4204 hostibus
999 4137 1166 4216 ludibrio,
1203 4135 1302 4202 sociis
1335 4155 1407 4201 sus·

236 4249 383 4332 picioni,
417 4251 547 4317 Batavis
570 4251 672 4316 exitio
694 4249 768 4316 suit.
815 4252 902 4316 Cum
927 4249 1028 4334 igitur
1051 4263 1164 4333 gentes
1187 4247 1290 4326 istae,
1324 4267 1407 4328 quae

235 4362 320 4426 bella
350 4365 455 4428 multo
488 4383 585 4444 quana
617 4363 781 4444 Europaei
804 4361 950 4428 ferocius
974 4376 1145 4441 exercent,
1169 4359 1226 4424 vix
1250 4361 1331 4424 banc
1356 4379 1407 4423 ac·

236 4474 359 4555 cipiant
377 4474 476 4540 moris
496 4475 598 4540 nostri
619 4475 882 4550 excusationem,
907 4473 998 4556 quod
1019 4474 1131 4542 hostes
1151 4491 1224 4537 cum
1244 4469 1409 4553 possimus
