3450 5434
488 626 533 673 DE
556 628 649 692 JURE
675 628 857 677 nudanda.
884 634 952 678 cnl‘
977 634 1027 679 Xl·
1295 628 1354 693 177

175 795 273 860 cant,
305 795 338 845 et
368 779 456 863 apud
485 782 641 848 Dammae
666 802 774 867 regem
804 784 955 853 homines
983 786 1136 853 Lusitani
1161 784 1353 851 Franciscus

176 891 366 971 Materius‚
397 892 520 958 Batalia
547 908 580 958 et
608 894 712 958 Pesoa
741 896 890 979 agebant.
935 899 1007 963 Nec
1029 898 1137 963 minus
1161 899 1248 981 apud
1264 898 1352 981 ipsos

176 1004 428 1085 Bantamenses,
460 1004 520 1086 qui
551 1005 648 1088 primi
681 1006 827 1072 omnium
848 1028 922 1073 cum
947 1010 1080 1076 Batavis
1102 1025 1350 1075 contraxerunt:

174 1114 222 1180 ibi
252 1115 338 1181 enim
368 1135 481 1183 omnes
511 1116 737 1199 suspicionum
767 1137 862 1184 auras
885 1122 1071 1203 captabant.
1119 1121 1154 1186 Si
1185 1122 1275 1206 longi
1299 1120 1352 1186 iti·

176 1226 262 1291 neris
295 1226 436 1293 taedium
469 1242 502 1292 et
532 1228 612 1293 caeli
645 1228 821 1295 insuetudo
853 1246 976 1313 partem
1013 1247 1183 1298 nautarum
1221 1233 1353 1298 absum·

174 1353 282 1417 serat,
315 1339 393 1403 dum
421 1338 456 1403 in
485 1338 566 1403 mari
588 1338 756 1421 piraticam
785 1357 938 1407 exercent
959 1342 1089 1425 praeliis
1111 1343 1247 1409 amissos
1268 1362 1352 1408 nun-

173 1449 318 1514 tiabant:
351 1448 379 1516 si
408 1469 469 1532 pro
501 1464 685 1532 temporum
708 1450 833 1517 ratione
855 1452 956 1518 emtio
980 1453 1214 1534 differebatur,
1239 1474 1280 1519 ne
1302 1454 1350 1521 sic

174 1560 307 1641 quidem
338 1560 475 1627 dubium
506 1560 548 1626 ad
569 1576 684 1645 raptus
706 1561 836 1629 venisse
860 1578 892 1627 et
913 1564 1085 1648 invigilare
1109 1564 1348 1633 occasionibus.

172 1671 295 1736 Eadem
325 1692 382 1754 spe
411 1670 537 1737 dimissi
570 1671 724 1739 Lusitani
756 1672 790 1737 in
819 1692 932 1739 omnes
958 1674 1059 1757 Javae
1082 1690 1220 1757 portus,
1246 1676 1349 1742 Pesoa

174 1782 335 1848 Cidorum
366 1801 399 1847 et
428 1782 633 1863 Tubanum,
656 1783 854 1849 Panarucatn
885 1784 1031 1866 batalia,
1058 1786 1207 1872 Japaram
1230 1786 1284 1853 alii
1316 1803 1349 1853 et

168 1892 330 1977 Jacatram
357 1908 390 1960 et
405 1894 660 1977 Janbanjavam,
685 1894 743 1976 qui
764 1894 906 1961 batavis
920 1895 1085 1962 infamiam
1109 1899 1347 1979 conciliarent,

173 2005 249 2071 odia
278 2020 431 2071 emerent.
485 2005 559 2071 Nec
589 2007 688 2070 semel
711 2003 822 2072 fallere
842 2008 1012 2090 contenti,
1036 2028 1111 2073 cum
1134 2008 1195 2075 ista
1213 2008 1348 2093 Javanis

173 2117 212 2181 de
243 2116 376 2182 Batavis
404 2130 646 2197 mercarentur,
671 2116 811 2183 Batavos
832 2117 979 2183 vicissim
1005 2120 1154 2203 (patebat
1179 2120 1263 2185 enim
1294 2141 1347 2186 ac·

172 2246 310 2306 cessus,
341 2226 422 2308 quin
456 2242 488 2291 et
513 2227 678 2293 conviviis
709 2228 976 2314 excipiebantur)
1008 2250 1073 2296 non
1107 2231 1299 2298 desinebant
1330 2250 1348 2296 a

172 2337 379 2405 commerciis
408 2338 606 2421 absterrere,
631 2339 826 2405 ostentando
851 2339 1047 2423 Javanarunr
1077 2342 1222 2427 gentium
1250 2342 1347 2425 perfi-

171 2450 269 2516 diam.
314 2450 494 2532 Postquam
523 2470 542 2514 a
567 2448 649 2535 Java
671 2449 812 2515 reditum
836 2466 886 2515 est
913 2451 1094 2534 (cessatum
1117 2454 1201 2519 enim
1226 2474 1244 2517 a
1264 2473 1348 2519 mer-

171 2562 355 2644 catoribus,
379 2560 484 2627 donec
503 2560 606 2644 prima
627 2561 1345 2645 tentamentarenuntiarentur)Taprobane,

170 2693 255 2756 quae
281 2692 369 2739 nunc
404 2672 577 2755 Sumatra,
610 2673 849 2738 vetustissimae
878 2671 1074 2738 celebritatis
1099 2671 1228 2752 insula,
1264 2671 1345 2738 adiri
1358 2672 1429 2721 Anno
1444 2689 1504 2732 1599-

169 2784 300 2867 coepit,
324 2784 432 2849 missis
451 2784 592 2850 navibus
612 2784 820 2850 aZelandiea
832 2784 1010 2863 societate,
1031 2782 1154 2863 quibus
1168 2783 1344 2848 Cornelius

169 2895 404 2963 Houtmannus
425 2894 614 2978 imperabat.
660 2895 725 2961 Hic
746 2896 941 2977 Alphonsus
955 2891 1152 2959 Vincentius
1163 2894 1344 2959 Lusitanus

168 3008 260 3090 paria
283 3007 416 3092 Javanis
446 3005 702 3072 confictionibus
726 3004 907 3072 Achinensi
930 3005 997 3091 regi
1017 3004 1248 3072 insusurrabat.
1294 3005 1488 3069 Si-Arvtttd·

169 3121 238 3183 mul
261 3118 303 3183 ad
325 3118 501 3184 Moluccas
522 3118 604 3183 itum
628 3118 736 3200 priore
752 3116 868 3201 Jacobi
881 3116 1196 3200 Neckiinavigatu,
1217 3118 1345 3182 eadem-

169 3248 236 3311 que
258 3230 327 3296 illic
350 3250 368 3295 a
391 3229 562 3295 Lusitanis
581 3228 789 3294 disseminata
810 3226 995 3311 praefectus
1015 3241 1047 3292 et
1066 3226 1240 3310 optimates
1264 3228 1344 3294 Am·

168 3344 297 3421 bonae,
333 3342 392 3424 qui
429 3361 498 3406 eam
534 3341 768 3422 rempublicam
806 3354 947 3424 regunt,
981 3358 1047 3405 non
1081 3339 1342 3405 dissimulabant.

169 3452 248 3538 Quo
272 3468 416 3535 tempore
447 3466 480 3517 et
503 3451 666 3517 Ternatae
695 3470 803 3535 regem
835 3450 999 3516 similibus
1020 3450 1195 3515 mendaciis
1221 3450 1343 3516 sollici·

168 3564 299 3643 tabam,
323 3578 356 3629 et
376 3562 433 3643 qui
453 3562 594 3627 llandam
617 3561 755 3627 insulam
773 3564 888 3627 colunt
907 3562 947 3625 ad
960 3560 1169 3642 expellendos
1182 3562 1342 3641 Batavos,

168 3674 227 3756 qui
249 3673 391 3740 navibus
410 3672 564 3758 digressis
576 3688 838 3755 permanserant,
858 3668 1096 3756 ejusdemmodi
1109 3672 1343 3739 criminationi·

166 3788 230 3852 bus
252 3786 485 3851 incitabantur.
533 3784 695 3865 Adeoque
729 3787 827 3868 longe
848 3782 967 3865 serpsit
991 3784 1054 3847 hoc
1077 3783 1219 3864 malum,
1244 3800 1342 3851 utne

166 3895 455 3963 Bomeonensibus
474 3896 607 3978 quidem
631 3895 780 3962 iritandis
797 3895 984 3961 abstentum
1007 3893 1070 3973 sit,
1095 3908 1132 3959 ut
1155 3914 1266 3959 eorum
1284 3893 1342 3975 qui

165 4029 242 4074 cum
271 4007 421 4074 Oliverio
449 4006 584 4074 fuerunt
609 4009 714 4073 relatu
741 4006 909 4091 cognitum
932 4020 990 4071 est.
1037 4004 1110 4071 Nec
1133 4007 1232 4070 semel
1255 4025 1344 4069 men-

164 4119 220 4186 tiri
244 4118 323 4185 satis
346 4118 438 4201 fuit,
461 4119 521 4185 sed
542 4118 682 4183 reditum
706 4137 834 4201 semper
855 4116 889 4181 in
910 4116 1036 4183 easdem
1059 4132 1156 4183 artes.
1203 4115 1289 4180 Nam
1312 4131 1344 4182 et

164 4231 241 4309 his,
262 4229 321 4311 qui
341 4244 457 4313 postea
477 4229 660 4295 Willekeni
679 4228 834 4312 praefecti
845 4229 942 4313 iussu
955 4227 1085 4295 Acheni
1099 4226 1131 4292 in
1146 4226 1343 4310 Taprobane
1356 4240 1425 4287 Anno
1439 4246 1501 4289 1600·

164 4356 372 4423 manserant,
400 4340 507 4407 officia
537 4361 664 4406 summa
697 4340 783 4425 regis
813 4338 1055 4421 amicitiamque
1087 4336 1171 4403 verti
1201 4337 1234 4402 in
1264 4357 1343 4403 con-

165 4466 301 4518 temtum
322 4467 356 4518 et
373 4452 449 4517 odia
469 4453 632 4538 ejusmodi
644 4452 916 4537 sugillationibus
928 4464 1132 4533 compertum
1146 4462 1215 4531 est,
1239 4448 1343 4516 absci-

1171 4580 1219 4627 12.
