3450 5434
351 633 414 696 300
648 633 696 678 DE
719 631 814 698 JURE
840 630 1024 677 PRAEDAE.
1049 631 1130 680 CAP.
1153 633 1229 679 xlv.

749 786 998 854 CAPUT
1034 787 1128 853 XIV.

347 975 445 1040 Pares
463 975 492 1039 Ι,
527 973 739 1038 Honestam
770 992 857 1037 assa
890 992 1062 1038 annuntia
1093 992 1524 1059 rruJuscAPTurtAm:1tr

523 1103 597 1166 qun
621 1103 707 1149 rsan
733 1103 979 1151 rusanuusuu
1004 1085 1277 1150 Pnouuumaan.

522 1196 550 1260 I.
587 1195 740 1279 Jusaum
764 1215 868 1261 omna
894 1215 1117 1262 Honestum.

522 1306 566 1372 11.
593 1307 771 1372 Honesta
804 1326 1015 1374 annuemus
1037 1327 1153 1374 acmo
1186 1327 1255 1373 arto
1290 1327 1524 1390 socrrs,1³ao

593 1438 757 1498 rasum,
780 1439 975 1484 unvunsus
1001 1439 1168 1485 nouimus
1199 1439 1523 1488 tnumauunaruus.

522 1529 771 1596 III.HonasTa
792 1551 1003 1597 annuemus
1028 1550 1241 1598 PRAEDATto
1263 1551 1437 1618 armna.

348 1642 443 1708 Pnus
462 1643 504 1707 ΙΙ.
530 1642 742 1709 Honestam
764 1661 852 1709 assa
875 1662 1048 1709 rnaauaa
1070 1663 1185 1729 ouus
1207 1662 1491 1710 POSSESSIONEM.

839 1829 1034 1840 ...ιι-...-

391 1952 428 2016 In
461 1951 543 2036 justi
577 1951 770 2034 quaestione
804 1949 874 2015 veri
910 1949 1096 2016 amantibus
1130 1947 1332 2016 satisfactum
1368 1950 1521 2019 arbitror.

347 2064 491 2129 Abunde
520 2063 604 2128 enim
636 2063 894 2128 demonstratum
919 2075 967 2127 est
991 2077 1023 2127 et
1045 2061 1161 2144 pietati
1185 2078 1218 2127 et
1238 2077 1372 2128 naturae
1397 2078 1430 2128 et
1452 2084 1522 2128 mo-

346 2175 438 2240 ribus
471 2191 725 2241 consentaneum
758 2173 885 2255 fuisse,
918 2189 956 2240 ut
987 2173 1139 2241 Lusitani
1172 2174 1214 2238 ob
1248 2174 1354 2240 illatas
1386 2174 1523 2260 injurias

347 2285 585 2369 spoliarentur,
619 2300 722 2369 utque
753 2306 803 2351 res
836 2301 949 2369 captae
982 2271 1218 2352 mercatoribus
1244 2287 1409 2352 cederent.
1455 2287 1523 2352 Sed

347 2396 621 2481 quemadmodum
654 2417 720 2463 non
753 2418 856 2463 unum
890 2412 946 2464 aut
977 2397 1117 2482 simplex
1150 2399 1280 2464 illorum
1314 2418 1417 2483 genus
1447 2413 1521 2478 est,

346 2509 405 2592 qui
436 2507 519 2575 falsa
551 2509 707 2593 opinione
738 2525 911 2592 praecepta
941 2509 1059 2594 judicii
1093 2509 1144 2575 sui
1174 2510 1326 2576 arbitram
1361 2510 1519 2576 rationem

346 2640 412 2688 non
436 2620 583 2701 faciunt,
618 2620 663 2686 ita
687 2621 844 2704 quosdam
869 2640 940 2688 esse
964 2622 1138 2701 audimus,
1168 2621 1226 2703 qui
1251 2623 1311 2688 etsi
1335 2642 1401 2688 rem
1427 2643 1520 2703 eam,

228 2733 474 2815 p.„1,dequa
508 2752 596 2799 nuuc
629 2732 758 2817 agitur,
786 2733 908 2817 justam
933 2731 1035 2800 fuisse
1059 2753 1125 2798 non
1150 2734 1273 2799 audent
1296 2753 1437 2820 negare,
1460 2753 1522 2800 nec

345 2847 466 2910 habent
498 2845 666 2928 quomodo
690 2843 724 2910 id
746 2859 925 2925 tueantur,
957 2865 1072 2927 parurn
1106 2845 1185 2911 satis
1218 2846 1389 2911 honestam
1413 2861 1520 2912 tamen

185 2956 408 3033 pnnmasibi
441 2958 533 3042 ajunt
563 2955 680 3022 videri.
725 2955 763 3022 In
792 2975 859 3038 quo
887 2975 963 3022 sane
992 2955 1081 3022 dicto
1107 2955 1277 3022 manifesta
1306 2959 1522 3042 repugnantia

346 3083 404 3134 est.
451 3068 586 3150 Semper
607 3066 692 3132 enim
716 3068 762 3133 ita
781 3067 965 3150 accepimus
987 3074 1021 3148 ¹,
1046 3087 1111 3134 non
1135 3088 1233 3152 posse
1253 3089 1318 3135 non
1342 3070 1519 3137 honestum

345 3199 414 3246 esse
443 3180 534 3262 quod
559 3181 686 3264 iustum
714 3194 764 3247 cst
793 3179 882 3244 omni
911 3200 950 3244 ex
980 3195 1079 3262 parte.
1126 3180 1313 3246 Honestum
1345 3179 1430 3246 enim
1461 3181 1520 3264 qui

344 3289 507 3357 definiunt
529 3309 642 3356 omnes
664 3306 722 3356 aut
742 3290 898 3356 virtutem
918 3290 1021 3374 ipsam
1044 3311 1113 3357 esse
1125 3292 1268 3371 volunt,
1293 3305 1350 3357 aut
1360 3291 1517 3376 quiddam

345 3401 436 3485 quod
456 3400 636 3468 virtutibus
658 3402 804 3468 inhaeret
824 3417 882 3468 aut
900 3424 940 3468 ex
961 3403 1001 3469 iis
1013 3403 1245 3487 proficiscitur.
1270 3404 1353 3469 Sane
1365 3403 1517 3470 avirtute

344 3512 456 3580 divelli
475 3531 653 3595 numquam
673 3528 783 3596 potest
812 3515 1070 3598 necquidquam
1099 3516 1222 3581 bonum
1245 3531 1311 3598 est,
1336 3515 1401 3580 nisi
1424 3515 1516 3598 quod

345 3640 377 3691 et
409 3625 581 3690 honestum
615 3639 673 3691 est.
726 3625 813 3690 Nam
846 3641 879 3691 et
911 3627 951 3691 ab
984 3625 1205 3693 exactioribus
1239 3626 1401 3712 magistris
1429 3627 1442 3664 ²
1471 3627 1515 3693 ita

344 3735 563 3816 describitur,
598 3751 635 3801 ut
668 3738 842 3802 honestum
876 3737 919 3802 sit
949 3739 1042 3819 quod
1069 3739 1253 3822 jucundum
1287 3753 1337 3803 est
1370 3737 1517 3819 idcirc0,

345 3846 423 3931 quia
452 3849 575 3913 bonum
604 3847 658 3914 sit.
703 3847 900 3913 Necessario
923 3847 1023 3934 igitur
1045 3851 1181 3914 alterum
1203 3848 1295 3914 alteri
1314 3869 1520 3932 consequens

345 3974 417 4040 est,
440 3978 500 4025 nec
520 3974 616 4042 turpe
638 3976 708 4024 esse
726 3973 837 4042 potest
857 3973 915 4024 aut
935 3961 1021 4042 apud
1041 3959 1203 4044 sapientes
1223 3977 1255 4026 et
1275 3963 1380 4027 bonos
1398 3961 1518 4044 probro

344 4070 447 4153 duci,
480 4069 572 4154 quod
601 4091 696 4136 verae
723 4071 872 4155 iustitiae
903 4071 1078 4156 congruit,
1111 4091 1171 4138 seu
1202 4073 1277 4154 quia
1301 4071 1408 4139 virtus
1429 4075 1519 4139 nulla

379 4320 387 4352 ¹
407 4321 462 4370 Cic.
480 4323 512 4370 de
528 4321 625 4369 invent.
643 4321 690 4368 lib.
708 4335 731 4369 a.
749 4319 830 4369 Id.de
849 4321 893 4368 off.
909 4319 954 4368 lib.
975 4333 997 4368 1.
1016 4319 1052 4383 [c.
1068 4317 1122 4384 da]
1142 4332 1167 4367 et
1183 4318 1230 4367 lib.
1248 4330 1271 4375 3.
1290 4315 1326 4382 [c.
1343 4318 1398 4380 33]
1416 4320 1448 4366 de
1463 4317 1519 4366 fini·

346 4413 402 4462 but.
417 4412 462 4461 lib.
479 4425 500 4460 1.
518 4411 626 4461 Aristot.
642 4412 732 4461 libello
750 4413 781 4461 de
799 4411 859 4460 virt.
875 4425 901 4460 et
916 4411 963 4460 vit.
978 4411 1005 4460 in
1019 4412 1099 4472 princ.
1119 4410 1157 4474 [p.
1175 4423 1239 4472 1249
1253 4423 1274 4456 a.
1288 4423 1327 4458 vs.
1342 4408 1396 4474 au]
1415 4408 1426 4441 ¹
1443 4410 1519 4460 Arist.

346 4507 421 4552 Rhet.
438 4504 484 4552 lib.
504 4517 526 4551 1.
542 4517 566 4551 c.
584 4516 610 4564 9.
628 4500 666 4565 [p.
687 4503 760 4560 1366.
778 4517 799 4550 a.
818 4516 857 4552 vs.
875 4503 928 4564 33.]
