3450 5434
345 635 405 696 108
647 647 695 693 on
718 644 813 712 June
837 644 1023 691 cnutone.
1047 644 1129 693 car.
1151 643 1233 691 vrrt.

342 822 432 869 mum
455 798 629 869 adversarii
652 819 718 866 non
741 799 923 883 respiciunt
945 806 978 881 1,
1000 796 1126 867 subditi
1148 796 1294 864 hostiurn
1314 816 1517 880 omnespos·

342 928 446 997 sunt,
476 912 536 997 qui
553 911 639 997 iuris
659 911 765 979 nostri
788 910 992 979 exsecutioni
1014 910 1196 991 resistunt,
1216 908 1356 975 scientes
1375 908 1446 975 sive
1467 909 1516 995 ig-

342 1039 515 1092 norantesa
538 1022 667 1090 faciunt
688 1023 773 1089 enirn
794 1023 949 1109 injuriam
970 1041 1166 1107 quamquam
1189 1040 1256 1088 non
1279 1020 1412 1106 injuria.
1441 1021 1517 1087 Hoc

344 1134 455 1202 divina
481 1137 553 1219 lege
575 1132 588 1168 ²
610 1153 762 1218 expresse
780 1134 1013 1217 confirmatur,
1037 1154 1121 1217 quae
1143 1133 1177 1200 in
1200 1132 1442 1219 expugnatione
1461 1152 1517 1199 ur·

344 1247 395 1312 bis
413 1246 554 1330 puberes
578 1264 690 1311 omnes
712 1244 851 1311 interfici
870 1246 991 1330 iubet,
1011 1264 1152 1328 quorum
1170 1244 1266 1311 multi
1288 1264 1355 1311 non
1378 1256 1518 1328 possunt

344 1378 412 1425 non
432 1376 502 1425 esse
521 1357 725 1423 innocentes.
770 1355 861 1422 Idem
889 1370 1001 1423 contra
1021 1356 1055 1423 in
1077 1354 1169 1422 urbis
1190 1352 1382 1422 defensione
1404 1352 1416 1389 ⁸
1437 1352 1517 1421 etita

346 1467 403 1535 rtet
434 1488 510 1534 reus
534 1480 583 1534 est
605 1471 723 1532 mortis
741 1467 896 1549 alienae,
920 1470 979 1553 qui
998 1487 1071 1532 cum
1097 1486 1176 1531 suae
1192 1466 1388 1552 possessioni
1407 1484 1518 1530 muro-

345 1600 422 1646 rum
443 1579 605 1645 ambitum
621 1576 874 1660 circumduxit,
895 1577 1020 1663 aliquis
1036 1598 1078 1642 ex
1098 1580 1244 1662 ipsorum
1265 1596 1326 1642 usu
1342 1591 1518 1663 percussus

344 1693 504 1757 interiit:
526 1688 718 1773 Augustino
740 1702 884 1753 auctore.
929 1687 1060 1774 Quodsi
1083 1701 1180 1753 erunt
1201 1687 1371 1770 nonnulli,
1396 1686 1455 1769 qui
1477 1686 1519 1751 ab

345 1800 492 1867 hostium
533 1798 748 1865 universitate
787 1797 928 1880 separari
968 1796 1097 1882 possint
1135 1816 1244 1879 neque
1277 1796 1518 1865 exsecutionem

345 1925 490 1977 nostram
513 1908 692 1994 impediant
709 1907 743 1989 '‚
766 1908 819 1976 his
841 1926 917 1975 sanc
937 1910 1029 1992 quod
1047 1909 1089 1975 ad
1108 1928 1229 1992 corpus
1248 1908 1365 1975 attinet
1383 1907 1519 1975 omnino

346 2021 543 2106 parcendum
564 2034 624 2088 cst
652 2020 772 2087 Cicero
792 2018 821 2085 ⁸:
842 2035 914 2087 tum
934 2025 963 2086 ii
981 2024 1041 2108 qui
1058 2025 1164 2087 armis
1175 2023 1295 2107 positis
1312 2019 1360 2086 acl
1374 2022 1519 2107 impera·

346 2146 458 2197 torum
475 2128 575 2215 fidem
603 2130 828 2219 confugiunt,
851 2135 1004 2218 quamvis
1026 2152 1159 2197 murum
1183 2134 1273 2197 aries
1290 2132 1519 2219 percusserit,

348 2240 530 2329 recipiendi
551 2256 642 2310 sunt.
689 2242 764 2311 Nec
787 2234 887 2310 aliunr
909 2262 1041 2311 sensum
1064 2243 1186 2326 habet,
1215 2242 1362 2309 virorum
1384 2240 1518 2324 quidem

347 2353 549 2421 cruditorum
565 2353 746 2436 sententia,
766 2354 802 2421 id
818 2354 910 2440 quod
924 2355 1044 2422 Celsus
1060 2352 1072 2389 ‘
1088 2354 1281 2436 scripserat,
1302 2351 1405 2436 recipi
1424 2350 1521 2419 nobis

349 2462 549 2549 transfugam
567 2466 641 2550 jure
662 2465 762 2549 beili,
787 2486 862 2533 eum
885 2466 1012 2533 scilicet
1033 2465 1093 2548 qui
1118 2465 1265 2530 hostiurn
1285 2476 1392 2547 partes
1413 2462 1521 2528 deser·

349 2575 413 2643 uit.
457 2574 552 2642 Sicut
581 2590 690 2643 autern
718 2576 752 2642 in
782 2577 893 2645 dedita
919 2578 1001 2644 urbe
1029 2575 1204 2656 omnibus,
1234 2573 1279 2640 ita
1310 2574 1344 2639 in
1375 2592 1521 2655 eaquae

350 2701 555 2771 expugnatur
578 2703 737 2772 quantum
770 2688 842 2755 fieri
875 2704 985 2772 potest
1006 2687 1073 2753 illis
1092 2686 1199 2771 parci,
1223 2704 1362 2769 quorurn
1386 2704 1522 2768 corpora

349 2798 552 2865 exsecutioni
583 2815 713 2867 nostrae
739 2819 807 2867 non
840 2800 996 2882 obstant,
1028 2798 1174 2882 aequitas
1208 2797 1368 2881 praecipit
1404 2811 1437 2862 ct
1469 2798 1522 2861 lex

273 2974 280 2987 ,
350 2907 463 2976 divina
482 2914 494 2955 ²
516 2910 696 2977 certissima
723 2910 900 2995 aequitatis
928 2911 1091 2996 magistra.
1136 2908 1245 2994 Negat
1266 2908 1368 2994 igitur
1398 2908 1523 2975 Seneca

349 3020 385 3087 in
407 3021 570 3105 tragoedia
590 3019 602 3055 ⁸
624 3019 776 3087 feminam
807 3022 913 3088 bostis
947 3040 1066 3089 nomen
1093 3040 1217 3105 capere.
1262 3020 1371 3105 Negat
1392 3040 1426 3088 se
1456 3019 1523 3085 Ca·

350 3130 493 3197 millus'
516 3151 605 3197 arma
626 3132 745 3197 babere
767 3131 926 3199 adversus
947 3152 1016 3198 earn
1040 3148 1200 3217 aetatem,
1223 3132 1277 3198 cui
1301 3132 1396 3198 etiarn
1418 3130 1523 3214 captis

351 3242 492 3308 urbibus
513 3242 670 3325 parcitur.
714 3242 761 3309 Et
778 3244 966 3310 Alexander
987 3241 1029 3308 ¹⁰:
1051 3264 1125 3309 cum
1153 3248 1297 3331 capricis
1328 3257 1360 3308 et
1379 3243 1522 3328 feminis

352 3354 472 3420 bellum
500 3372 618 3438 gerere
647 3372 713 3419 rron
735 3352 841 3420 soleo:
865 3336 1020 3421 armatus
1051 3358 1096 3420 sit
1119 3369 1247 3442 oportet
1267 3375 1360 3441 quem
1383 3353 1521 3421 oderim.

353 3464 400 3530 Et
419 3461 536 3529 merito
558 3462 599 3529 de
617 3463 750 3548 captivo
764 3464 886 3550 adjicit
932 3466 1028 3533 Falso
1049 3466 1134 3533 enirn
1155 3481 1189 3533 et
1198 3466 1415 3533 Aeacidarum
1434 3486 1523 3533 more

303 3622 306 3625 -
352 3572 584 3657 praeferocitcr
602 3574 657 3641 ille
677 3577 720 3640 ¹¹:

522 3685 598 3751 Lett
618 3685 715 3753 nulla
736 3700 833 3774 capto
846 3690 966 3775 parcit
985 3702 1048 3755 aut
1061 3702 1202 3775 poenam
1222 3686 1370 3775 impedit.

387 3982 446 4031 ¹V.
464 3984 504 4033 ad.
517 3995 600 4033 arca
617 3984 743 4033 concio.
768 3980 872 4035 'Deae
886 3998 926 4035 ao.
944 3997 982 4044 ιγ.
999 3988 1074 4037 Adde
1087 3987 1375 4051 Joc.6.etSam.1.15.
1390 3983 1403 4019 ⁸
1418 3987 1525 4049 August.

353 4075 386 4124 cd
400 4072 500 4123 Public.
514 4088 556 4135 ep.
576 4087 631 4136 ι54.
645 4073 737 4123 citatur
753 4074 780 4123 in
796 4088 819 4124 c.
831 4077 863 4126 de
877 4075 1035 4127 occidendis.
1054 4076 1144 4142 [Dect.
1160 4080 1229 4126 Grac.
1242 4090 1269 4137 p.
1279 4090 1303 4125 a.
1313 4089 1352 4135 23.
1362 4087 1387 4133 5.
1397 4074 1435 4141 8.]
1449 4078 1524 4126 Adde

353 4166 372 4213 i.
388 4164 451 4215 item
472 4166 494 4214 si
518 4164 652 4214 obstetrix
679 4168 702 4224 5.
726 4166 773 4213 nit.
789 4164 817 4213 ff.
834 4167 867 4215 ad
884 4168 902 4215 1.
921 4166 1008 4227 nquit.
1027 4168 1073 4230 [D.
1091 4182 1116 4231 9.
1134 4182 1158 4217 a.
1175 4168 1211 4233 9.]
1247 4166 1344 4217 *Vico
1360 4179 1387 4215 n.
1403 4180 1445 4229 49.
1462 4167 1524 4216 Alb.

355 4257 432 4305 Gens.
450 4255 554 4314 dejure
570 4252 631 4304 belii
648 4256 666 4303 1.
684 4268 708 4304 a.
724 4268 749 4304 c.
768 4256 896 4305 tondat.
913 4258 992 4307 wilh.
1009 4258 1090 4307 Mon.
1107 4258 1134 4307 in
1151 4272 1206 4321 req.
1223 4271 1248 4307 a.
1264 4272 1292 4319 p.
1310 4268 1335 4315 5.
1368 4257 1429 4307 ‘de
1446 4258 1526 4306 ont

357 4360 380 4397 r.
399 4345 436 4412 [c.
454 4361 492 4398 ιι.
516 4351 539 4406 i.
563 4344 616 4411 55]
652 4346 698 4394 ⁸1.
721 4346 882 4407 transfugae.
907 4347 933 4396 r.
959 4350 991 4398 de
1016 4362 1073 4409 acq.
1099 4351 1168 4401 dom.
1192 4350 1237 4413 [D.
1254 4362 1296 4410 41.
1316 4362 1338 4398 ι.
1356 4348 1409 4413 5ι.]
1437 4346 1526 4407 cujac.

356 4438 420 4488 Obs.
442 4442 460 4488 1.
484 4452 510 4501 4.
526 4450 550 4487 c.
567 4452 593 4501 9.
625 4434 729 4487 incur.
747 4450 787 4487 ao.
808 4450 848 4500 ι4.
864 4440 937 4489 Plato
955 4440 987 4489 de
1003 4453 1059 4501 rep.
1076 4441 1094 4489 l.
1112 4452 1135 4497 5.
1154 4440 1192 4502 [p.
1209 4452 1268 4503 47¹·
1286 4441 1322 4504 a]
1357 4439 1368 4473 Ι
1392 4440 1450 4489 Oct.
1474 4439 1527 4502 [rs.

359 4528 431 4593 864]
456 4528 540 4579 'liv-
557 4530 575 4579 1.
595 4540 618 4585 5.
637 4528 674 4593 [c.
691 4527 744 4595 ap]
770 4527 793 4565 ²⁰
810 4529 882 4579 Curt.
899 4532 917 4579 i.
934 4544 959 4593 4.
977 4528 1015 4595 [c.
1031 4530 1087 4595 4⁵·]
1114 4531 1134 4566 ²¹
1152 4534 1208 4583 sen.
1225 4532 1319 4583 Troad.
1339 4529 1390 4597 [rs.
1407 4532 1527 4593 55559]
