3450 5434
385 606 448 666 226
692 619 738 667 na
761 620 854 686 Jnaa
882 620 1067 667 aaaauan.
1093 620 1176 667 cnr.
1200 620 1267 671 xta.

385 788 524 857 utraque
555 775 661 856 ratio,
694 795 778 858 quae
809 774 1041 858 proprietatem
1063 772 1221 858 impedit,
1245 773 1278 841 in
1301 776 1362 841 hac
1384 794 1484 841 causa
1514 793 1562 843 est

385 905 482 966 quam
513 886 547 951 in
577 887 715 953 caeteris
745 886 900 952 omnibus
932 884 1064 951 infinito
1097 885 1275 952 efficacior:
1309 887 1401 968 quod
1432 886 1466 952 in
1490 887 1562 954 aliis

384 996 514 1062 difficile
536 997 690 1079 videtur,
711 998 745 1063 in
763 998 824 1063 hac
844 997 980 1064 omnino
999 996 1071 1063 fieri
1092 1016 1158 1063 non
1177 1011 1305 1080 potest:
1331 998 1424 1079 quod
1443 998 1478 1063 in
1490 998 1562 1063 aliis

384 1106 535 1188 iniquum
561 1108 770 1193 Jndicamus,
794 1108 828 1175 in
852 1109 914 1174 hac
933 1126 1060 1173 summe
1079 1108 1251 1173 barbarum
1273 1122 1322 1173 est
1342 1122 1442 1189 atque
1464 1108 1562 1175 inhu-

384 1237 528 1284 manum.
574 1218 653 1285 Non
682 1220 722 1285 de
744 1219 825 1285 mari
845 1218 1000 1284 interiore
1020 1218 1075 1284 hic
1096 1218 1246 1302 agimus,
1271 1219 1362 1301 quod
1383 1218 1481 1285 terris
1502 1238 1562 1285 un·

384 1328 486 1411 dique
506 1329 651 1397 infusum
673 1330 794 1398 alieubi
814 1330 911 1397 etiam
932 1328 1079 1397 fluminis
1099 1329 1307 1396 latitudinem
1331 1350 1397 1395 non
1417 1330 1559 1395 excedit:

385 1441 426 1507 de
455 1461 523 1524 quo
551 1456 658 1508 tamen
691 1442 771 1509 satis
801 1454 930 1507 constat
961 1443 1093 1507 locutos
1124 1460 1194 1507 esse
1214 1440 1356 1506 Romani
1375 1439 1462 1525 juris
1483 1460 1560 1507 coo·

384 1553 514 1632 sultos,
546 1571 620 1619 cum
640 1553 768 1620 nobiles
787 1552 860 1618 illas
879 1551 1037 1618 adversus
1056 1551 1216 1635 privatam
1238 1550 1405 1619 avaritiam
1429 1566 1561 1618 senten-

385 1662 447 1729 tias
472 1674 481 1709 ¹
510 1664 695 1730 ediderunt.
744 1665 796 1731 De
827 1682 952 1732 oceano
984 1662 1175 1746 quaeritur,
1216 1682 1313 1745 quem
1343 1662 1559 1744 immensum,

386 1774 552 1840 infinitum
576 1794 682 1841 rerum
704 1789 893 1858 parentem,
925 1776 1018 1841 coelo
1042 1774 1282 1841 conterminum
1302 1774 1485 1857 antiquitas
1503 1794 1560 1840 vo-

387 1900 458 1951 cat:
481 1889 579 1971 cujus
604 1902 764 1970 perpetuo
792 1886 931 1953 humore
958 1905 1024 1952 non
1049 1884 1158 1953 sontes
1176 1900 1303 1952 tantum
1324 1901 1356 1951 et
1375 1884 1512 1953 flumina
1530 1902 1562 1951 et

386 1996 505 2078 maria,
528 1997 585 2064 sed
606 1999 728 2079 nubes,
753 1998 810 2063 sed
833 1998 904 2081 ipsa
926 1998 1175 2079 quodammodo¹
1192 1996 1298 2063 sidera
1319 1996 1410 2079 pasci
1434 2012 1562 2063 veteres

387 2107 613 2174 crediderunt:
637 2109 697 2191 qui
724 2108 868 2192 denique
887 2128 945 2192 per
964 2108 1149 2193 reciprocas
1168 2124 1318 2173 aestuum
1337 2107 1428 2174 vices
1444 2124 1559 2175 terram

386 2219 490 2298 hanc,
521 2218 654 2284 humani
687 2218 813 2303 generis
843 2220 976 2302 sedem,
1008 2219 1153 2287 ambiens
1182 2238 1292 2301 neque
1321 2220 1423 2285 teneri
1454 2239 1562 2302 neque

386 2329 511 2395 includi
532 2345 666 2413 potest,
687 2346 721 2395 et
742 2330 891 2415 possidet
920 2330 1033 2398 verius
1065 2349 1163 2413 quam
1192 2330 1391 2413 possidetur.
1438 2331 1477 2398 In
1499 2334 1561 2399 hoc

386 2456 494 2506 autem
518 2460 642 2508 oceano
664 2461 731 2508 non
759 2442 800 2507 de
820 2441 897 2507 sinu
916 2456 973 2508 aut
992 2439 1098 2524 freto,
1123 2461 1183 2507 nec
1203 2441 1243 2507 de
1263 2442 1352 2507 omni
1374 2442 1511 2523 quidem
1523 2464 1561 2509 eo

387 2553 525 2634 quode
556 2552 666 2620 littore
698 2553 847 2637 conspici
882 2567 992 2636 potest
1024 2552 1248 2621 controversia
1278 2568 1337 2619 est.
1381 2554 1561 2621 vindicant

386 2664 449 2729 sibi
475 2664 652 2745 Lusitani,
682 2664 846 2748 quidquid
874 2664 959 2731 duos
986 2664 1082 2730 orbes
1111 2664 1300 2749 interjacet,
1325 2666 1426 2732 tantis
1446 2665 1561 2749 spatiis

385 2775 567 2858 discretos,
608 2792 648 2842 ut
679 2774 829 2860 plurimis
869 2775 1010 2842 saeculis
1048 2774 1166 2842 famam
1200 2777 1254 2843 sui
1286 2795 1353 2843 non
1387 2778 1557 2860 potuerint

386 2888 615 2955 transmittere.
660 2887 764 2975 Quod
793 2886 822 2952 si
854 2886 1140 2967 Castellanorum‚
1174 2886 1232 2970 qui
1267 2887 1300 2952 in
1335 2889 1448 2954 eadem
1483 2904 1560 2957 sunt

387 3018 509 3081 causa,
540 3000 650 3084 portio
683 2999 836 3079 accedat,
869 3018 971 3081 parvo
995 2997 1104 3064 minus
1128 2998 1237 3065 omnis
1260 3018 1405 3065 oceanus
1429 3000 1560 3067 duobus

385 3112 519 3196 populis
549 3110 753 3194 mancipatus
784 3126 854 3190 est,
878 3109 951 3176 aliis
975 3123 1026 3176 tot
1049 3108 1203 3195 gentibus
1227 3110 1268 3175 ad
1290 3110 1559 3193 Septentrionunr

369 3218 525 3288 ¹redactis
546 3222 731 3308 angustias:
755 3224 978 3304 multumque,
988 3222 1122 3304 decepta
1146 3236 1197 3287 cst
1218 3236 1352 3300 natura,
1376 3242 1463 3303 quae
1487 3242 1559 3288 cum

387 3335 580 3399 elementum
605 3333 689 3399 illud
710 3332 865 3400 omnibus
888 3314 1125 3414 circumfudit,
1148 3332 1303 3399 omnibus
1323 3332 1421 3398 etiam
1442 3333 1559 3401 suffec-

386 3458 496 3510 turum
521 3443 672 3509 credidit.
718 3444 756 3509 In
782 3457 876 3511 tanto
897 3442 978 3511 mari
1000 3442 1028 3511 si
1053 3443 1130 3525 quis
1152 3462 1215 3509 usu
1239 3443 1430 3526 promiscuo
1453 3448 1558 3512 solum

386 3554 450 3620 sibi
482 3555 654 3637 imperium
677 3568 711 3620 et
732 3554 891 3621 ditionem
925 3555 1112 3638 exciperet,
1144 3568 1251 3621 tamen
1285 3555 1481 3623 immodicae
1503 3557 1559 3623 do

385 3666 574 3732 minationis
596 3666 766 3733 affectator
788 3667 983 3733 haberetur:
1007 3666 1035 3731 si
1059 3665 1137 3748 quis
1159 3665 1286 3749 piscatu
1310 3682 1435 3733 arceret
1456 3668 1558 3749 alios,

385 3779 516 3845 insanae
548 3778 742 3863 cupiditatis
772 3793 884 3845 notam
916 3796 984 3843 non
1007 3776 1185 3861 effugeret:
1211 3777 1325 3860 atqui
1348 3776 1445 3843 etiam
1469 3778 1560 3845 navi-

386 3906 497 3976 gatum
521 3890 679 3973 impedit,
702 3909 772 3972 quo
793 3889 879 3956 nihil
902 3889 965 3973 ipsi
988 3888 1097 3973 perit,
1122 3889 1163 3954 de
1186 3909 1224 3955 eo
1247 3890 1331 3971 quid
1350 3888 1557 3956 statuemus?

385 4002 421 4068 si
455 4002 530 4085 quis
553 4002 593 4067 ab
617 4001 707 4086 igni,
741 4001 800 4085 qui
825 4014 919 4067 totus
942 4020 1023 4068 suus
1046 4014 1117 4080 est,
1150 4000 1260 4084 ignem
1283 4020 1420 4083 capere,
1449 4002 1558 4067 lumen

383 4134 446 4179 suo
469 4114 510 4179 de
532 4112 656 4179 lumine
678 4115 814 4178 alterum
837 4112 1048 4196 prohiberet,
1073 4113 1143 4196 lege
1167 4112 1255 4178 hunc
1275 4112 1436 4178 humanae
1457 4111 1559 4178 socie·

383 4226 462 4292 tatis
484 4244 574 4290 reum
598 4244 805 4309 peragerem:
830 4223 908 4306 quia
930 4223 983 4289 vis
1005 4243 1041 4288 ea
1064 4237 1114 4287 cst
1137 4221 1233 4289 istius
1255 4236 1414 4303 naturae,

419 4460 427 4491 ¹
445 4474 520 4521 supra
537 4462 663 4520 allegatas.
