3450 5434
497 634 545 680 DE
568 634 662 700 JURE
687 634 874 681 PRAEDAE·
900 635 978 680 CAP.
1004 634 1084 679 XIII.
1307 633 1367 696 291

195 806 286 857 sunt.
332 790 420 856 Nam
441 790 578 854 alterum
610 789 714 868 illud,
738 802 777 855 ut
795 789 923 855 easdem
945 806 1101 871 personas
1131 805 1371 868 consequamur

196 922 280 984 quae
301 901 453 967 damnum
476 900 573 964 nobis
589 900 770 979 dederunt,
795 920 870 965 cum
893 899 1019 981 ubique
1050 897 1185 964 difficile
1209 913 1273 975 est,
1299 914 1369 964 tum

196 1015 229 1079 in
258 1014 313 1079 illa
335 1011 544 1096 navigatione
573 1011 630 1076 vix
654 1025 762 1076 estut
785 1010 966 1095 contingat.
1012 1009 1085 1075 Nec
1114 1009 1203 1076 credi
1235 1029 1293 1092 par
1321 1023 1370 1074 est

195 1125 304 1190 mInus
326 1123 359 1188 in
383 1123 462 1189 belli
482 1123 614 1207 gerendi
628 1122 787 1188 mandatis
799 1122 982 1204 contineri,
1003 1097 1100 1204 quatit
1113 1123 1146 1186 in
1159 1120 1369 1205 repressaliis.

197 1236 272 1301 Hoc
305 1234 406 1320 igitur
427 1233 588 1300 codicillis
612 1232 777 1315 efficitur,
801 1249 838 1300 ut
859 1233 1023 1316 quidquid
1046 1235 1119 1317 jure
1137 1233 1283 1319 gentium
1303 1233 1370 1317 pri-

196 1347 266 1413 vati
294 1345 399 1412 lacere
426 1345 636 1429 potuissent,
660 1344 693 1410 id
716 1365 803 1412 nunc
834 1361 922 1432 retro
952 1344 1145 1410 auctoritate
1175 1345 1308 1428 publica
1338 1359 1371 1410 et
1402 1426 1405 1434 ἱ

198 1457 292 1541 quasi
304 1459 435 1523 decreto
447 1458 535 1523 bello
547 1454 666 1522 fecisse
680 1455 885 1523 existimandi
906 1456 983 1523 sint.
1005 1457 1085 1541 Jure
1102 1471 1210 1522 autem
1225 1455 1369 1540 gentium
1423 1467 1450 1512 V·
1474 1477 1528 1512 ant·

1384 1522 1453 1566 concl.
1473 1521 1527 1567 VII.

197 1569 401 1636 ostendimus
425 1589 464 1634 ex
487 1568 576 1633 facto
598 1567 798 1650 reipublicae
820 1582 878 1634 aut
901 1567 1147 1651 magistratuum
1179 1567 1281 1635 teneri
1304 1567 1528 1688 sin-Jahn&

199 1682 294 1764 gulos
324 1679 499 1759 subditos,
525 1698 564 1744 ex
593 1677 680 1744 facto
710 1679 942 1760 subditorum,
968 1680 1059 1760 quod
1088 1700 1153 1745 non
1184 1680 1255 1746 sine
1276 1681 1529 1792 culpafssjffi

199 1790 398 1874 impunitum
420 1790 486 1870 sit,
510 1790 697 1857 universam
729 1791 961 1873 rempublicam
986 1791 1087 1858 etsie
1109 1792 1198 1872 fieri,
1229 1806 1267 1857 ut
1289 1789 1371 1856 civis
1384 1791 1530 1889 ffimtgmg'g

199 1901 298 1968 unius
331 1900 452 1967 factum
485 1904 621 1967 alterum
651 1902 787 1986 obliget.
835 1903 967 1969 Nomen
988 1918 1096 1969 autem
1119 1903 1256 1987 injuriae
1280 1898 1532 2012 repa-{Jigs'pf'ssffi

199 2014 316 2078 candae
347 2034 412 2078 non
438 2029 564 2079 tantum
587 2015 849 2097 persecutionem
874 2013 982 2079 damni
1015 2029 1047 2080 et
1074 2029 1242 2080 sumtuum
1267 2012 1372 2079 conti·
1380 2004 1532 2118 5212·le

199 2141 278 2204 net,
302 2125 411 2190 sedet
432 2144 579 2208 poenae,
604 2125 696 2208 quod
718 2125 939 2192 indubitatum
964 2142 1012 2192 est
1035 2126 1068 2192 in
1090 2125 1241 2192 mandato
1262 2125 1372 2209 reipu-
1385 2114 1443 2162 W·
1456 2113 1529 2159 'mi

202 2236 329 2319 olicae,
362 2257 445 2318 quae
478 2236 623 2302 omnium
657 2235 870 2320 interpretum
903 2257 1065 2304 consensu
1089 2238 1099 2272 ¹
1119 2239 1174 2322 jus
1205 2237 1305 2302 habet
1336 2251 1373 2301 ut

204 2348 237 2412 in
256 2349 403 2414 internos
422 2348 467 2414 ita
487 2349 521 2413 in
542 2362 695 2415 externos
722 2368 783 2414 suo
809 2350 924 2415 ordine
946 2369 1005 2432 pro
1029 2348 1145 2415 merito
1168 2347 1371 2415 vindicandi.

201 2459 275 2524 Hoc
300 2459 402 2545 igitur
424 2460 602 2525 videndum
628 2475 700 2540 est,
730 2480 770 2526 an
799 2461 882 2542 quid
904 2462 967 2526 tale
992 2459 1227 2526 Hemskerckio
1251 2458 1372 2525 factum

201 2571 245 2636 sit
268 2574 407 2656 ejusque
430 2572 593 2651 navibus,
624 2587 680 2637 aut
704 2571 762 2654 qui
786 2571 816 2637 ei
838 2592 975 2638 suorum
998 2574 1072 2637 loco
1095 2572 1207 2637 haberi
1231 2571 1373 2653 debent,

202 2683 293 2764 quod
314 2683 455 2748 Ordines
475 2697 533 2748 aut
551 2683 706 2766 Princeps
725 2683 863 2766 injuriae
882 2684 1014 2749 nomine
1033 2683 1205 2765 complecti
1224 2683 1374 2750 voluisse

201 2794 355 2862 censendi
377 2809 465 2860 sunt.
512 2794 670 2860 Omittam
694 2794 748 2859 hic
771 2792 872 2878 igitur
895 2794 1065 2860 Lusitanis
1087 2793 1243 2860 invidiam
1265 2793 1373 2860 facere
1413 2803 1440 2848 V·
1463 2813 1533 2868 terte

201 2907 484 2972 commemorando
517 2907 735 2989 deprehensas
766 2905 800 2972 in
833 2906 903 2988 ipsa
940 2926 1071 2974 caracca
1105 2905 1214 2972 tristes
1238 2905 1372 2972 exuvias
1386 2857 1534 2956 {adiali

201 3018 371 3084 hominum
405 3017 669 3097 Hollandorum,
703 3036 788 3099 quos
820 3017 868 3083 illi
892 3019 933 3083 ad
957 3019 1168 3084 Macalintem
1192 3032 1303 3082 contra
1326 2964 1455 3084 fasiiii'l·
1470 2969 1489 3010 L
1512 2980 1532 3010 ς’

201 3148 298 3195 omne
321 3145 355 3196 et
376 3129 473 3194 fidem
497 3131 735 3214 strangulatam
757 3144 790 3193 et
812 3144 1006 3195 merserant:
1036 3149 1232 3211 quamquam
1257 3129 1292 3193 hi
1312 3127 1374 3211 ipsi

201 3260 269 3306 non
301 3256 426 3307 tantum
460 3243 503 3306 ob
534 3241 656 3324 patriae
688 3241 975 3328 conjunctionem,
1008 3242 1065 3306 sed
1097 3241 1174 3324 quia
1201 3242 1241 3307 ab
1265 3241 1373 3305 eadem

202 3352 358 3418 societate
389 3352 480 3418 missi
513 3368 626 3434 erant,
659 3355 754 3437 cujus
787 3353 975 3420 administer
1005 3369 1073 3419 erat
1096 3352 1373 3434 Hemskerckius‚

203 3463 300 3530 alieni
331 3484 398 3531 uon
431 3479 583 3547 poterant
616 3465 721 3530 videri
742 3464 772 3528 ²:
806 3485 916 3548 neque
950 3465 1153 3549 praefectum
1192 3480 1375 3546 nautasque

203 3595 316 3642 omnes
347 3576 456 3642 minus
488 3578 700 3644 vehementer
732 3597 770 3643 eo
802 3576 945 3644 facinore
978 3579 1179 3644 commoveri
1203 3577 1375 3661 oportuit,

205 3708 302 3768 quam
333 3703 458 3752 certum
486 3704 553 3754 erat
576 3689 719 3755 Ordines
742 3704 775 3754 et
797 3689 1003 3773 Principem,
1028 3691 1055 3756 si
1080 3691 1112 3755 in
1136 3710 1202 3755 rem
1226 3708 1376 3773 praesen·

205 3813 269 3864 tem
303 3798 374 3866 sisti
407 3800 614 3883 potuissent,
648 3800 768 3866 bellum
801 3822 840 3867 eo
863 3800 995 3866 nomine
1018 3801 1206 3867 decreturos
1230 3801 1378 3884 ipsisque

205 3911 415 3977 mandaturos
446 3911 559 3978 fuisse.
607 3912 766 3979 Omittam
800 3912 896 3977 etiam
929 3926 1073 3995 repetere
1103 3912 1294 3994 quomodo,
1320 3911 1493 4026 quibem
1512 3927 1537 3973 re

205 4022 343 4088 comites
370 4022 480 4105 priore
502 4025 619 4091 itinere
643 4024 871 4090 Hemskerckii
895 4024 1047 4104 fuerant,
1071 4023 1180 4090 Banda
1203 3985 1537 4090 Annonama'ri‘rif·i'rf¹·

206 4133 337 4199 missia
361 4135 530 4201 Lusitanis
563 4135 737 4220 intercepti
768 4136 836 4201 sint
868 4157 1020 4219 unusque
1053 4157 1164 4203 eorum
1192 4134 1379 4203 foedissime

204 4298 389 4310 ——...

240 4393 298 4440 ¹V.
315 4395 383 4442 vict.
408 4397 439 4444 de
461 4394 519 4452 jure
544 4397 604 4444 belli
630 4411 656 4446 n.
684 4411 721 4460 19·
745 4409 770 4447 et
795 4395 876 4454 cajet.
901 4400 933 4447 ad
951 4400 1043 4448 summ.
1061 4411 1084 4446 a·
1102 4411 1126 4446 a.
1143 4398 1183 4459 69.
1201 4409 1247 4447 art·
1265 4409 1289 4456 3.
1322 4396 1381 4446 ²V.

207 4485 310 4532 Cardia.
328 4487 359 4534 ad
378 4488 462 4535 Clem.
482 4501 591 4536 causam.
607 4491 629 4547 5.
646 4502 743 4538 verum.
760 4491 798 4537 De
814 4491 891 4538 elect.

1193 4580 1250 4661 19*
