3450 5434
357 656 416 718 132
667 650 714 695 DE
737 648 831 713 Junn
857 646 1040 695 PRAEDAE.
1066 650 1146 695 CAP.
1171 650 1205 695 X.

353 805 510 891 publico,
535 804 612 887 quia
639 803 726 867 bello
757 800 892 884 publico
920 802 963 867 ob
984 800 1232 869 diuturnitatem
1254 802 1326 887 ejus
1349 801 1477 868 scilicet
1500 816 1533 867 et

354 915 611 1002 magnitudinem
632 934 704 980 raro
724 928 850 991 tantum
871 933 910 979 ex
929 915 1024 980 hoste
1045 914 1195 997 capitur,
1220 928 1378 997 quantum
1400 915 1457 979 vel
1479 932 1534 979 so-

355 1031 403 1095 las
437 1026 600 1109 impensas
633 1026 813 1106 adaequet,
846 1023 969 1089 idcirco
999 1023 1228 1109 jurisconsulti
1253 1033 1261 1067 ¹
1287 1023 1410 1106 quibus
1438 1026 1535 1091 velut

356 1139 500 1204 solemne
521 1150 571 1201 est
591 1140 625 1205 τὸ
647 1135 734 1214 ἅπαξ
753 1136 770 1212 ἢ
788 1136 831 1208 δὶς
848 1136 1060 1216 παραβαίνειν,
1077 1140 1273 1220 praeterire
1291 1134 1329 1201 id
1339 1134 1428 1220 quod
1437 1133 1538 1199 semel

354 1251 517 1316 iterumve
536 1243 681 1322 accidit,
705 1257 799 1325 capta
822 1243 909 1307 bello
921 1242 1057 1324 publico
1080 1244 1271 1311 indistincte
1294 1245 1419 1327 acquiri
1440 1245 1533 1311 dixe-

356 1374 451 1424 runt:
473 1358 603 1441 privato
625 1370 820 1421 autemnon
842 1355 928 1419 ultra
952 1374 1048 1435 quam
1070 1356 1142 1421 vice
1165 1376 1276 1423 eorum
1299 1376 1383 1439 quae
1396 1354 1535 1438 privatis

357 1469 561 1535 deberentur.
607 1466 821 1533 Conveniunt
844 1484 922 1547 ergo
945 1464 1102 1533 hactenus
1128 1469 1182 1551 jus
1203 1468 1341 1550 praedae
1363 1466 1534 1549 publicum

358 1594 392 1647 et
420 1580 602 1663 privatum:
634 1598 718 1661 quae
744 1592 851 1642 tamen
877 1574 1031 1641 subtilem
1052 1577 1193 1659 aliquam
1215 1576 1429 1643 differentiam
1451 1575 1536 1642 reci·

358 1712 433 1776 pere
452 1710 519 1757 non
540 1706 591 1757 est
617 1686 899 1754 dissimulandum.
944 1686 1028 1753 Nam
1051 1688 1143 1769 quod
1162 1687 1368 1755 subditorum
1389 1688 1535 1767 ratione,

359 1803 417 1885 qui
449 1803 536 1869 bona
564 1800 630 1867 fide
661 1801 784 1867 bellum
817 1798 1067 1879 administrant,
1098 1818 1150 1865 res
1182 1814 1295 1881 captas
1325 1818 1364 1865 ex
1396 1812 1535 1879 utraque

359 1912 501 1997 partein
521 1910 772 1993 acquisitionem
791 1911 906 1977 cadere
926 1911 1014 1976 bello
1035 1911 1170 1993 publico
1191 1906 1436 1989 asseruimus¹,
1450 1908 1535 1973 idem

360 2024 394 2089 in
417 2023 545 2106 privato
566 2020 623 2087 vix
643 2035 755 2103 putem
777 2020 945 2088 obtinere:
970 2021 1049 2103 quia
1071 2042 1137 2088 non
1159 2036 1196 2089 ut
1212 2020 1416 2105 respublicae
1436 2018 1480 2085 ita
1503 2033 1538 2085 et

359 2132 477 2216 privati
500 2133 584 2198 inter
604 2152 639 2199 se
662 2132 746 2196 hanc
768 2153 835 2198 rem
858 2132 1100 2199 consciverunt.
1145 2132 1217 2199 Nec
1241 2132 1305 2199 alio
1326 2132 1425 2198 modo
1446 2150 1536 2197 com-

360 2242 492 2309 modius
512 2242 732 2325 interpreteris
754 2242 788 2307 id
808 2244 899 2325 quod
919 2262 958 2309 ex
980 2244 1171 2311 doctoribus
1191 2243 1379 2323 attulimus,
1406 2242 1537 2325 privato

360 2355 448 2420 bello
471 2368 565 2435 capta
588 2352 786 2436 capientium
806 2372 873 2419 non
894 2352 984 2425 fieri:
1008 2355 1071 2421 hoc
1096 2371 1167 2436 cst,
1203 2356 1308 2438 ipsum
1342 2356 1464 2423 bellum
1496 2352 1538 2417 ad

360 2465 424 2529 hoc
441 2482 508 2530 non
532 2462 698 2544 sufficere,
722 2463 784 2529 nisi
808 2484 906 2529 causa
929 2485 1013 2547 quae
1033 2484 1144 2531 revera
1162 2467 1251 2550 J'usta
1273 2465 1318 2532 sit
1339 2465 1460 2531 bellum
1481 2482 1538 2528 co-

360 2576 504 2642 mitetur.
550 2574 699 2641 Alterum
720 2576 893 2642 discrimen
917 2575 1136 2661 intelligetur,
1166 2575 1193 2642 si
1227 2576 1303 2659 quis
1324 2574 1537 2654 consideret,

362 2685 481 2769 quida
503 2686 671 2769 republica
693 2685 813 2769 privati
836 2686 1000 2755 differant.
1047 2686 1167 2769 Neque
1199 2687 1283 2753 enim
1314 2704 1474 2765 numeru,
1499 2698 1537 2749 ut

361 2795 521 2877 arbitror,
546 2796 629 2862 illud
650 2795 779 2862 definiri
801 2810 920 2880 potest.
967 2797 1051 2863 Nam
1074 2796 1193 2881 privati
1217 2779 1376 2879 totidem,
1397 2810 1482 2879 quot
1497 2793 1538 2860 ad

361 2907 528 2974 civitatem
557 2906 818 2973 constituendam
848 2908 996 2973 sufficere
1018 2924 1179 2991 possunt,
1203 2907 1344 2974 fortuito
1367 2907 1539 2974 undecun-

363 3038 428 3101 que
449 3037 612 3084 concursu
637 3017 850 3101 conglobati,
884 3018 989 3084 nihilo
1017 3020 1091 3102 plus
1121 3018 1206 3102 juris
1238 3019 1404 3084 habebunt
1438 3038 1537 3099 quam

362 3148 449 3196 unus
470 3142 528 3193 aut
548 3129 624 3192 duo.
671 3127 760 3192 Tum
781 3147 860 3194 vero
884 3128 1061 3195 multitudo
1082 3129 1165 3209 ista,
1185 3149 1269 3211 quae
1288 3129 1366 3195 satis
1386 3128 1452 3211 sit,
1469 3148 1538 3210 quo

362 3258 497 3303 numero
526 3236 680 3319 finietur,
712 3238 757 3305 ita
787 3254 826 3305 ut
857 3239 922 3304 dici
954 3259 1021 3306 non
1047 3240 1152 3324 possit
1172 3239 1341 3323 pauciores
1362 3239 1537 3307 sufficere?

361 3348 461 3415 Unde
489 3366 567 3432 ergo
597 3348 652 3414 illa
681 3348 879 3417 diversitas?
904 3351 1069 3417 Nimirum
1093 3372 1111 3415 a
1133 3350 1224 3417 civili
1245 3365 1428 3434 potestate,
1452 3371 1538 3433 quae

362 3477 525 3525 consensu
545 3458 779 3525 constituitur:
804 3463 889 3528 unde
908 3462 1033 3547 iudicia
1055 3476 1127 3528 orta
1147 3480 1218 3527 esse
1238 3461 1381 3528 diximus
1393 3460 1417 3527 ⁸.
1446 3461 1538 3527 Haec

362 3569 465 3653 igitur
486 3569 520 3634 in
552 3568 712 3652 patiunda
742 3573 860 3654 praeda
892 3572 1107 3643 differentiam
1136 3570 1272 3639 faciunt.
1317 3574 1402 3639 Nam
1425 3590 1539 3655 respu-

362 3680 449 3745 blica
470 3679 503 3745 in
531 3699 565 3747 se
587 3680 687 3746 babet
706 3682 910 3767 judiciariam
941 3698 1135 3766 potestatem
1156 3684 1191 3763 ⁴,
1215 3682 1363 3766 privatus
1387 3702 1454 3750 non
1482 3684 1541 3749 lra-

362 3790 420 3855 bet
439 3789 502 3857 nisi
524 3805 686 3872 quatenus
717 3793 849 3875 publica
871 3792 994 3859 deficit.
1040 3792 1213 3860 Deiectum
1239 3809 1346 3860 autem
1368 3793 1540 3860 commode

362 3898 463 3981 satis,
487 3915 524 3966 ut
539 3900 673 3968 videtur
692 3902 724 3967 in
742 3920 1003 3971 momentaneum
1024 3918 1056 3971 et
1068 3904 1100 3970 in
1114 3904 1307 3970 continuum
1320 3903 1541 3971 distinximus.

362 4011 447 4078 Nam
466 4032 541 4078 cum
561 4002 708 4079 deiectus
727 4028 777 4079 est
796 4030 1062 4095 momentaneus,
1081 4016 1169 4099 leges
1188 4029 1226 4080 ut
1242 4014 1381 4097 primum
1400 4028 1543 4098 possunt

362 4122 619 4190 reconciliandae
642 4139 732 4190 sunt.
762 4124 874 4212 Quare
896 4125 986 4208 quod
1007 4124 1103 4193 iidem
1128 4124 1175 4191 illi
1198 4126 1349 4192 doctores
1368 4126 1378 4159 ⁸
1401 4124 1540 4205 dicunt,

369 4274 550 4293 -f--u—-o-

395 4345 404 4379 ¹
424 4348 440 4394 l.
462 4359 487 4407 a
508 4359 532 4402 s.
555 4347 580 4394 6.
604 4345 629 4393 ff.
646 4348 677 4395 de
693 4349 757 4408 legg.
777 4348 820 4409 [D.
840 4361 861 4397 1.
878 4348 914 4413 3.]
932 4353 949 4398 l.
966 4362 989 4407 3.
1009 4350 1034 4398 ln
1052 4348 1111 4399 fine.
1127 4349 1153 4398 ll'.
1166 4349 1187 4399 sl
1206 4362 1263 4410 pars
1280 4345 1435 4397 hereditatis.
1456 4344 1501 4409 [D.
1518 4360 1542 4403 s.

361 4434 400 4498 4.]
436 4432 487 4485 ὀ.
509 4438 534 4484 8.
554 4438 692 4494 cowll-s.
735 4436 790 4488 'in
811 4453 833 4487 c.
859 4454 883 4487 2.
922 4440 982 4489 ⁴ex
1005 4445 1021 4489 l.
1043 4456 1066 4503 9.
1088 4453 1113 4489 et
1141 4453 1178 4497 rs.
1203 4442 1275 4489 Adde
1297 4451 1342 4487 art.
1368 4452 1388 4485 r.
1411 4440 1493 4487 eoncl.
1516 4451 1540 4495 7.

362 4524 373 4555 ⁸
391 4524 463 4573 Arias
484 4538 508 4573 st
525 4527 618 4583 ceteri,
637 4526 712 4576 dictis
728 4529 801 4577 locis.
