3450 5434
349 651 410 729 158
667 662 715 709 nr
737 662 831 729 Juns
857 658 1041 707 runcone.
1070 656 1150 704 cnr.
1175 656 1210 703 x.

345 820 376 885 ei
399 816 457 899 qul
479 816 606 883 vicerat
628 815 760 900 propria
781 812 884 882 fuisse
908 811 1143 895 conspicimus,
1166 808 1522 895 etiamjureRomano.

342 929 393 993 De
424 925 558 1010 proeliis
581 940 614 991 et
635 923 935 1011 expugnationibus
968 920 1101 989 urbium
1124 920 1206 1003 quid
1229 918 1517 986 existimabimus?

344 1038 439 1124 Quae
467 1051 559 1120 parta
585 1036 651 1120 jam
684 1034 824 1103 victoria
856 1032 1041 1114 eripiuntur
1072 1030 1171 1096 victis
1196 1029 1230 1094 in
1247 1026 1522 1112 praeda'milltari

346 1164 416 1211 esse
441 1164 508 1212 non
533 1145 735 1212 videntur1:
770 1148 850 1211 haec
883 1140 1004 1208 Graeci
1036 1161 1112 1206 cum
1148 1140 1303 1205 distincte
1336 1141 1523 1221 loquuntur

345 1263 444 1325 acina
461 1270 591 1322 vocant.
616 1255 789 1322 Caeterum
809 1252 944 1337 quaein
963 1252 1035 1335 ipso
1054 1250 1171 1333 proelii
1191 1264 1249 1317 aut
1267 1249 1523 1333 expugnationis

345 1366 471 1449 impetu
497 1365 587 1431 hosti
620 1346 879 1447 extorquentur,
911 1364 1035 1449 λα’φυρκ
1070 1360 1185 1425 iisdem
1222 1361 1405 1443 appellata,
1442 1358 1520 1426 dum

347 1475 475 1541 scilicet
829 1480 836 1491 '

519 1585 593 1650 Ncc
615 1588 799 1669 temperari
813 1580 945 1668 facilc,
969 1602 1028 1646 ncc
1055 1584 1200 1666 reprimi
1215 1592 1324 1666 potest

515 1696 641 1761 Stricti
662 1698 747 1759 ensis
770 1697 850 1775 ira,

346 1806 559 1889 plurimarum
592 1804 739 1889 gentium
771 1802 920 1868 moribus
952 1799 1071 1867 deferti
1104 1800 1244 1885 singulis
1272 1799 1383 1866 video.
1438 1799 1522 1865 Exi-

347 1916 462 1981 menda
484 1930 591 1981 umen
611 1914 769 1981 videntur
791 1932 875 1995 quae
895 1931 962 1977 nou
984 1912 1113 1994 privata
1126 1910 1294 1989 hostium,
1317 1910 1377 1975 sed
1386 1909 1521 1993 publica

348 2024 496 2091 fuerunt.
532 2024 733 2090 Macedones
755 2041 834 2088 sane
854 2022 998 2088 victores
1019 2021 1060 2086 ad
1078 2020 1252 2105 Pyramum
1275 2037 1422 2100 amnem,
1445 2038 1520 2085 cum

346 2134 441 2202 Darii
463 2148 566 2200 castra
589 2134 825 2217 irrumperent,
847 2132 963 2217 ingens
982 2131 1052 2197 auri
1075 2130 1269 2217 argentique
1289 2131 1420 2213 pondus
1442 2129 1522 2197 diri-

347 2264 470 2329 puere,
503 2264 564 2311 nec
594 2243 774 2327 quidquam
803 2243 961 2309 intactum
993 2242 1175 2308 omiserunt
1202 2254 1329 2323 praeter
1357 2242 1444 2326 regis
1472 2256 1522 2307 ta-

347 2356 585 2436 bemaculum,
609 2356 729 2421 tradito
748 2372 859 2433 more,
881 2353 992 2435 inquit
1003 2352 1190 2432 Curtius²‚
1211 2366 1249 2417 ut
1264 2350 1521 2419 victoremvicti

349 2465 435 2550 regis
470 2465 680 2532 tabernaculo
715 2465 913 2547 exciperent.
968 2464 1083 2544 Atque
1114 2462 1194 2529 adeo
1222 2462 1263 2529 ad
1293 2464 1412 2529 Arbela
1431 2462 1524 2531 fuere

349 2575 408 2657 qui
448 2575 590 2641 militum
625 2576 804 2642 nonnullos
839 2588 1050 2654 accusarent,
1084 2572 1176 2656 quod
1209 2573 1450 2656 conspirassent
1480 2573 1523 2639 de

348 2686 467 2768 praeda
485 2686 573 2752 omni
593 2686 638 2751 ita
656 2686 720 2751 sibi
737 2684 953 2764 vindicanda,
975 2698 1014 2749 ut
1034 2684 1118 2750 nihil
1140 2683 1172 2748 in
1196 2684 1394 2765 praetorium
1416 2682 1524 2749 defet-

349 2812 421 2863 rent
443 2798 479 2878 ⁸,
515 2812 628 2864 contra
660 2816 803 2863 morem:
838 2794 892 2861 cui
924 2814 991 2861 non
1025 2794 1186 2860 dissimile
1227 2793 1321 2874 quod
1352 2776 1523 2859 Hebraeos

349 2926 524 2990 usurpasse
552 2907 725 2986 videmus,
753 2921 793 2971 ut
821 2905 903 2972 victi
924 2905 1009 2989 regis
1039 2923 1158 2969 corona
1181 2902 1250 2987 regi
1273 2903 1392 2970 victori
1417 2904 1523 2986 impo-

349 3034 483 3084 neretur
504 3019 527 3083 l.
571 3017 616 3082 Et
645 3035 721 3081 cum
752 3016 895 3081 Carolus
925 3016 1070 3099 Magnus
1100 3014 1277 3097 Hungaros
1299 3012 1434 3080 vicisset
1455 3014 1525 3095 pri-

349 3140 445 3191 vatae
476 3145 555 3207 opes
587 3126 706 3207 militi,
739 3125 849 3209 regiae
877 3124 1001 3190 aerario
1032 3138 1214 3191 cesserunt.
1260 3122 1326 3188 Sed
1356 3122 1460 3188 veteri
1486 3143 1525 3189 re

349 3235 495 3300 Romana
518 3255 559 3299 ne
578 3237 642 3301 lroc
667 3235 800 3318 quidem
823 3250 991 3318 receptum
1014 3232 1136 3315 fuisse,
1161 3248 1199 3299 ut
1218 3233 1253 3299 in
1277 3232 1523 3317 expugnatione

350 3345 468 3427 praeda
495 3343 593 3410 militi
624 3344 775 3427 cederet,
808 3343 1022 3427 apertissimis
1055 3344 1096 3409 L.
1124 3344 1256 3410 Aemilii
1277 3343 1366 3426 apud
1387 3343 1525 3410 Livium

349 3454 461 3521 verbis
492 3456 696 3522 ostendimus
716 3457 740 3521 ⁸.
784 3454 850 3521 Sed
880 3474 946 3520 non
979 3454 1098 3521 dubito
1125 3455 1206 3537 quin
1226 3454 1283 3535 id,
1308 3454 1400 3536 quod
1424 3454 1528 3520 bene-

349 3564 417 3630 ficii
439 3564 643 3648 imperatoris
666 3586 737 3632 esse
757 3567 823 3650 jam
847 3580 995 3648 ceperat,
1018 3586 1076 3647 per
1088 3564 1237 3631 civilium
1248 3565 1410 3630 bellorum
1422 3564 1526 3630 licen-

349 3675 452 3759 tiam,
474 3696 559 3757 quae
575 3676 672 3743 militi
694 3678 770 3760 plus
793 3695 890 3759 quam
913 3675 1054 3741 ducibus
1074 3674 1253 3758 permittit,
1274 3674 1308 3738 in
1330 3673 1526 3740 contrariam

350 3784 621 3853 consuetudinem
650 3787 797 3854 verterit.
850 3786 941 3852 Ecce
970 3785 1031 3852 tibi
1064 3784 1194 3850 initium
1221 3804 1239 3849 a
1270 3782 1431 3863 Caesare,
1465 3784 1525 3866 qui

350 3910 428 3980 post
458 3895 674 3963 Pharsalicam
707 3916 872 3982 pugnam,
905 3916 979 3962 cum
1005 3910 1109 3963 castra
1134 3894 1281 3979 Pompeii
1314 3894 1405 3960 daret
1426 3892 1526 3959 militi

351 4006 533 4089 diripienda
554 4006 665 4074 addit:

388 4250 489 4301 ¹Arlar
512 4263 537 4299 n
565 4250 623 4299 162.
646 4251 711 4298 Bell.
734 4263 762 4310 p.
787 4262 811 4297 a
833 4261 852 4298 t.
871 4252 910 4297 ιε.
927 4262 953 4297 n.
971 4261 995 4305 a.
1013 4259 1038 4297 et
1055 4262 1081 4310 4.
1099 4248 1220 4297 Wesenb.
1238 4250 1269 4297 ad
1286 4248 1308 4311 ς.
1326 4249 1388 4299 item
1406 4262 1436 4299 er
1451 4264 1527 4311 quae.

351 4345 413 4392 last.
429 4344 463 4389 dc
479 4354 528 4389 rer.
546 4340 601 4390 div.
620 4339 653 4403 [1.
672 4353 695 4388 a.
716 4351 737 4387 r.
755 4342 777 4399 ς.
797 4337 849 4402 17.]
869 4340 937 4387 Don.
956 4340 1055 4387 comm.
1073 4340 1091 4386 l.
1109 4353 1134 4400 4.
1153 4352 1177 4386 c.
1194 4351 1235 4387 ar.
1252 4339 1315 4388 Sllv.
1330 4338 1357 4389 lu
1375 4355 1401 4390 v.
1418 4342 1527 4389 Bellum.

352 4432 379 4480 ln
398 4431 481 4492 ptine.
497 4442 530 4477 ex
545 4431 658 4479 Roaellr.
694 4425 740 4478 ¹1.
765 4440 790 4487 s.
812 4427 849 4492 [c.
867 4425 921 4492 ala]
957 4424 1052 4480 ’Plus
1068 4430 1203 4491 Apopntn.
1222 4427 1259 4494 [p.
1281 4432 1336 4479 reu
1358 4429 1398 4493 b.]
1433 4430 1529 4479 ⁴Sam.

351 4534 377 4569 a.
397 4533 435 4568 ra.
452 4532 492 4568 vs.
510 4531 551 4575 so.
584 4519 654 4570 ‘nd
671 4532 717 4569 art.
738 4532 761 4568 a.
779 4533 806 4579 p.
826 4531 849 4568 r.
867 4520 917 4567 hot
935 4518 1028 4579 capite.
