3450 5434
383 594 426 677 96
679 612 726 663 nr
747 613 841 684 June
867 614 1050 667 rannone.
1075 613 1156 665 cna.
1179 612 1259 665 arn.

384 769 476 851 quod
489 783 522 835 et
536 788 634 852 supra
651 768 809 849 diximus,
826 768 1018 839 defervente
1034 770 1183 853 periculo
1201 772 1291 854 leges
1304 762 1552 839 resuscitandus.

383 879 536 965 Exempli
566 898 684 963 causa,
714 879 743 948 si
774 880 850 963 quis
879 878 1014 949 alterius
1039 878 1174 951 ditionis
1201 879 1284 948 civis
1307 878 1448 965 alicujus
1468 880 1555 949 bont

382 990 493 1059 veniat
518 1006 667 1075 raptum,
700 1006 854 1075 poterunt
875 1010 942 1061 non
962 989 1043 1059 haec
1064 1005 1189 1061 tuntum
1210 990 1335 1075 recipi,
1359 991 1417 1059 sed
1438 1005 1469 1057 et
1491 990 1552 1059 alia

382 1104 468 1171 bona
498 1118 572 1171 ante
600 1100 762 1189 judicium
794 1102 866 1187 capi
898 1102 992 1186 quasi
1019 1102 1054 1171 in
1083 1102 1224 1189 pignus,
1249 1100 1293 1171 ita
1316 1118 1355 1173 ut
1378 1104 1554 1173 reddantur

368 1215 410 1283 'si
427 1213 589 1301 judicium
609 1226 759 1281 secutum
781 1212 827 1281 sit
842 1221 868 1281 ².
915 1210 1058 1301 Quoties
1072 1228 1185 1283 'autem
1207 1213 1291 1284 ratio
1317 1213 1474 1298 temporis
1495 1234 1554 1299 pa·

380 1326 481 1408 titur,
503 1324 603 1392 toties
627 1325 818 1408 quicunque
847 1323 969 1392 bellurn
1001 1324 1189 1409 suscipiunt
1215 1340 1248 1396 et
1279 1324 1312 1395 in
1335 1342 1553 1410 quoscunque

379 1436 540 1523 judicium
562 1434 706 1519 accipere
723 1436 853 1503 debent.
898 1433 997 1503 Unde
1020 1435 1104 1503 bella
1126 1434 1237 1505 civilia
1255 1434 1344 1521 juste
1366 1436 1554 1520 suscipiun-

381 1564 436 1614 tur
453 1547 631 1616 secundum
649 1545 793 1631 regulam
811 1543 959 1631 quintam
979 1543 1050 1615 sive
1068 1545 1237 1631 septimam
1257 1562 1290 1619 et
1301 1547 1404 1633 legem
1416 1564 1551 1615 nonam:

382 1672 514 1726 externa
542 1655 722 1725 secundum
751 1659 855 1742 legem
888 1654 1112 1727 duodecimam
1140 1672 1174 1725 et
1202 1657 1350 1744 regulam
1385 1674 1502 1729 nonam
1525 1662 1551 1724 ¹.

381 1770 492 1857 Quare
521 1768 556 1834 in
587 1769 674 1834 bello
703 1766 794 1833 civili
825 1788 886 1851 pro
917 1766 990 1835 cive
1023 1782 1080 1835 aut
1107 1768 1276 1852 republica
1304 1783 1418 1835 contra
1447 1766 1553 1837 civem

382 1878 541 1948 sententia
551 1879 759 1964 magistratus
774 1892 832 1945 aut
846 1876 1044 1961 reipublicae
1061 1876 1278 1959 desideratur,
1295 1899 1356 1947 nec
1373 1878 1553 1962 quidquam

381 1993 467 2059 ultra
488 1994 517 2056 ἐ
550 1990 642 2073 quod
663 1988 697 2055 in
732 2004 865 2055 externo
898 1988 991 2056 aliter
1018 2004 1084 2058 est:
1120 1988 1219 2071 idque
1249 2011 1267 2055 a
1295 1987 1411 2059 Tullio
1433 1997 1446 2035 ⁸
1466 2004 1553 2063 recte

381 2099 617 2188 distinguitur,
647 2084 706 2182 qui
733 2119 808 2166 cum
838 2096 1017 2169 mittendos
1039 2100 1080 2167 acl
1101 2099 1284 2171 Antonium
1308 2100 1434 2189 legatos
1456 2116 1553 2186 negat

381 2209 439 2280 sed
469 2210 504 2277 vi
533 2230 607 2277 eum
636 2208 818 2295 cogendum
847 2225 886 2277 ut
918 2212 958 2277 ab
981 2207 1153 2280 obsidione
1175 2208 1328 2279 Mutinae
1350 2210 1552 2295 discederet,

381 2344 447 2389 non
474 2323 582 2403 enim,
605 2318 736 2403 inquit,
758 2342 832 2387 cum
861 2317 1105 2391 Annibalem
1128 2332 1176 2388 est
1206 2323 1295 2389 besse
1327 2320 1553 2407 reipublicae,

381 2432 439 2499 red
468 2451 542 2497 eum
574 2432 660 2501 cire:
695 2429 786 2514 quod
819 2428 992 2501 discrimen
1027 2431 1191 2501 subtiliter
1227 2431 1351 2504 Seneca
1373 2437 1384 2473 ⁸
1406 2433 1552 2516 indicet,

381 2561 456 2609 cum
487 2542 588 2623 dicit,
612 2541 753 2608 -iediete
781 2538 939 2625 finitimis
971 2538 1059 2611 bella
1092 2556 1153 2611 aut
1181 2554 1277 2629 gesta
1305 2563 1380 2613 eum
1410 2544 1551 2613 civibus.

380 2653 470 2743 Quia
490 2652 591 2721 indici
613 2654 735 2719 bellurn
757 2654 889 2721 civibus
908 2674 968 2721 nec
999 2651 1103 2735 solet,
1125 2671 1185 2721 nec
1205 2670 1338 2745 necesse
1359 2669 1417 2723 est.
1463 2655 1552 2724 Iden

382 2764 445 2835 erit
464 2763 497 2830 in
515 2763 684 2849 tyranms,
704 2762 910 2845 latronibus,
933 2760 1047 2848 piratis
1068 2778 1101 2831 et
1119 2760 1311 2847 quicunque
1327 2782 1402 2849 pers
1420 2766 1553 2837 alterius

379 2876 580 2961 reipublicae
602 2892 669 2943 non
692 2891 779 2942 sunt.
824 2876 862 2943 In
885 2876 980 2943 bellis
1002 2872 1146 2943 externis
1166 2884 1178 2918 ⁸
1201 2874 1254 2944 lex
1286 2873 1341 2947 illu
1364 2894 1461 2959 quam
1484 2876 1553 2947 dixi

381 3002 417 3054 et
434 2989 547 3073 regula
568 2985 781 3053 constituunt
807 2984 1090 3053 denuntiationem
1110 2982 1191 3055 adeo
1212 2984 1405 3056 celebratam
1426 2987 1461 3054 in
1480 2989 1553 3073 jure

380 3098 484 3181 belli,
514 3097 555 3162 de
586 3116 651 3178 qua
679 3114 746 3160 non
775 3094 862 3161 idem
892 3112 1019 3165 veteres
1051 3110 1271 3180 censuerunt,
1302 3098 1398 3165 nobis
1430 3118 1470 3166 ex
1500 3097 1553 3166 his

381 3226 467 3291 quae
497 3206 753 3290 praestruximus
781 3206 890 3273 omnia
918 3192 1016 3275 'erunt
1044 3208 1205 3292 expedita.
1251 3208 1357 3276 Recte
1386 3209 1470 3280 illud
1500 3208 1553 3281 sui

380 3317 463 3405 iuris
485 3318 617 3385 tenebat
644 3318 737 3385 miles
768 3318 856 3401 apud
877 3323 1048 3399 siluerimus
1070 3334 1103 3385 et
1124 3334 1163 3388 ut
1181 3318 1227 3387 ita
1249 3319 1354 3389 dicam
1375 3321 1554 3391 sententio-

381 3428 546 3497 sissimum
569 3444 733 3496 auctorem
755 3437 786 3493 τε

406 3539 528 3607 Omnia
542 3544 643 3628 prius
662 3542 813 3627 experiri
831 3540 941 3608 serbis
962 3560 1062 3626 quam
1083 3543 1189 3609 armis
1209 3545 1388 3629 rapientem
1409 3540 1525 3613 decu:

406 3648 474 3735 Qui
492 3655 554 3718 scis
574 3673 620 3717 en
639 3672 726 3737 quae
735 3650 872 3734 jubeam
896 3653 1018 3721 sineri
1031 3649 1181 3735 faciat?

425 3760 512 3828 Nam
534 3776 568 3829 et
589 3760 798 3846 Euripides·
819 3762 964 3829 dixerat:

657 3875 768 3954 λόγοισι
789 3878 913 3949 πείσας.
936 3878 960 3944 ei
983 3877 1013 3943 bd
1034 3878 1077 3955 pis
1097 3874 1157 3961 βίᾳ
1177 3874 1261 3957 bopbe.

665 3982 783 4049 Verbis
806 3983 845 4050 id
863 3982 1069 4071 impetrabo,
1092 3986 1145 4051 rin
1167 3984 1276 4051 minus
1299 4002 1413 4054 mente.

385 4138 579 4150 nun-n*-

415 4226 424 4259 l
441 4230 459 4275 l.
474 4227 518 4288 qul
537 4240 636 4287 posses.
649 4227 676 4275 ff.
695 4229 727 4275 de
745 4225 774 4277 vl
789 4238 814 4276 et
832 4226 860 4277 vl
876 4240 935 4277 ems
951 4226 1048 4293 [D··4s·
1068 4228 1105 4279 16.
1127 4228 1176 4294 17.]
1197 4226 1271 4281 Aries
1288 4230 1319 4279 de
1337 4228 1416 4281 bello.
1433 4243 1459 4281 ιι.
1473 4240 1513 4293 ⁸4
1526 4226 1554 4280 in

283 4314 296 4331 ⁸
380 4316 470 4378 perne.
481 4316 560 4365 bello.
578 4317 686 4378 [ocean.
699 4317 752 4379 jur.
766 4327 828 4364 tom.
846 4318 885 4366 1⁶.
901 4330 927 4377 p.
946 4316 1015 4379 sab]
1042 4314 1095 4368 ἰν.
1112 4333 1135 4367 e.
1151 4332 1174 4369 a.
1199 4318 1298 4369 ⁸lleld.
1308 4319 1361 4369 inl.
1375 4319 1397 4373 si
1406 4332 1515 4373 menum
1524 4320 1553 4371 0.

380 4408 413 4456 de
424 4406 479 4455 obs.
488 4418 554 4467 petr.
568 4407 641 4469 [c.6.
652 4407 677 4456 6.
688 4406 726 4467 4.]
748 4404 760 4437 ⁴
777 4406 840 4455 Phil.
854 4418 876 4462 s.
894 4408 931 4469 [c.
943 4422 980 4457 ιο.
989 4409 1009 4469 5.
1019 4410 1059 4459 ab.
1074 4410 1142 4472 sqq]
1167 4408 1178 4441 ⁸
1195 4412 1228 4459 de
1242 4410 1280 4459 irs
1294 4414 1311 4460 l.
1327 4422 1351 4469 s.
1364 4424 1388 4463 c.
1402 4424 1426 4461 a.
1448 4409 1460 4443 ⁸
1477 4411 1553 4461 Men.

378 4498 457 4546 Laud
464 4496 583 4546 debello.
598 4510 623 4556 q.
637 4510 661 4558 9·
671 4508 696 4546 et
713 4509 753 4556 sp.
760 4507 787 4546 ea
802 4498 842 4554 st.
867 4494 879 4533 ⁷
896 4498 997 4549 Terent.
1010 4498 1074 4551 Eun.
1088 4500 1139 4561 [ve.
1149 4502 1206 4563 γῆς).
1217 4500 1267 4562 sep]
1294 4499 1306 4532 ⁸
1325 4502 1425 4565 [suppl
1434 4514 1473 4553 vs
1483 4502 1551 4564 um]
