3450 5434
360 591 399 668 58
555 635 566 658 ,
675 605 720 650 uu
744 603 837 670 June
866 603 1214 650 rutenensem.

357 759 445 842 justa
465 759 529 824 dici
553 759 689 838 debeat,
724 773 821 826 restat
840 755 1031 824 videndum.
1076 757 1197 838 Neque
1214 759 1312 842 longa
1333 773 1383 822 est
1402 757 1532 840 disqui-

359 869 448 936 sitio.
492 869 541 934 Ut
564 868 648 934 enim
670 889 710 934 ex
733 869 803 947 his,
825 889 910 951 quae
932 883 1006 934 ante
1028 867 1172 934 diximus
1197 868 1227 950 ¹,
1249 866 1458 934 manifestum
1470 869 1531 948 lit,

214 1003 289 1048 conca
302 1003 349 1050 ιιι.
361 983 462 1045 omnis
499 979 631 1066 praeda
665 981 765 1064 justa
798 994 870 1063 est,
905 1000 991 1066 quae
1023 980 1118 1064 justo
1150 999 1193 1043 cx
1224 979 1307 1044 bello
1350 982 1465 1043 oritur
1507 977 1533 1045 ².

360 1091 406 1156 Et
426 1090 472 1158 sic
493 1109 606 1158 omnes
625 1089 798 1158 deliniunt.
843 1091 882 1156 In
903 1109 943 1155 eo
961 1111 1050 1157 nunc
1061 1088 1166 1157 omnis
1179 1089 1358 1173 disputatio
1370 1091 1533 1170 vertitur,

361 1203 482 1268 bellum
505 1202 669 1285 quoduam
689 1203 815 1287 justum
838 1203 883 1267 sit
906 1199 929 1268 ⁸.
977 1202 1043 1268 Sed
1061 1215 1136 1267 ante
1154 1202 1261 1267 omnis
1281 1201 1375 1268 verbi
1386 1201 1534 1268 tollenda

310 1389 312 1398 .
360 1327 410 1379 est
438 1313 643 1398 ambiguitas.
684 1311 817 1396 Justum
849 1312 936 1378 enim
970 1333 1046 1378 cum
1075 1313 1170 1391 dicu,
1205 1331 1272 1378 non
1294 1311 1340 1376 im
1361 1311 1532 1396 intelligo,

360 1424 446 1490 sicut
468 1424 631 1490 interdum
651 1437 850 1506 usurpatur,
874 1423 965 1506 quod
987 1424 1028 1488 ad
1041 1443 1121 1489 suae
1129 1438 1263 1488 naturae
1274 1422 1532 1507 magnitudinem

360 1535 533 1618 pervenit,
558 1549 595 1600 ut
609 1536 698 1620 justa
718 1549 824 1617 aetas,
845 1535 972 1618 justum
994 1534 1184 1619 navigium,
1201 1536 1328 1618 justum
1345 1552 1431 1616 opus
1451 1533 1534 1598 dici-

362 1662 435 1727 tur,
463 1666 523 1712 nec
555 1646 610 1711 cui
637 1645 747 1712 addita
777 1659 826 1711 est
855 1645 982 1729 species
1010 1645 1152 1711 exterior
1189 1645 1344 1712 solemnis
1372 1644 1533 1726 quodam-

361 1758 481 1837 ruodo,
513 1758 600 1823 unde
616 1757 705 1840 justa
723 1755 984 1838 materfamilias,
1008 1758 1069 1823 etsi
1083 1776 1157 1840 pars
1179 1756 1258 1822 haec
1279 1771 1328 1821 est
1346 1755 1533 1839 propositae

360 1867 631 1934 considerationis
660 1869 822 1951 (utroque
844 1866 929 1933 enim
950 1867 1136 1952 significatu
1152 1867 1278 1952 justum
1299 1868 1420 1932 bellum
1443 1867 1533 1950 apud

362 1992 512 2046 auctores
532 1977 696 2062 legitur),
715 1977 772 2044 sed
789 1978 851 2043 hoc
875 1979 1026 2060 demum,
1045 1979 1102 2044 cui
1122 1979 1207 2044 nihil
1221 1998 1334 2044 eorum
1345 1980 1437 2046 deest
1447 1997 1533 2059 quae

360 2089 433 2176 jure
453 2089 565 2172 aliquo
585 2088 699 2155 divino
722 2103 780 2155 aut
799 2089 942 2155 humano
959 2089 1182 2171 requiruntur.
1228 2090 1442 2156 Varieautem
1454 2090 1534 2154 hacc

363 2221 424 2267 nec
455 2200 533 2267 satis
562 2199 675 2266 ordine
698 2221 716 2265 a
738 2199 901 2285 magistris
930 2215 1063 2266 tractata
1082 2215 1171 2268 sunt.
1215 2202 1347 2284 Septem
1366 2199 1533 2282 quidam¹

364 2313 522 2378 bellorum
555 2311 686 2377 nomina
721 2311 828 2378 verius
850 2332 948 2395 quam
968 2331 1086 2396 genera
1102 2327 1303 2395 posuerunt:
1329 2331 1437 2393 neque
1457 2295 1535 2376 vcra

362 2423 495 2505 omnia,
517 2442 576 2489 nec
597 2421 666 2506 ipsa
687 2424 766 2490 satis
789 2424 875 2489 inter
894 2443 929 2490 se
947 2423 1111 2490 distincta.
1155 2423 1318 2489 Nonnulli
1337 2424 1401 2488 hoc
1419 2413 1541 2488 volue·'

363 2549 441 2601 runt
468 2549 506 2598 ut
533 2554 552 2598 a
569 2533 681 2619 judice
701 2550 787 2601 esset
808 2549 841 2600 et
861 2555 902 2600 ex
918 2537 1004 2621 jure.
1051 2535 1118 2620 dlii
1141 2534 1195 2618 hic
1216 2534 1401 2600 desiderant
1419 2551 1532 2599 aucto·

363 2645 508 2724 ritatem,
538 2665 666 2712 causam
696 2645 763 2730 (sic
793 2660 913 2712 vocant
940 2645 1024 2713 illud
1057 2647 1143 2711 unde
1170 2646 1292 2711 bellum
1312 2642 1475 2729 nascitur)
1497 2658 1531 2707 et

364 2757 597 2838 intentionem,
626 2777 685 2823 seu
718 2756 830 2840 potius
859 2755 917 2837 id,
948 2755 1041 2839 quod
1066 2755 1188 2838 cuique
1219 2755 1425 2839 propositum
1458 2768 1530 2834 est,

363 2867 513 2934 nonnulli
533 2887 684 2950 causam,
706 2869 857 2946 modurn,
879 2867 1105 2933 necessitatem
1129 2869 1151 2932 ⁵.
1196 2867 1375 2932 Auxerunt
1395 2865 1450 2931 alii
1471 2885 1534 2931 nu·

363 2999 509 3062 merum,
539 2978 597 3060 qui
625 2979 841 3045 necessarium
863 2999 933 3046 esse
954 2980 1076 3044 bellum
1097 2977 1255 3061 cupiunt,
1279 2992 1318 3043 ut
1338 2977 1409 3043 sine
1427 2977 1534 3060 reipu-

364 3089 466 3156 blicae
486 3089 633 3173 periculo
651 3088 759 3154 omitti
778 3107 844 3154 non
860 3089 986 3172 possit,
1008 3104 1040 3154 et
1060 3090 1187 3174 jussum
1207 3109 1225 3154 a
1241 3088 1431 3173 magistratu
1444 3106 1533 3153 sum-

363 3220 439 3281 mo,
474 3215 507 3265 et
541 3200 631 3282 justa
669 3218 786 3282 causa,
823 3199 1049 3283 indictumque
1080 3201 1169 3265 hosti
1199 3215 1232 3266 et
1261 3199 1488 3265 denuntiatum
1508 3195 1534 3265 ⁸.

232 3353 302 3402 Nova
315 3353 352 3399 a·
366 3300 585 3375 Coirsiderant
607 3310 661 3375 alii
690 3331 729 3376 ex
752 3331 807 3392 re,
838 3331 878 3376 ex
902 3331 1017 3392 causa,
1039 3331 1079 3376 err
1100 3311 1229 3394 animo,
1257 3331 1297 3376 ex
1318 3309 1532 3394 auctoritate,

233 3407 340 3456 ΨΜ·
364 3441 403 3486 ex
423 3439 570 3503 persona.
617 3421 682 3487 Sed
704 3421 738 3486 in
760 3443 891 3505 quaque
913 3422 1090 3506 partitione
1115 3422 1198 3505 quid
1210 3421 1341 3489 deficiat
1360 3437 1416 3488 aut
1431 3423 1535 3487 abun-

363 3531 439 3613 det,
469 3532 514 3598 ita
546 3535 732 3616 apparebit,
762 3535 789 3602 si
822 3537 942 3600 bellum
974 3535 1015 3600 ad
1045 3554 1171 3600 summa
1200 3550 1343 3617 quatuor
1363 3553 1533 3602 causarum

363 3662 480 3727 genera
498 3649 509 3691 ⁷
526 3664 730 3713 revocemus.
777 3647 893 3714 Solent
920 3646 1004 3712 enim
1037 3646 1181 3712 actiones
1208 3665 1275 3712 non
1305 3645 1415 3714 minus
1435 3666 1534 3728 quam

363 3837 559 3848 Μ*-

399 3951 472 4002 ¹Ex.
490 3955 625 4004 demonstr.
652 3954 722 4002 univ.
745 3969 770 4014 q.
789 3968 813 4004 a.
847 3953 857 3986 ²
880 3954 1009 4004 Convenit
1026 3968 1084 4004 cunr
1102 3955 1233 4003 Thomu.
1252 3955 1536 4015 2.q.66.ert.8.ad

368 4059 389 4092 r.
406 4043 529 4094 ³V.Bud.
544 4047 560 4094 l.
571 4057 595 4102 ³·
605 4045 687 4105 npro
697 4045 779 4094 socio.
790 4047 834 4106 [1).
849 4058 887 4103 ¹7·
905 4047 943 4108 a]
962 4048 1103 4106 ctnyalem
1113 4044 1209 4102 dejure
1219 4045 1280 4094 belli
1291 4048 1307 4093 l.
1327 4059 1380 4094 r.c.
1399 4059 1439 4106 ³4·
1456 4043 1467 4080 ⁴
1485 4047 1534 4093 Ge-

364 4135 424 4182 min.
450 4135 476 4182 in
500 4149 523 4184 c.
550 4150 570 4184 r.
594 4138 626 4184 tle
648 4135 742 4184 homic.
769 4133 909 4199 [Decretal.
927 4137 953 4184 iu
971 4137 995 4185 6.
1012 4149 1035 4192 5.
1052 4135 1091 4199 ψ]
1118 4148 1144 4184 et
1170 4149 1201 4184 ex
1227 4136 1275 4184 illo
1293 4136 1337 4184 alii
1351 4136 1395 4196 qul
1416 4135 1535 4184 debello

365 4226 528 4286 scripserunt.
561 4225 580 4273 ⁵.
598 4227 689 4273 'l'lrom
708 4240 730 4274 2.
749 4239 772 4274 a.
790 4241 815 4285 q.
833 4240 875 4286 40.
893 4229 960 4274 Bere.
978 4230 1010 4274 de
1027 4241 1135 4286 rcprcss.
1153 4229 1233 4275 Castr.
1250 4229 1282 4275 ad
1300 4230 1316 4275 Ι.
1334 4241 1366 4275 ex
1382 4229 1441 4275 lroc.
1462 4227 1488 4274 tf.
1503 4228 1536 4274 de

364 4315 423 4372 just.
442 4329 467 4364 ct
484 4315 548 4374 jure.
568 4317 611 4378 [D.
632 4330 653 4364 1.
673 4329 694 4364 r.
713 4316 747 4379 5.]
785 4319 915 4364 Pautlrcol.
933 4318 1008 4366 nain.
1026 4318 1120 4368 Pisani.
1138 4333 1162 4368 c.
1184 4333 1204 4367 r.
1222 4320 1301 4367 Willr.
1319 4321 1399 4367 Mam.
1417 4317 1537 4366 debello

364 4405 432 4463 justo
450 4421 475 4455 et
493 4407 581 4469 licito,
607 4408 633 4456 in
652 4407 733 4467 princ.
766 4407 851 4470 “Jolr
869 4410 955 4468 Lupus
973 4410 1004 4457 de
1023 4410 1106 4469 bello,
1129 4423 1160 4456 ex
1183 4409 1312 4457 llostiensi
1337 4411 1368 4457 dc
1384 4421 1478 4469 treuga.
1498 4410 1537 4470 [p.

367 4497 435 4560 aas]
471 4497 481 4535 ⁷
499 4499 577 4549 Arist.
596 4501 709 4560 Metaph.
727 4501 744 4548 l.
762 4513 785 4558 4.
805 4513 827 4548 c.
846 4515 869 4548 2.
889 4501 926 4562 [p.
948 4499 1537 4562 1013.2.VS.16-]v.Silv.i11vcrboLex.§.s.
