3450 5434
350 589 411 666 298
651 601 698 649 nr
719 603 813 669 June
839 604 1022 650 nunaunt.
1048 605 1128 650 cnr.
1153 605 1234 650 xrrr.

349 757 476 841 Ecquis
498 758 599 842 igitur
622 773 696 839 est,
720 758 777 841 qui
800 759 933 843 negabit
957 758 1087 824 illorum
1113 755 1253 844 injurias
1272 760 1313 826 ad
1336 760 1522 827 Hollandos

216 870 537 984 marempertinere‘i
560 871 623 938 nisi
646 869 731 936 forte
754 871 949 936 arbitramur
971 871 1055 936 nihil
1079 890 1150 936 esse
1162 892 1237 937 cum
1249 871 1316 939 illis
1328 892 1520 951 commune,

349 982 407 1064 qui
431 1003 448 1046 a
473 981 661 1048 Christiana
682 982 840 1066 religione
863 982 960 1049 alieni
983 998 1073 1048 sunt.
1121 985 1223 1071 Quod
1243 987 1283 1050 ab
1303 984 1488 1068 Augustini
1510 987 1520 1022 ¹

348 1093 469 1176 pietate
490 1093 679 1178 longissime
702 1095 845 1175 recedit,
880 1095 938 1175 qui
962 1095 1097 1161 Domini
1121 1111 1330 1178 praeceptum
1355 1116 1522 1179 exponens

349 1225 416 1287 quo
439 1206 624 1289 proximum
648 1206 784 1291 diligere
804 1207 981 1290 jubemur,
1006 1205 1214 1272 manifestum
1239 1227 1309 1273 esse
1332 1207 1378 1272 ait
1398 1229 1520 1273 omnem

348 1321 507 1383 hominem
534 1322 729 1404 proximum
753 1317 836 1383 dici:
870 1336 976 1402 neque
998 1338 1078 1383 vero
1103 1320 1145 1384 ob
1169 1319 1359 1403 religionem
1384 1317 1522 1385 distrahi

348 1430 561 1496 humanitatis
599 1429 728 1509 officia,
758 1430 855 1495 docet
892 1429 1019 1495 illustre
1055 1431 1088 1494 in
1124 1431 1294 1514 evangelio
1325 1429 1521 1496 Samaritani

349 1543 531 1624 exemplum
542 1544 564 1606 ³.
587 1541 686 1606 Unde
708 1561 783 1606 cum
807 1540 956 1606 infideles
980 1541 1066 1607 tueri
1090 1541 1246 1608 adversus
1268 1542 1404 1626 injurias
1424 1541 1520 1607 etiam

350 1653 612 1719 Christianorum
636 1671 813 1734 numquam
846 1673 913 1718 non
944 1653 1068 1736 iustum
1105 1671 1217 1718 omnes
1240 1651 1425 1733 fateantur,
1450 1667 1520 1719 tum

347 1764 432 1830 illud
453 1778 616 1848 praeterea
640 1779 846 1845 asseverant,
872 1763 930 1846 qui
953 1764 1017 1830 hoc
1041 1779 1267 1848 argumentum
1291 1771 1521 1846 tractarunt⁸‚

348 1877 462 1943 multis
493 1875 622 1941 casibus
655 1876 785 1941 evenire
814 1895 932 1959 posse,
961 1892 999 1942 ut
1019 1876 1104 1961 juris
1128 1877 1224 1941 etiam
1247 1876 1300 1940 sui
1324 1874 1522 1941 defendendi

350 1988 452 2071 gratia
486 2008 560 2053 curn
600 1988 787 2053 infidelibus
820 1987 959 2054 societas
994 2002 1026 2052 et
1060 1986 1190 2053 foedera
1222 1988 1311 2072 juste
1345 1988 1521 2068 ineantur,

350 2099 448 2164 sicuti
481 2100 692 2178 Abrahamo,
725 2100 859 2178 Isaac0,
893 2099 1038 2179 Davidi,
1063 2098 1233 2164 Solomoni
1258 2113 1291 2163 et
1314 2098 1524 2163 Maccabaeis

205 2234 244 2279 aa
267 2234 336 2299 ...aa
350 2209 473 2276 factum
497 2209 681 2292 accepimus
699 2213 723 2275 ⁴.
773 2211 822 2274 At
843 2211 930 2295 regis
953 2224 1040 2275 certe
1058 2210 1206 2294 Jorensis
1227 2229 1323 2275 causa
1341 2208 1523 2294 justissima

192 2287 338 2386 &iliad
351 2321 430 2386 fuit.
477 2320 569 2407 Quid
600 2320 685 2386 enim
717 2321 866 2404 iniquius
895 2342 992 2403 quarn
1015 2323 1177 2404 populum
1209 2335 1420 2387 mercatorem
1453 2321 1524 2405 regi

190 2394 339 2494 iiiici'in‘
350 2432 454 2498 libero
485 2431 651 2513 indicere,
684 2451 725 2498 ne
752 2452 826 2497 cum
850 2436 952 2498 altero
975 2432 1189 2518 negotietur?
1214 2447 1273 2498 aut
1295 2431 1377 2513 quid
1400 2446 1471 2514 est,
1495 2431 1523 2498 si

350 2563 417 2610 non
441 2546 505 2610 hoc
528 2559 599 2625 est,
631 2559 664 2608 et
690 2545 745 2628 ius
778 2545 924 2628 gentium
949 2559 982 2610 et
1004 2544 1190 2610 distinctam
1214 2543 1403 2626 Principum
1422 2542 1524 2627 juris-

351 2656 527 2722 dictionem
560 2655 719 2721 turbare‘?
765 2655 876 2742 Quare
908 2676 983 2721 cum
1015 2655 1095 2720 haec
1126 2656 1174 2721 illi
1197 2654 1317 2740 injuria
1340 2654 1524 2737 publicitus

351 2767 466 2850 fieret,
491 2769 579 2832 ultro
602 2766 698 2832 etiam
721 2767 843 2832 bellurn
867 2767 1138 2847 denuntiaretur,
1163 2766 1196 2831 ni
1219 2781 1370 2849 pareret,
1394 2779 1427 2830 et
1445 2785 1525 2831 con·

205 2903 246 2948 rx
266 2904 338 2968 11111.
350 2880 445 2945 tinuo
477 2877 672 2958 inferretur,
716 2877 831 2943 merito
864 2878 920 2944 ille
951 2877 1130 2944 Lusitanos
1162 2897 1275 2943 onmes
1307 2892 1340 2943 et
1373 2877 1525 2962 singulos

204 2956 247 3056 ff·
267 2967 337 3003 ‘'m‘'
351 2989 496 3057 hostium
520 2989 636 3055 habuit
658 2991 756 3070 loco,
780 3009 854 3055 cum
878 2991 990 3058 hostes
1015 3009 1084 3056 esse
1105 3008 1201 3055 nemo
1224 2989 1299 3056 illos
1320 3003 1442 3074 neget,
1465 2987 1525 3070 qui

207 3125 243 3170 a:
267 3125 338 3191 11111.
352 3103 472 3167 bellum
496 3101 593 3167 nobis
616 3100 830 3166 decreverunt
848 3107 871 3167 ⁵.
905 3101 982 3186 Qua
1004 3100 1129 3166 ratione
1152 3119 1209 3165 rex
1228 3100 1375 3185 Jorensis
1398 3100 1523 3165 bellum

191 3179 246 3278 ff
266 3190 338 3225 Μ’
352 3232 436 3296 opus
466 3232 533 3278 non
564 3212 680 3279 habuit
712 3212 876 3293 indicere,
909 3212 1097 3294 praesertim
1121 3233 1196 3278 cum
1219 3211 1346 3294 priores
1369 3209 1525 3276 Lusitani

352 3322 479 3388 infestis
509 3324 650 3408 navigiis
682 3339 798 3406 portus
831 3325 902 3408 ejus
936 3324 1126 3391 obsiderent
1149 3338 1180 3388 et
1203 3343 1220 3387 e
1242 3323 1354 3389 littore
1387 3321 1525 3405 praedas

205 3454 242 3500 11.
267 3455 338 3500 11111.
350 3449 495 3519 agerent.
542 3435 606 3499 His
634 3453 712 3518 ergo
743 3433 944 3500 facinoribus
979 3435 1115 3520 obligati
1138 3434 1312 3514 Lusitani,
1337 3451 1375 3500 ut
1408 3434 1524 3500 damna

192 3507 247 3554 VII.
266 3508 337 3553 artic.

192 3561 245 3661 5511·
260 3571 340 3677 iacg-
353 3560 550 3627 sumtusque
572 3545 784 3612 restituerent
807 3562 838 3612 et
860 3547 995 3629 insuper
1017 3565 1139 3630 poenas
1163 3547 1275 3612 darent
1298 3560 1362 3611 tam
1387 3545 1525 3629 insignis

192 3670 261 3716 VH!-
352 3657 513 3741 injuriae,
538 3657 619 3740 quin
650 3657 736 3742 regis
756 3658 853 3743 Jorae
873 3657 1032 3741 auspiciis
1049 3657 1184 3741 spoliari
1204 3657 1372 3740 potuerint
1390 3657 1524 3722 minime

206 3807 242 3851 Ε,
268 3808 338 3853 ,mg
352 3769 472 3854 ambigi
505 3770 669 3836 convenit.
724 3769 820 3836 Sicut
850 3784 958 3835 autem
991 3769 1077 3853 regis
1108 3769 1213 3852 ipsius
1246 3768 1406 3852 optimum
1439 3767 1524 3832 illud

192 3860 338 3961 ΨΜ·
351 3881 539 3950 institutum
573 3900 634 3965 pro
666 3882 739 3965 jure
775 3900 836 3946 suo
877 3881 1110 3962 consequendo
1147 3879 1348 3962 tuendisque
1382 3877 1522 3946 subditis

293 4143 297 4149 ,
386 4092 451 4141 ¹De
474 4094 555 4141 doctr.
575 4093 679 4140 Christi.
713 4088 802 4140 ²Luc.
827 4105 867 4140 10.
882 4107 919 4141 vs.
944 4107 983 4155 29.
1000 4105 1025 4140 et
1051 4105 1121 4153 seqq.
1156 4089 1271 4140 ³franc.
1287 4089 1377 4152 Arias,
1395 4091 1427 4138 de
1445 4089 1521 4138 bello.

351 4199 377 4234 n.
397 4198 453 4247 192.
470 4186 529 4232 Pan.
551 4184 577 4233 in
594 4197 617 4232 c.
632 4185 703 4243 quod
720 4197 804 4245 super.
822 4186 853 4233 de
876 4196 948 4232 voto.
972 4183 1062 4247 [Dect.
1082 4195 1105 4240 3.
1124 4185 1165 4244 84.
1183 4183 1219 4244 8.]
1239 4195 1263 4230 n.
1285 4194 1322 4238 15.
1340 4181 1409 4230 Vict.
1424 4181 1481 4229 Rel.
1500 4193 1520 4228 1.

350 4290 378 4337 p.
407 4289 430 4324 a.
456 4289 481 4323 n.
512 4286 550 4330 15.
574 4285 600 4322 et
629 4287 657 4332 17
700 4273 821 4326 ⁴Genes.
845 4289 885 4324 ar.
911 4275 937 4322 in
964 4273 1014 4324 line
1042 4286 1067 4322 et
1086 4275 1116 4323 ad
1135 4274 1161 4322 in
1179 4271 1238 4321 fine.
1260 4286 1270 4321 1
1294 4275 1357 4320 sam.
1373 4285 1413 4329 27.
1429 4283 1522 4330 etseq.

351 4366 396 4416 ubi
414 4367 475 4415 vide
494 4365 630 4414 Nicolaum
652 4366 778 4414 Liranum.
799 4380 820 4416 1.
837 4367 944 4426 Regum.
967 4377 990 4422 3.
1013 4377 1037 4412 et
1060 4377 1083 4420 5.
1104 4364 1167 4414 Silv.
1190 4363 1215 4412 in
1241 4363 1314 4412 verb.
1330 4363 1439 4411 Bellum.
1456 4375 1480 4409 n.
1497 4374 1520 4423 9.

352 4458 437 4505 concl.
454 4470 477 4514 5.
512 4455 523 4487 ⁶
541 4458 558 4504 1.
575 4458 670 4504 hostes.
688 4455 714 4504 ff.
730 4458 762 4505 de
779 4458 810 4504 V.
825 4460 848 4505 s.
867 4456 912 4518 [D.
929 4469 968 4513 50.
990 4455 1027 4504 16.
1045 4452 1112 4518 118.]
