3450 5434
358 651 400 712 70
645 652 692 698 DE
716 652 809 718 June
833 652 1019 701 PRAEDAE.
1041 654 1121 701 CAP.
1144 654 1212 703 vll.

355 801 459 870 sionis
489 806 591 890 gratia
620 820 817 891 comparata.
864 807 918 874 Ex
937 806 1034 875 tertio
1058 823 1090 874 et
1113 824 1231 893 quarto
1251 810 1396 878 actiones
1418 828 1535 896 perso·

356 917 465 995 males,
488 916 713 984 condictiones
731 918 859 985 scilicet
872 940 911 984 ex
934 932 1103 985 contractu
1126 934 1217 986 etex
1240 921 1413 989 maleficio.
1458 924 1532 991 Sic·

357 1040 394 1091 ut
416 1040 523 1094 autem
551 1028 586 1094 in
606 1029 664 1095 lite
684 1027 732 1095 sic
764 1044 798 1095 et
820 1030 853 1095 in
876 1031 963 1097 bello
985 1050 1069 1113 quae
1090 1050 1227 1110 causae,
1249 1030 1277 1097 si
1290 1051 1383 1099 verae
1404 1048 1532 1113 essent,

352 1140 479 1223 justum
502 1137 646 1206 facerent
665 1157 774 1207 actum
796 1141 971 1225 petitoris,
994 1141 1124 1208 eaedem
1145 1142 1174 1209 si
1195 1142 1231 1209 id
1247 1142 1532 1227 jusnonhabent,

355 1251 447 1331 quod
466 1271 544 1335 prae
563 1271 598 1317 se
618 1250 747 1334 ferunt,
766 1251 929 1337 justitiam
949 1251 1148 1321 transferunt
1168 1252 1209 1319 ad
1230 1273 1320 1320 reum
1344 1274 1404 1321 seu
1419 1252 1535 1320 defen-

353 1380 471 1429 sorem.
515 1362 566 1428 Ut
587 1363 615 1427 si
634 1382 685 1428 res
704 1377 817 1429 nostra
836 1384 854 1429 a
872 1364 968 1430 nobis
988 1378 1139 1448 petatur,
1159 1364 1273 1435 autad
1294 1364 1329 1431 id
1342 1382 1533 1451 urgeamur,

354 1473 396 1538 ad
418 1472 510 1555 quod
531 1471 667 1561 obligati
700 1492 768 1539 non
786 1493 924 1555 sumus,
947 1475 1005 1541 a'ut
1028 1473 1173 1543 insontes
1196 1473 1238 1539 ad
1259 1494 1397 1557 poenam
1417 1494 1535 1558 posca·

354 1604 450 1666 mur,
471 1582 526 1649 hic
546 1605 622 1650 cum
641 1584 729 1670 justa
749 1604 816 1653 non
838 1586 883 1653 sit
895 1584 1054 1667 offensio,
1078 1584 1301 1652 defensionem
1315 1606 1354 1651 ex
1375 1587 1447 1671 lege
1466 1584 1534 1669 pri·

355 1714 408 1760 ma
427 1696 548 1781 justam
570 1716 639 1763 esse
661 1714 794 1763 necesse
815 1712 864 1764 est
886 1702 906 1763 ¹.
949 1696 1010 1781 Jus
1031 1710 1139 1763 autem
1162 1696 1292 1779 ethic,
1324 1696 1411 1763 sicut
1437 1697 1472 1763 in
1498 1716 1533 1762 re

354 1803 498 1884 forensi,
521 1825 588 1872 non
610 1825 706 1873 omne
731 1820 806 1872 ante
835 1808 1079 1873 exsecutionem
1110 1806 1266 1873 nascitur.
1308 1805 1371 1874 Est
1394 1808 1534 1873 enimet

352 1917 419 1983 boc
442 1916 549 2000 ipsum
569 1917 644 2001 jus,
665 1916 701 1983 id
721 1917 813 1999 quod
830 1918 885 2002 jus
906 1937 1002 1984 suum
1027 1932 1077 1985 est
1099 1918 1250 2000 exsequi:
1274 1917 1366 2000 quod
1386 1917 1420 1984 in
1440 1938 1534 2002 prae-

356 2026 415 2092 dae
436 2027 652 2109 explicatione
675 2027 845 2113 attigimus
867 2032 890 2095 ¹.
935 2029 988 2096 Ex
1010 2028 1062 2094 his
1086 2044 1194 2095 autem
1218 2042 1370 2113 apparet,
1391 2047 1452 2097 nec
1474 2030 1534 2096 do-

257 2190 262 2201 .
355 2137 542 2205 minationis
561 2157 621 2205 nec
641 2139 799 2207 libertatis
821 2160 888 2207 non
911 2140 1039 2207 debitae
1069 2160 1168 2207 causa
1196 2141 1285 2225 justa
1316 2160 1405 2205 arma
1425 2139 1533 2207 sumit

355 2268 439 2331 quae
461 2263 566 2315 tamen
595 2249 705 2315 eadem
735 2265 828 2335 parta
848 2268 922 2317 ante
954 2265 992 2317 ut
1010 2265 1100 2317 recte
1120 2250 1343 2330 retineantur,
1383 2270 1425 2315 ne
1444 2252 1533 2317 bella

356 2360 489 2443 quidem
520 2359 725 2427 formidanda
753 2376 842 2429 sunt.
899 2362 1107 2450 Quamquam
1140 2361 1225 2429 illud
1255 2382 1322 2427 non
1353 2376 1419 2428 tam
1449 2363 1534 2448 jutis

356 2491 453 2554 quam
485 2471 615 2537 consilii
647 2486 713 2538 est:
740 2472 918 2539 videndum
942 2492 984 2537 ne
1006 2474 1049 2539 ob
1081 2472 1216 2557 injurias
1243 2472 1384 2539 levIores
1411 2488 1533 2540 temere

354 2600 416 2649 nos
435 2591 716 2665 commoveamus,
746 2602 820 2650 cum
851 2604 903 2650 eas
935 2586 1072 2650 tolerare
1098 2582 1206 2649 minus
1227 2604 1322 2668 saepe
1341 2584 1387 2651 sit
1407 2585 1534 2653 incom-

356 2692 510 2774 modum,
532 2714 629 2777 quam
650 2694 713 2760 ista
731 2694 824 2779 pati,
846 2696 917 2762 sine
940 2694 1062 2779 quibus
1085 2696 1206 2762 bellum
1231 2714 1300 2761 esse
1323 2715 1390 2762 non
1413 2712 1534 2780 potest.

355 2802 500 2871 Vitanda
532 2805 734 2891 Charybdis,
767 2808 844 2874 dum
878 2828 919 2875 ne
943 2806 976 2873 in
999 2807 1141 2892 Scyllam
1165 2806 1362 2874 incidamus.
1409 2807 1477 2874 Cui
1501 2823 1534 2873 et

354 2914 419 2981 hoc
451 2916 484 2982 in
507 2915 579 2983 foro
602 2918 709 2985 simile
729 2934 804 3001 est,
830 2918 922 3001 quod
940 2918 1067 3003 litigare
1090 2936 1156 2983 non
1181 2918 1312 3000 quoties
1333 2919 1461 3003 justum
1485 2935 1535 2987 est

355 3024 451 3091 etiam
473 3028 615 3110 expedit.
661 3028 753 3095 Haec
775 3042 884 3094 autem
908 3048 992 3111 quae
1015 3027 1055 3094 de
1072 3029 1146 3113 jure
1166 3027 1311 3095 diximus
1333 3048 1401 3096 non
1425 3030 1533 3097 minus

355 3136 397 3201 ad
417 3135 525 3202 socios
548 3157 647 3218 quarn
669 3137 711 3203 ad
730 3139 926 3223 principales
948 3139 1026 3205 belli
1049 3153 1200 3205 auctores
1219 3140 1384 3223 pertinent
1405 3141 1436 3205 ³:
1457 3160 1532 3208 nam

356 3259 390 3311 et
407 3245 456 3311 illl
476 3246 678 3314 considerare
701 3249 845 3333 debent,
866 3269 907 3316 ne
928 3250 982 3318 cui
1002 3270 1037 3317 se
1059 3250 1144 3317 bello
1167 3268 1234 3317 non
1252 3252 1347 3337 justo
1371 3251 1533 3318 immisce·

356 3369 421 3422 ant.
466 3356 537 3423 Nec
557 3358 643 3424 enim
666 3374 850 3447 coguntur,
872 3381 946 3427 cum
977 3362 1073 3428 etiam
1094 3364 1168 3448 jure
1189 3362 1256 3429 sint
1279 3362 1362 3429 irriti
1385 3378 1534 3430 contrac-

356 3482 411 3533 tus
431 3469 472 3533 ad
493 3470 640 3554 cujusvis
661 3471 739 3537 belli
760 3472 949 3539 societatem
971 3474 994 3539 ⁴.
1038 3474 1138 3541 Unde
1159 3474 1366 3541 Abrahamus
1389 3478 1402 3516 ⁸
1424 3474 1533 3542 socios

355 3580 396 3645 de
412 3580 539 3664 justitia
562 3602 677 3649 causae
700 3584 838 3651 instruit
859 3599 893 3651 et
902 3584 1050 3652 Achilles
1062 3586 1198 3655 Graecis
1217 3584 1432 3653 auxiliaturus
1445 3586 1534 3669 apud

355 3705 483 3775 poetam
504 3692 661 3760 Latinum
682 3700 695 3736 ⁶
715 3714 828 3761 causas
851 3696 943 3780 prius
966 3697 1045 3762 belli
1064 3698 1233 3780 requirens
1254 3696 1443 3764 inducitur:

636 3826 721 3890 quae
743 3806 877 3872 Danais
901 3810 993 3872 tanti
1009 3808 1203 3894 primordia
1226 3807 1304 3873 belli
1316 3855 1328 3890 ,

494 3913 590 3980 Ede:
628 3915 707 3981 libet
719 3918 836 4002 justas
858 3920 935 3983 hinc
958 3938 1084 3984 sumere
1101 3923 1258 4005 protinus
1282 3922 1368 3983 iras.

195 4047 273 4147 2351.
282 4047 328 4148 [Vt
400 4024 510 4112 Quare
542 4027 593 4091 bis
618 4030 677 4114 qui
696 4042 820 4115 gerunt
847 4028 1059 4109 voluntarie,
1084 4028 1123 4095 id
1142 4029 1262 4095 bellum
1276 4030 1411 4115 justam
1434 4030 1532 4095 habet

390 4284 447 4332 ¹V.
472 4285 498 4333 in
523 4288 826 4335 dem.art.1.conc.a.
860 4284 956 4335 2Vict.
974 4302 999 4337 n.
1021 4301 1058 4337 rr.
1073 4300 1098 4337 et
1119 4302 1157 4337 ra.
1176 4300 1201 4336 et
1219 4287 1297 4337 Arist.
1315 4290 1347 4336 de
1364 4301 1418 4349 rep.
1434 4290 1451 4337 1.
1467 4302 1491 4347 7.
1509 4302 1533 4339 c.

355 4388 378 4423 a.
404 4373 443 4438 [p.
470 4388 541 4437 1324
568 4388 589 4424 1.
615 4390 653 4425 vs.
677 4390 717 4435 3⁵·
742 4376 810 4441 sqq.]
846 4376 967 4426 ⁸Sumnr.
986 4380 1049 4427 Ros.
1065 4378 1091 4426 in
1109 4392 1135 4427 v.
1153 4380 1250 4426 Bellum
1267 4392 1291 4426 n.
1314 4392 1352 4427 ro.
1387 4379 1448 4427 silv.
1464 4378 1490 4429 in
1507 4394 1533 4429 v.

354 4467 452 4515 Bellum
466 4480 491 4514 n.
507 4480 530 4529 9.
547 4468 633 4516 concl.
645 4482 670 4529 ψ
712 4466 724 4501 ⁴
740 4468 795 4516 lnn.
812 4468 838 4516 in
856 4482 880 4517 c.
898 4467 971 4518 sicut.
990 4470 1021 4517 de
1039 4467 1143 4526 jurejur.
1161 4468 1240 4517 Willr.
1255 4467 1532 4529 Manbdebelloiusto

355 4568 379 4603 et
398 4555 479 4603 licito.
498 4556 523 4605 in
542 4570 562 4606 r.
581 4570 634 4615 req.
669 4558 679 4591 ⁶
698 4561 761 4608 Gen.
781 4572 817 4619 14
831 4574 869 4609 vs.
892 4573 928 4621 14.
963 4560 1051 4609 ⁶stat.
1064 4560 1157 4610 mabill.
1176 4562 1192 4607 l.
1209 4574 1231 4608 2.
1253 4556 1305 4621 [vs.
1325 4570 1381 4618 333.
1397 4558 1447 4623 sq.]
1469 4581 1474 4589 ·
