3450 5434
385 654 448 717 230
680 654 728 701 Du
750 654 844 718 June
869 653 1051 699 PRAEDAE.
1076 653 1156 698 CAP.
1180 652 1244 697 ΧΠ.

383 826 422 871 eo
453 806 628 887 Lusitani,
668 806 790 872 iturum
817 806 928 873 'scrisse
972 805 1146 898 neminem.
1207 806 1441 871 Adventabant
1474 804 1558 869 enirn

384 930 550 1000 tempora,
583 917 705 1000 quibus
738 931 775 982 ut
806 931 890 982 artes
923 935 1026 1000 paene
1060 934 1197 996 omnes,
1220 915 1266 981 ita
1289 930 1323 981 et
1346 930 1505 982 terrarum
1529 932 1561 981 et

383 1029 521 1095 marium
543 1030 627 1095 situs
649 1028 769 1094 clarius
792 1028 825 1093 in
849 1027 919 1093 dies
943 1029 1172 1094 noscebantur.
1218 1028 1430 1093 Excitassent
1450 1042 1562 1093 vetera

384 1159 468 1222 quae
490 1140 590 1207 ruodo
612 1139 785 1205 retulimus
808 1141 957 1223 exempla
981 1152 1036 1219 et,
1068 1138 1096 1204 si
1121 1158 1188 1205 non
1211 1158 1278 1205 uno
1303 1138 1427 1221 impetu
1452 1138 1562 1203 omnia

384 1250 589 1332 patuissent,
622 1265 655 1315 at
685 1250 840 1333 paulatim
873 1265 1023 1333 promota
1054 1249 1136 1316 velis
1170 1248 1319 1315 fuissent
1350 1250 1462 1314 littora
1495 1250 1562 1314 alio

382 1380 511 1445 semper
533 1361 623 1427 aliud
644 1377 856 1429 monstrante.
902 1362 1039 1427 Factum
1063 1361 1206 1443 denique
1229 1359 1351 1426 fuisset
1373 1342 1467 1442 quod
1489 1361 1560 1426 ficri

383 1472 532 1555 potuisse
565 1472 718 1539 Lusitani
754 1473 963 1553 docuerunt,
996 1492 1070 1537 cum
1102 1471 1200 1537 multi
1224 1486 1332 1538 essent
1353 1472 1470 1554 populi
1494 1490 1561 1537 non

383 1584 493 1648 minus
514 1583 687 1668 flagrantes
709 1599 908 1650 mercaturae
931 1598 964 1649 et
986 1602 1092 1649 rerum
1111 1597 1317 1648 externarum
1334 1581 1466 1648 studio:
1491 1582 1560 1647 Ve-

384 1694 493 1777 netis,
535 1673 729 1778 qui‘multa
759 1696 826 1779 jam
858 1694 969 1760 Indiae
1002 1694 1206 1774 didicerant,
1235 1709 1361 1759 caetera
1393 1693 1561 1776 inquirere

384 1821 548 1889 promtum
572 1805 660 1872 fuit:
684 1804 858 1873 Gallorum
883 1805 1070 1871 Brittonum
1094 1804 1260 1872 indefessa
1283 1803 1464 1887 sedulitas,
1489 1807 1561 1871 An·

384 1919 512 2001 glorum
535 1918 669 1984 audacia
691 1932 812 2001 coepto
833 1936 900 1983 non
923 1914 1095 1983 defuisset.
1142 1916 1210 1999 Ipsi
1231 1916 1344 1983 Batavi
1366 1918 1474 1983 multo
1493 1937 1562 1983 rua·

384 2028 434 2113 gis
465 2029 634 2112 desperata
665 2028 808 2114 aggressi
841 2042 930 2095 sunt.
975 2028 1079 2094 Nulla
1111 2027 1213 2112 igitur
1244 2028 1421 2111 aequitatis
1452 2028 1560 2108 ratio,

384 2157 426 2204 ne
448 2139 627 2221 probabilis
650 2140 785 2222 quidem
808 2141 875 2205 ulla
898 2138 1059 2205 sententia
1081 2159 1099 2204 a
1122 2138 1293 2205 Lusitanis
1312 2154 1388 2205 stat.
1413 2139 1559 2205 Omnes¹

385 2250 471 2314 enirn
505 2250 562 2332 qui
595 2271 682 2315 mare
715 2251 833 2316 volunt
856 2250 995 2334 imperio
1019 2250 1159 2335 alicujus
1182 2250 1304 2335 subjici
1327 2270 1449 2334 posse,
1473 2252 1560 2317 idei

385 2361 594 2442 attribuunt,
625 2362 685 2444 qui
712 2362 884 2445 proximos
907 2376 1024 2446 portus
1047 2378 1080 2427 et
1102 2359 1368 2445 circumjacentia
1392 2360 1505 2426 littora
1527 2364 1560 2427 io

385 2470 510 2537 ditione
542 2473 654 2540 habet.
700 2473 750 2538 At
781 2472 937 2539 Lusitani
961 2472 995 2539 iu
1018 2471 1077 2537 illo
1101 2472 1257 2539 universo
1281 2472 1430 2537 littorum
1455 2487 1560 2539 tractu

385 2583 498 2666 paucis
529 2585 674 2667 exceptis
707 2583 880 2667 praesidiis
911 2582 995 2648 nihil
1028 2585 1173 2664 habent,
1199 2584 1290 2665 quod
1313 2604 1409 2650 suum
1432 2584 1562 2666 possint

384 2694 501 2759 dicere.
546 2695 675 2761 Deinde
707 2715 786 2761 vero
816 2694 913 2760 etiam
936 2694 996 2777 qui
1019 2695 1100 2760 mari
1124 2696 1322 2779 imperaret,
1345 2695 1430 2762 nihil
1453 2710 1560 2761 tamen

384 2823 496 2889 posset
518 2826 558 2871 ex
580 2828 645 2874 usu
676 2806 822 2873 omnium
855 2805 1067 2887 deminuere,
1102 2806 1189 2873 sicut
1221 2809 1365 2889 populus
1389 2806 1562 2873 Romanus

385 2938 493 2983 arcere
524 2918 684 2983 neminem
715 2917 850 3000 potuit,
875 2917 1054 3000 quominus
1076 2917 1110 2983 in
1133 2918 1244 2983 littore
1268 2917 1395 2999 imperii
1419 2918 1562 2983 Romani

384 3045 503 3095 cuncta
533 3028 678 3108 faceret,
711 3048 796 3110 quae
825 3028 900 3111 jure
934 3027 1078 3113 gentium
1102 3028 1376 3111 permittebantur
1395 3027 1418 3094 ¹.
1466 3030 1562 3095 Etsi

384 3140 565 3223 quidquam
601 3159 713 3205 eorum
747 3140 922 3223 prohibere
957 3154 1090 3221 posset,
1125 3154 1206 3221 puta
1240 3118 1462 3223 piscaturam,
1498 3161 1564 3223 qua

375 3250 450 3333 ,dici
482 3250 724 3333 quodammodo
758 3263 869 3333 potest
900 3248 1005 3332 pisces
1038 3250 1225 3331 exhauriri,
1258 3266 1290 3316 at
1317 3252 1563 3335 navigationem

383 3380 450 3426 non
473 3376 608 3443 posset,
633 3381 689 3443 per
713 3380 810 3442 quam
833 3360 913 3425 mari
937 3360 1020 3425 nihil
1043 3360 1138 3443 perit.
1172 3361 1239 3426 Cui
1263 3361 1309 3427 rei
1332 3380 1564 3447 argumentum

385 3486 434 3537 est
456 3472 555 3556 longe
585 3470 825 3551 certissimum,
858 3472 950 3553 quod
973 3490 1012 3536 ex
1033 3471 1206 3537 doctorum
1230 3473 1391 3539 sententia
1415 3490 1491 3540 ante
1514 3496 1566 3541 re·

384 3581 521 3649 tulimus
539 3581 575 3663 ³,
600 3583 696 3649 etiarn
720 3582 753 3648 in
777 3596 885 3663 terra,
911 3602 995 3664 quae
1019 3602 1093 3649 cum
1117 3584 1252 3666 populis
1276 3599 1347 3649 tum
1369 3586 1567 3652 hominibus

384 3694 524 3779 singulis
546 3694 579 3759 in
603 3693 834 3777 proprietatem
857 3693 1014 3759 attributa
1038 3710 1107 3775 est,
1130 3694 1191 3759 iter
1209 3710 1316 3761 tamen
1335 3712 1421 3761 certe
1441 3698 1567 3763 inerme

385 3821 418 3872 et
440 3806 610 3871 innoxium
634 3804 759 3870 nullius
782 3806 890 3889 gentis
912 3804 1105 3871 horninibus
1125 3807 1214 3890 juste
1246 3806 1380 3891 negari,
1415 3808 1505 3874 sicut
1535 3826 1567 3874 et

384 4007 574 4017 ——-

419 4127 426 4158 ¹
451 4129 484 4187 gl.
506 4126 532 4174 in
556 4139 578 4173 c.
601 4125 644 4173 ubi
668 4126 819 4185 periculum.
837 4128 859 4183 5.
877 4138 966 4185 porro.
984 4138 1061 4186 super
1079 4125 1159 4175 verbo
1179 4124 1318 4173 territorio.
1337 4126 1369 4173 de
1388 4128 1466 4175 elect.
1485 4129 1514 4177 in
1533 4128 1570 4179 ⁶⁰.

385 4217 525 4280 [Decretal.
547 4216 574 4263 in
596 4216 632 4263 6⁰.
659 4230 679 4263 r.
703 4217 728 4264 6.
749 4229 771 4272 3.
789 4219 810 4273 9.
830 4217 868 4277 2.]
887 4228 912 4264 er
930 4216 967 4265 ibi
986 4215 1139 4265 canonistae.
1158 4216 1199 4263 Gl.
1216 4214 1242 4263 in
1261 4218 1278 4263 l.
1297 4216 1367 4265 licet.
1386 4216 1412 4264 ll'.
1430 4219 1464 4265 de
1484 4220 1569 4268 seriis.

386 4309 429 4370 [D.
455 4321 477 4355 a.
504 4320 542 4355 rr.
566 4310 634 4354 nulla
657 4309 698 4354 lex
722 4306 782 4354 licet
807 4306 832 4354 in
850 4309 900 4355 hoc
917 4308 957 4354 tit.
975 4306 1127 4367 invenitur].
1162 4302 1207 4352 il.
1226 4320 1301 4354 nemo
1320 4307 1398 4365 igitur
1416 4308 1444 4355 is.
1464 4311 1500 4357 de
1520 4324 1569 4359 rer.

384 4400 437 4447 div.
461 4396 507 4460 [D.
534 4411 555 4443 r.
580 4400 603 4445 8.
626 4397 665 4466 a]
691 4399 764 4445 Adde
786 4398 874 4445 Alber.
900 4400 973 4445 Gent.
999 4399 1030 4446 de
1054 4396 1110 4453 jure
1135 4398 1205 4444 belli.
1230 4398 1247 4444 l.
1270 4410 1289 4444 1.
1309 4411 1331 4445 c.
1353 4412 1391 4459 19.
1409 4400 1459 4447 sub
1479 4399 1569 4449 linem.

385 4488 462 4536 ⁸hoc
480 4487 573 4547 capite.
