3450 5434
509 637 557 682 nr
581 638 674 704 Junr.
700 638 884 684 Pannona.
909 637 989 684 cnr.
1013 637 1073 684 xv.
1314 638 1374 701 337

201 806 297 875 capta
318 792 363 857 ita
381 781 475 875 juste'
492 791 696 870 retinentur,
722 806 759 857 ut
782 792 816 857 in
833 791 1088 858 controversiam
1108 790 1193 856 trahi
1213 809 1279 856 non
1299 811 1376 874 pos·

200 903 275 969 sint.
329 902 500 968 Praeterea
529 901 598 966 suis
631 902 775 984 quisque
807 901 963 983 civibuS‚
986 899 1064 967 'non
1101 901 1285 984 extraneis,
1318 922 1376 986 per

200 1014 407 1096 repressalias
439 1012 601 1078 consulit:
634 1015 714 1078 haec
744 1028 852 1078 autem
882 1033 933 1078 res
959 1014 1001 1078 ad
1024 1012 1203 1078 Lusitanos
1222 1013 1374 1096 pertinet.

201 1125 303 1212 Quod
333 1123 360 1188 si
391 1123 534 1205 aliquem
567 1123 663 1190 nobis
700 1123 916 1205 proponimus
954 1123 1120 1188 addictum
1154 1123 1304 1207 Hispano
1344 1140 1377 1190 et

202 1236 260 1317 qui
282 1234 330 1300 illi
351 1234 459 1301 omnia
476 1234 606 1301 studeat
626 1233 801 1318 gratificari
814 1282 825 1315 ,
838 1253 898 1300 nae
922 1235 1009 1317 apud
1030 1234 1122 1299 illurn
1143 1234 1285 1318 judicem
1308 1254 1375 1300 non

202 1361 268 1410 tam
291 1347 428 1428 praedae
458 1346 649 1428 perceptio,
673 1365 770 1428 quarn
791 1359 899 1411 sumta
920 1345 953 1410 in
982 1345 1166 1428 Principem
1191 1366 1298 1427 arma,
1322 1346 1376 1410 In·

203 1459 277 1523 dica
298 1457 479 1541 negotiatio
502 1459 672 1538 multaque
695 1457 757 1522 alia
780 1456 878 1522 simul
909 1457 1028 1522 luenda
1059 1457 1235 1523 autsimul
1264 1456 1378 1522 defen-

205 1569 310 1634 denda
330 1583 418 1633 sunt.
463 1569 551 1633 Nam
580 1569 716 1650 praedae
740 1568 907 1652 perceptio
938 1568 970 1632 in
1002 1582 1128 1633 tantum
1161 1582 1270 1650 potest
1293 1567 1377 1634 obli-

205 1701 303 1765 gare,
336 1680 452 1761 quanti
484 1679 601 1762 praeda
632 1695 704 1760 est,
737 1699 803 1746 non
834 1682 938 1746 ultra:
974 1679 1085 1761 itaque
1108 1681 1188 1745 haec
1212 1679 1377 1745 restitutio

204 1794 330 1856 lucrum
364 1791 486 1873 eripit,
519 1792 671 1856 damnum
704 1811 770 1857 non
803 1791 934 1874 infligit.
1000 1791 1212 1856 Caeterorum
1246 1805 1377 1871 autem,

204 1923 288 1984 quae
318 1902 446 1968 crimini
478 1901 664 1982 ducentur,
697 1901 825 1968 infinita
854 1902 916 1967 erit
945 1901 1136 1968 aestimatio.
1182 1902 1318 1985 Insuper
1342 1921 1379 1966 ea

205 2028 254 2079 est
274 2013 538 2095 repressaliarum
568 2028 705 2094 natura,
739 2027 777 2078 ut
794 2013 919 2079 factum
941 2013 1024 2079 civis
1044 2013 1222 2097 cujuslibet
1242 2015 1377 2077 alterum

205 2124 356 2205 quemvis
381 2125 526 2209 ejusdem
550 2124 749 2206 reipublicae
772 2125 1034 2206 comprehendat.
1081 2123 1177 2189 Nilril
1199 2123 1300 2207 igitur
1315 2124 1378 2188 hoc

203 2236 335 2300 nomine
367 2238 443 2318 plus
478 2235 543 2301 illis
577 2235 635 2317 qui
667 2251 791 2318 partem
821 2256 861 2301 ex
893 2237 1010 2319 praeda
1031 2235 1257 2318 perceperint,
1281 2254 1378 2317 quam

205 2345 263 2427 qui
285 2365 352 2411 non
375 2347 599 2429 perceperint,
631 2349 842 2413 metuendum
876 2362 937 2413 est.
995 2348 1147 2412 Praedam
1181 2347 1282 2430 igitur
1312 2364 1378 2412 non

204 2456 401 2540 agnoscendi
435 2458 525 2522 nulla
550 2472 599 2521 est
627 2457 721 2522 ratio.
767 2459 816 2522 At
836 2457 864 2522 si
888 2457 964 2539 quis
987 2473 1140 2541 agnoscat
1164 2457 1296 2538 quidem
1320 2456 1378 2521 ali-

206 2583 390 2648 quatenus,
413 2568 472 2634 sed
494 2567 556 2632 alia
576 2567 726 2651 religioni
747 2582 805 2633 aut
825 2567 994 2633 timiditati
1014 2587 1091 2634 suae
1115 2566 1256 2633 remedia
1277 2587 1376 2649 quae·

205 2698 276 2744 rere
306 2679 411 2760 velit,
444 2678 473 2743 is
505 2678 648 2763 geminet
677 2699 828 2744 errorem.
874 2679 975 2766 Quod
1003 2677 1087 2744 enim
1111 2679 1298 2762 agnoscitur
1321 2692 1378 2743 aut

205 2789 428 2871 retinendum,
451 2804 508 2854 aut
530 2788 790 2856 transferendum
824 2805 884 2855 est.
941 2789 1089 2854 Retineri
1121 2803 1228 2856 autem
1251 2789 1377 2872 duplici

206 2900 314 2966 animo
332 2915 465 2982 potest,
490 2916 547 2966 aut
566 2916 605 2966 ut
622 2900 798 2981 hostibus,
822 2901 1007 2982 exquibus
1032 2915 1162 2982 captum
1187 2915 1259 2982 est,
1282 2899 1377 2965 resti·

205 3026 340 3092 tuatur,
371 3027 430 3077 aut
462 3028 501 3077 ut
531 3031 591 3077 sua
624 3012 747 3094 cuique
769 3031 867 3078 causa
896 3011 1075 3094 sepositum
1098 3011 1153 3076 sit.
1197 3010 1376 3076 Veteribus

206 3122 347 3188 dominis
367 3123 459 3188 reddi
481 3123 573 3205 quod
592 3138 722 3206 captum
744 3139 793 3191 est
817 3142 878 3189 nec
899 3137 1032 3206 potest,
1057 3142 1116 3188 nec
1138 3123 1244 3188 debet.
1289 3121 1375 3186 Nam

207 3233 264 3298 ubi
298 3233 347 3298 illi
379 3232 614 3299 invenientur?
650 3236 707 3300 An
728 3234 813 3300 forte
833 3249 1040 3318 expectamus
1062 3249 1100 3299 ut
1128 3254 1167 3299 ex
1187 3233 1303 3314 India,
1321 3247 1378 3298 aut

206 3344 411 3428 Ulyssipoue
441 3345 575 3411 veniant
597 3346 703 3412 hostis
724 3345 872 3426 subditi,
897 3346 1015 3427 quiex
1036 3347 1108 3430 jure
1129 3365 1227 3411 manu
1246 3363 1377 3412 conser-

207 3469 299 3537 tum,
334 3471 372 3520 ut
400 3455 544 3537 dicitur,
568 3476 618 3521 res
641 3457 815 3541 repetant?
840 3458 889 3523 At
912 3456 960 3523 illi
980 3457 1112 3540 quidem
1134 3477 1261 3524 omnem
1285 3477 1379 3522 recu-

207 3566 341 3648 perandi
371 3586 460 3650 spem
486 3569 654 3633 exanimo
677 3570 909 3652 projecerunt,
934 3583 973 3634 ut
996 3568 1054 3649 qui
1078 3590 1111 3635 se
1131 3571 1234 3651 palam
1256 3567 1379 3633 fatean-

206 3692 261 3742 tur
291 3677 325 3742 id
356 3698 492 3760 passoS,
528 3679 619 3761 quod
645 3681 701 3762 jus
732 3679 809 3744 belli
841 3679 937 3744 tulit:
970 3693 1082 3744 contra
1114 3695 1222 3745 autern
1245 3679 1377 3744 ridiculi

207 3803 308 3868 sunt,
340 3789 398 3870 qui
429 3790 469 3855 de
501 3810 539 3854 eo
570 3790 643 3873 jure
675 3791 869 3874 ambigunt,
893 3791 933 3855 de
957 3810 1024 3872 quo
1056 3809 1097 3855 ne
1118 3789 1223 3855 hostis
1246 3789 1378 3871 quidem

207 3901 462 3965 controversiam
494 3899 582 3966 sacit.
638 3901 725 3967 Satis
757 3900 841 3968 enim
872 3915 961 3984 patet
995 3921 1093 3981 eum,
1126 3900 1184 3982 qui
1208 3899 1378 3965 bonafide

206 4011 328 4077 bellum
351 4011 456 4094 gerit,
479 4012 520 4076 ad
540 4012 781 4077 restitutionem
806 4032 845 4076 ne
866 4011 899 4078 in
920 4011 1119 4078 conscientia
1140 4011 1273 4092 quidem
1294 4011 1378 4078 obli-

209 4121 289 4206 gari.
334 4122 454 4205 Neque
473 4142 551 4189 vero
575 4123 672 4188 debet
683 4122 748 4189 illis
760 4122 878 4205 praeda
891 4122 1043 4202 restitui,
1065 4137 1102 4188 ut
1112 4121 1251 4188 maxime
1263 4124 1378 4206 possit.

208 4233 348 4299 Faciunt
364 4233 448 4300 enim
470 4251 583 4301 contra
601 4236 675 4319 jura
697 4249 729 4300 et
743 4237 941 4319 majestatem
960 4235 1077 4318 populi
1098 4246 1106 4279 ¹
1127 4235 1274 4314 violant,
1296 4255 1379 4317 quo-

209 4401 396 4412 ι--.--...

243 4480 251 4512 ¹
270 4483 287 4528 l.
303 4479 435 4540 cujusque.
450 4481 476 4530 ff.
492 4483 523 4530 ad
539 4485 555 4530 l.
571 4483 619 4544 Jul.
636 4482 696 4539 maj.
715 4481 760 4546 [D.
774 4485 814 4544 48.
832 4496 857 4543 4.
875 4482 912 4546 4.]
