3450 5434
332 1214 790 1336 HUGONIS
847 1217 1223 1339 GROTII

683 1474 874 1551 arnan

406 1688 506 1790 DE
544 1687 734 1821 JURE
779 1687 1148 1788 PRAEDAE.

535 1943 731 2010 CAPUT
774 1943 1029 2012 PRIMUM.

246 2149 461 2199 EXORDIUM.
495 2150 780 2199 ARGUMENTUM.
814 2149 1068 2200 DISTRIBUTIO·
1104 2152 1318 2202 METRODUS.
1402 2187 1406 2194 .

644 2264 739 2312 ORDO
773 2263 915 2312 OPERIS·

236 2548 305 2617 Res
326 2569 403 2617 sanc
423 2571 511 2620 nova
532 2567 564 2619 et
586 2553 726 2619 externis
746 2552 803 2620 vix
827 2524 987 2619 credenda
998 2551 1140 2635 accidit,
1162 2565 1200 2618 ut
1217 2569 1272 2616 eos
1285 2549 1471 2617 interemat

194 2663 365 2746 homines,
396 2663 518 2747 quibus
548 2679 614 2730 tam
647 2663 705 2752 diu
735 2664 768 2729 in
791 2663 958 2747 Hispanos
979 2664 1102 2730 bellum
1124 2677 1194 2746 est,
1215 2661 1368 2746 privatim

193 2787 359 2857 praeterea
372 2775 560 2860 gravissime
571 2775 729 2858 offensos,
743 2774 826 2842 illud
837 2775 1061 2858 disceptetur,
1082 2794 1123 2840 an
1132 2775 1223 2858 justo
1236 2773 1270 2839 in
1282 2774 1369 2840 bello

188 2881 319 2952 hostem
344 2887 628 2971 crudelissimum,
651 2886 777 2971 quique
801 2886 946 2973 gentium
969 2885 1164 2952 commercia
1186 2885 1276 2968 prior
1296 2885 1369 2951 vio-

192 2996 280 3081 larit,
301 2999 493 3066 auctoritate
513 2998 647 3082 publica
667 3012 756 3065 recte
796 2997 950 3082 spolient.
1004 2997 1053 3065 Ita
1083 2997 1144 3080 fit,
1174 3013 1214 3063 ut
1232 2996 1369 3080 Batavi,

192 3129 257 3191 qua
288 3125 382 3195 gente
412 3130 479 3178 non
508 3110 570 3176 alia
599 3125 648 3178 est
668 3109 798 3177 honesti
840 3125 997 3193 quaestus
1027 3108 1176 3192 avidior,
1211 3128 1371 3178 verecun-

193 3220 262 3287 dari
284 3221 461 3288 videantur
491 3223 643 3289 nonnulli
671 3223 821 3308 praedam
843 3241 1041 3309 agnoscere,
1063 3220 1286 3295 misericordia
1308 3221 1372 3288 sci·

194 3331 270 3398 licet
296 3331 329 3399 in
351 3332 448 3413 illos,
470 3335 528 3417 qui
559 3335 621 3418 ipsi
652 3354 693 3400 ne
717 3335 862 3402 hostium
889 3334 1021 3418 quidem
1042 3333 1116 3418 jura
1143 3347 1370 3400 servaverunt.

193 3443 295 3531 Quod
317 3465 393 3513 cum
423 3445 550 3512 accidat
569 3445 686 3530 partim
699 3446 915 3530 quorumdam
925 3466 1040 3530 parum
1052 3445 1252 3529 reipublicae
1264 3464 1372 3511 aman·

192 3555 275 3623 tium
316 3557 513 3641 calumniis,
554 3559 673 3642 partim
711 3558 850 3626 aliorum
883 3558 1042 3643 religione
1077 3571 1109 3624 et
1142 3557 1372 3641 superstitiosa

193 3668 330 3750 quadam
354 3669 574 3755 abstinentia,
596 3686 634 3737 ut
656 3670 785 3738 illorum
808 3670 950 3736 malitiae
971 3689 1165 3752 occurrere,
1188 3669 1233 3736 ita
1253 3671 1371 3736 horum

192 3777 434 3863 simplicitatem
458 3781 618 3850 instruere
641 3781 916 3867 operaepretium
938 3779 1015 3847 fuit.
1060 3780 1180 3864 Neque
1202 3781 1287 3846 eninr
1298 3802 1374 3865 per-

192 3889 364 3974 spicaciori
399 3891 551 3976 cuiquam
583 3894 733 3980 ignotum
762 3913 831 3960 esse
859 3907 989 3977 potest,
1011 3912 1078 3976 quo
1098 3893 1160 3959 ista
1183 3893 1320 3960 tendant
1342 3907 1374 3958 et

192 4001 314 4085 quibus
334 4003 480 4070 hostium
514 4005 639 4073 artibus
670 4005 879 4072 misceantur.
925 4004 1011 4071 Nam
1035 4005 1063 4072 si
1084 4004 1252 4089 Hispanos
1275 4003 1374 4070 maris

193 4116 381 4182 obsessores
413 4113 578 4183 offendere
608 4131 736 4185 cessant
763 4116 899 4196 Batavi,
931 4117 1023 4200 quod
1051 4135 1128 4183 sane
1158 4116 1235 4193 fiet,
1265 4117 1294 4182 si
1324 4136 1374 4184 res

192 4225 254 4294 ista
274 4227 346 4292 sine
364 4227 537 4294 commodo
557 4228 739 4312 periculum
753 4243 879 4297 tantum
891 4228 1024 4307 afferet,
1046 4242 1168 4294 crescet
1181 4228 1374 4295 immensum
1430 4272 1436 4278 -

194 4338 248 4405 illa
276 4337 439 4406 ferocium
470 4340 650 4408 animorum
680 4341 880 4426 insolentia,
909 4343 1020 4409 clausa
1050 4340 1143 4407 brevi
1176 4340 1376 4407 tenebuntur

194 4449 304 4516 littora
313 4451 417 4519 totius
429 4451 538 4531 orbis,
562 4468 693 4521 corruet
715 4453 862 4522 Asiatica
882 4453 988 4520 omnis
1011 4451 1215 4538 negotiatio,
1238 4471 1304 4536 qua
1321 4454 1376 4519 vel

193 4565 264 4630 sola
300 4565 354 4630 vel
392 4564 562 4649 potissima
601 4565 751 4652 publicas
781 4587 861 4652 opes
895 4567 1049 4636 sustineri
1081 4565 1192 4633 sciunt
1222 4565 1286 4649 ipsi
1316 4583 1376 4632 nec

1227 4671 1243 4718 r
