3450 5434
369 606 410 683 98
672 614 720 661 mn
744 612 837 678 June
862 610 1047 661 nonnoso.
1072 612 1152 661 cnr.
1176 610 1258 659 v111.

369 776 441 859 lege
463 785 568 849 sexta,
592 769 725 853 exlege
748 766 874 849 quinta.
919 765 1006 833 Nom
1030 764 1133 849 prima
1156 763 1308 848 opposita
1331 764 1457 844 tertiae,
1479 782 1547 833 non

369 884 510 969 recipit,
533 897 572 949 ut
591 879 735 948 diximus
755 877 872 963 judicii
892 870 1129 944 necessitatem.
1174 876 1343 943 Posterius
1366 890 1474 942 autem
1497 891 1548 943 est

370 994 449 1062 belli
469 992 600 1080 jussio,
632 990 702 1058 sive
723 989 888 1057 decretum
912 987 1110 1071 reipublicae
1143 1000 1200 1055 aut
1221 986 1431 1071 magistratus
1455 988 1546 1074 ejus,

371 1106 426 1171 cui
455 1104 593 1189 cujusve
624 1100 690 1169 civi
722 1099 808 1167 facta
840 1099 959 1184 injuria
992 1115 1041 1167 est
1064 1105 1094 1177 ¹,
1128 1118 1197 1183 quo
1220 1098 1455 1165 condemnatur
1473 1118 1548 1182 pars

371 1216 518 1283 adversa.
563 1212 652 1279 Hinc
672 1210 815 1277 formula
831 1206 862 1275 ¹:
888 1210 1003 1277 Testor
1015 1210 1174 1297 populum
1192 1208 1289 1275 illum
1308 1211 1469 1294 injustum
1483 1230 1549 1276 csrc

374 1327 549 1413 ricqusjus
572 1321 720 1391 rcddcrc.
764 1322 812 1389 Et
832 1322 950 1387 altera:
978 1318 1131 1405 Quorum
1155 1342 1291 1403 rerum,
1313 1321 1446 1402 litium,
1467 1342 1549 1389 cuu-

373 1457 494 1503 surum
524 1433 677 1501 condixit
709 1445 814 1519 pater
834 1445 1000 1518 patratus
1030 1433 1148 1519 populi
1182 1433 1328 1501 Romani
1359 1430 1548 1517 Quiritium

368 1552 470 1635 putri
495 1559 639 1635 patrato
666 1544 784 1632 populi
811 1546 1002 1630 priscorum
1031 1544 1258 1625 Latinorum,
1301 1546 1550 1629 hominibusque

369 1661 500 1745 priscis!
519 1658 680 1738 Latinis,
714 1675 798 1742 quus
827 1675 879 1720 rcs
898 1676 955 1720 σοι
977 1654 1168 1737 solverunt,
1198 1652 1462 1737 credederunt,
1491 1674 1549 1721 occ

366 1768 551 1855 fecurunt,
582 1787 666 1853 quas
689 1765 864 1848 rotulari,
884 1762 987 1848 ficri,
1021 1764 1105 1835 solui
1128 1769 1294 1853 oportuit,
1323 1779 1411 1852 puro
1428 1768 1550 1851 pioquc

375 1878 486 1947 duello
507 1876 716 1966 quaerendus
739 1896 872 1957 ccnsco,
896 1880 1059 1942 consentio
1079 1880 1310 1962 consciscoquc.
1349 1874 1396 1941 Et
1417 1875 1549 1943 tertium

378 2008 525 2059 carmen:
560 1985 657 2073 Quod
679 1987 797 2075 populi
824 1989 935 2073 prisci
959 1986 1083 2051 Lutiui
1112 1986 1272 2054 aduersus
1296 1986 1456 2073 populum
1480 1985 1549 2051 Ro·

375 2120 511 2167 martum
536 2096 727 2183 Quiritium
742 2098 926 2182 fecerunt,
950 2096 1182 2183 dcliqucrunc,
1206 2096 1295 2182 quod
1315 2097 1458 2184 populus
1481 2097 1550 2161 Ro·

374 2230 493 2277 manus
529 2207 719 2293 Quiritium
751 2207 872 2275 bellum
902 2229 975 2273 cum
1002 2210 1126 2294 priscis
1158 2207 1297 2273 Latinis
1321 2209 1428 2293 jussit
1461 2228 1550 2291 estc,

374 2335 576 2406 senatusque
608 2318 780 2385 Romanus
804 2315 992 2403 Quiritium
1015 2322 1161 2400 censuit,
1185 2322 1370 2400 consensit,
1391 2322 1550 2387 consciuit

375 2445 414 2497 ut
446 2429 567 2497 bellum
594 2451 668 2496 cum
692 2433 817 2516 priscis
852 2428 992 2497 Latinis
1014 2426 1136 2510 ficret,
1161 2429 1197 2493 ob
1230 2450 1301 2495 cum
1332 2450 1400 2495 rcm
1420 2450 1476 2516 cgo
1490 2444 1551 2517 po·

369 2540 537 2629 polusque
567 2541 739 2607 Romanus
756 2539 880 2627 populo
895 2543 1086 2637 priscorum
1109 2540 1315 2605 Latinorum
1346 2538 1466 2606 bullum
1496 2543 1551 2605 iu-

375 2651 448 2719 dico
462 2650 634 2737 facioque.
678 2650 758 2717 Duo
789 2665 898 2717 autem
920 2650 1002 2733 ista,
1025 2670 1131 2719 rerum
1154 2649 1306 2735 repetitio
1329 2665 1362 2717 et
1384 2651 1550 2718 decretum

377 2778 412 2831 et
438 2760 570 2848 sejungi
599 2776 740 2846 possunt
769 2776 803 2827 et
830 2762 947 2848 jungi:
979 2762 1127 2847 sejungi,
1159 2762 1189 2829 si
1217 2762 1384 2845 quomodo
1407 2762 1551 2830 diximus

376 2874 550 2958 separatim
580 2872 662 2941 fiant
691 2888 725 2941 et
747 2874 946 2957 interposito
967 2887 1136 2956 tempore,
1157 2872 1275 2957 jungi,
1299 2874 1328 2941 si
1346 2873 1444 2941 simul
1466 2876 1551 2941 laesa

375 2983 561 3069 respublica
591 2985 685 3053 alteri
712 2983 875 3071 judicium
908 2983 1025 3050 offerat
1056 2997 1111 3066 et,
1141 2984 1176 3051 ni
1197 2984 1286 3069 juste
1304 2985 1432 3071 judicet
1454 3003 1550 3051 suum

378 3095 408 3163 ei
433 3095 596 3181 iudicium
630 3096 811 3162 denuntiet.
835 3095 910 3161 Hoc
930 3094 1031 3161 ferme
1049 3095 1149 3163 modo
1168 3099 1199 3161 ⁸:
1223 3117 1294 3163 cum
1315 3115 1347 3161 sc
1366 3097 1549 3181 injuriam,

376 3210 444 3272 nisi
464 3206 506 3272 ab
530 3208 610 3292 ipsis
631 3209 692 3290 qui
705 3205 854 3289 fcccrs'nt
874 3205 1054 3287 domatur,
1087 3210 1172 3293 ipsos
1193 3209 1281 3271 omni
1298 3210 1334 3274 ui
1356 3205 1550 3293 depulsuros

377 3336 453 3382 cssc.
479 3315 554 3381 Aut
571 3314 618 3381 ita
634 3313 668 3379 ⁴:
692 3319 728 3380 ni
746 3315 944 3402 supplicium
964 3322 1001 3383 iu
1022 3318 1125 3383 mulos
1139 3331 1388 3404 praesumunt,
1411 3338 1550 3383 uturum

372 3430 568 3513 promiscuo
590 3423 701 3493 cucdc.
724 3425 848 3508 Neque
863 3446 944 3495 vero
961 3428 1054 3495 aliter
1070 3427 1158 3513 apud
1170 3427 1363 3511 Euripidem
1377 3428 1552 3495 ‘Theseus

377 3537 458 3603 haec
473 3536 686 3604 caduceatori
710 3536 750 3603 ad
771 3536 947 3606 Creontem
969 3539 1119 3607 mandata
1141 3539 1214 3608 dat:

550 3652 664 3726 Onosis
685 3653 714 3717 σ’
733 3653 859 3718 domei
877 3654 945 3735 πρὸς
966 3653 1053 3737 χάριν
1072 3653 1167 3736 θάψον
1188 3654 1319 3735 νεκροὺς,

528 3763 716 3840 ’συγγείτον’
736 3765 817 3829 οἰκῶν
836 3772 948 3841 puicu,
969 3763 1056 3842 ἀξιῶν
1077 3772 1180 3847 τυχεῖν

548 3872 637 3956 minu
657 3897 692 3939 σε
713 3874 807 3939 δέσδοιι
829 3874 919 3941 πάντ’
942 3876 1123 3957 Ἐρεχθειδῶν
1140 3874 1222 3943 λεών.

549 3982 605 4049 ndu
624 3983 681 4062 μὲν
701 3983 816 4049 θέλωσιν
837 3983 966 4058 οιῐνέσοοι,
989 3985 1170 4059 παλίσσυτος

546 4094 655 4175 στεῖχ’,
669 4091 713 4190 Ιἢν
734 4094 760 4159 δ’
777 4095 921 4159 ciuccutic'
940 4091 1000 4163 οἵδε
1021 4095 1141 4177 δεύτεροι
1163 4094 1256 4172 λόγοι·

550 4209 644 4284 κῶμον
665 4202 799 4298 δέχεσθοοι
821 4203 871 4269 τὸν
893 4204 962 4283 ἔριδι
983 4204 1185 4291 ἀσπιδηφόρον.

411 4395 831 4459 ¹si1v.inv.ueprets.sa.
855 4396 882 4446 in
905 4411 960 4459 req.
983 4414 1008 4460 4.
1041 4396 1052 4431 ²
1076 4399 1133 4449 Liv.
1161 4383 1352 4465 l.1.[e.'3a.]
1388 4380 1473 4452 suto.
1493 4405 1511 4451 1.
1528 4405 1553 4452 8.

379 4488 416 4553 [c.
433 4486 486 4553 am]
520 4486 917 4552 ⁴Tuc.Annal.i.1.[c.48.]
953 4489 1073 4551 *suppia
1092 4488 1143 4555 [vs.
1162 4492 1218 4549 ³8⁶·
1235 4492 1304 4555 ποορ]
