3450 5434
334 631 377 710 46
645 641 691 692 na
715 641 807 710 Juar
835 639 1203 694 armoraciam.

331 801 430 886 gibus
462 802 595 885 scriptis
627 811 823 881 urerentur,
866 801 921 865 ‘his
965 817 1043 867 roro
1082 803 1261 884 oppressis,
1300 817 1414 879 suam,
1442 798 1513 886 lege

335 925 492 978 naturae.
547 911 597 976 Ea
640 909 763 976 scilicet
793 911 866 996 lege
893 927 991 993 quam
1012 929 1074 976 nos
1097 909 1271 976 secundam
1292 909 1464 993 posuimus
1488 915 1509 976 ¹.

336 1023 401 1088 Sed
424 1021 482 1105 qui
502 1021 684 1088 accuratius
703 1020 921 1088 considerabit
937 1023 1025 1106 leges
1036 1039 1150 1087 omnes
1160 1021 1358 1104 simulatque
1368 1035 1510 1105 possunt

334 1133 454 1216 pariter
484 1133 722 1215 observandas,
751 1132 873 1217 iustam
900 1132 955 1198 hic
973 1131 1216 1199 distinctionem
1234 1129 1330 1198 facile
1353 1131 1509 1198 inveniet

333 1245 421 1310 Nam
446 1229 600 1311 manente
622 1244 754 1327 quidem
778 1245 864 1310 bello
892 1263 959 1310 non
982 1261 1080 1326 posse
1103 1263 1156 1310 res
1176 1258 1287 1327 captas
1307 1244 1347 1308 ab
1368 1263 1427 1324 eu,
1451 1241 1511 1325 qui

334 1355 499 1437 amiserit,
531 1355 689 1422 vindicari
718 1376 758 1422 ex
788 1355 1006 1440 perpetuitate
1031 1353 1168 1439 periculi
1201 1354 1282 1420 satis
1304 1353 1464 1440 intelliget
1486 1359 1510 1421 ².

335 1468 401 1534 Sed
421 1469 520 1534 rebus
545 1467 668 1550 pacatis
689 1487 747 1549 ea,
771 1487 855 1550 quae
875 1467 1031 1534 duntaxat
1053 1467 1097 1532 ob
1120 1465 1327 1532 securitatem
1346 1481 1435 1532 tuam
1458 1485 1510 1531 ce-

334 1579 444 1662 peris,
467 1580 529 1646 alia
556 1598 652 1645 causa
672 1599 739 1646 non
763 1579 959 1659 accedente,
983 1577 1161 1661 quominus
1191 1577 1364 1649 restituere
1391 1576 1510 1643 debeas

334 1690 492 1758 rationem
512 1709 579 1757 non
600 1689 726 1757 videbit
745 1697 767 1757 ⁸.
796 1688 861 1756 Hic
881 1689 968 1755 enim
989 1692 1042 1754 lex
1060 1702 1199 1771 quarta,
1220 1708 1294 1755 cum
1315 1688 1408 1756 alteri
1425 1688 1509 1756 nulli

334 1817 518 1888 repugnet,
542 1802 639 1868 debet
668 1800 877 1868 reviviscere.
925 1799 1049 1887 Magna
1079 1799 1180 1886 igitur
1199 1799 1382 1868 differentia
1407 1800 1509 1867 estin

333 1912 551 1997 acquisitione
574 1931 704 1994 rerum,
727 1931 812 1995 quae
833 1911 959 1978 nullius
982 1928 1016 1978 et
1042 1930 1169 1993 rerum,
1193 1929 1277 1994 quae
1289 1911 1424 1980 alterius
1435 1910 1508 1978 fue·

334 2039 434 2107 runt;
461 2022 502 2090 ad
532 2041 585 2089 res
614 2043 667 2090 eas
690 2039 774 2105 quae
806 2021 976 2090 dominum
1001 2042 1068 2090 non
1090 2024 1276 2091 habuerunt
1296 2023 1510 2106 acquirendas

336 2138 405 2202 sola
426 2134 591 2220 possessio
612 2134 751 2201 sufficit:
776 2134 889 2201 adres
908 2132 1042 2201 alterius
1061 2135 1158 2202 nobis
1177 2133 1401 2221 adjungendas
1419 2154 1510 2218 prae·

334 2262 385 2314 ter
405 2245 645 2330 possessionem
667 2263 763 2313 causa
784 2246 982 2330 requiriturt
1006 2247 1049 2313 ob
1070 2245 1390 2329 quamiilescssicet,
1414 2246 1510 2331 cujus

335 2377 388 2424 res
408 2357 491 2440 fuit,
513 2373 569 2424 aut
589 2360 705 2424 volens
725 2373 783 2428 aut
801 2360 918 2424 nolens
939 2377 977 2424 ea
996 2357 1117 2442 privari
1136 2357 1266 2426 debeat.
1290 2357 1371 2423 Non
1391 2357 1512 2424 sufficit

334 2468 436 2554 igitur
467 2469 585 2536 titulus
612 2468 806 2536 universalis
835 2468 915 2551 iile,
938 2489 1007 2552 quo
1034 2469 1183 2536 vacantia
1215 2488 1436 2553 occupamus,
1468 2468 1511 2535 ad

336 2579 557 2663 quaerendum
588 2581 622 2647 in
653 2601 688 2647 re
719 2581 832 2648 hostili
852 2580 909 2666 jus
931 2579 1179 2664 plenissimum,
1203 2581 1262 2648 sed
1283 2580 1403 2647 titulus
1425 2579 1509 2647 alius

335 2691 558 2774 desideratur,
590 2692 648 2776 qui
678 2708 786 2759 tamen
817 2693 850 2760 in
872 2693 959 2760 bello
979 2711 1157 2775 numquam
1180 2693 1273 2759 deest
1293 2694 1324 2757 ⁴:
1348 2692 1439 2775 quod
1460 2690 1507 2758 sic

333 2803 512 2890 colligitur.
558 2804 702 2872 anum
732 2805 761 2870 si
792 2805 833 2871 ad
864 2825 931 2872 rem
962 2820 1105 2871 nostram
1136 2805 1389 2887 recuperandam
1420 2823 1509 2869 arma

334 2931 550 2998 moveantur,
581 2915 664 3000 quin
692 2937 710 2982 a
738 2917 909 2984 detentore
937 2930 1061 2982 armato
1082 2915 1323 2999 possessionem
1356 2915 1509 3000 injustam

332 3041 419 3092 recte
443 3047 575 3093 avocem
598 3045 696 3094 manu
717 3025 872 3110 militari,
904 3027 1043 3094 dubium
1072 3045 1139 3094 non
1168 3042 1219 3094 est
1240 3030 1265 3094 ⁵.
1311 3027 1398 3116 Quis
1421 3027 1508 3094 enim

334 3157 400 3202 non
429 3137 605 3223 inteiligit,
628 3158 702 3204 cum
730 3157 781 3204 res
805 3137 903 3205 utiles
925 3139 1092 3222 acquirere
1114 3137 1211 3206 nobis
1231 3137 1451 3222 permittimur
1472 3140 1509 3219 ‘,

335 3247 431 3314 etiam
449 3263 615 3331 partorum
635 3248 808 3316 tuitionem
829 3265 881 3333 et,
905 3249 933 3315 si
954 3250 1151 3334 eripiantur,
1171 3251 1389 3335 receptionem
1413 3227 1511 3316 simtu

335 3358 497 3425 indicarit
530 3358 660 3446 Quodsi
695 3379 761 3427 rem
783 3359 886 3444 ipsam
908 3361 1069 3445 consequi
1091 3381 1158 3428 non
1181 3361 1331 3446 possim,
1354 3361 1437 3428 tanti
1459 3375 1508 3427 ta·

334 3489 409 3537 men
427 3469 482 3536 ille
503 3469 606 3553 mihi,
631 3471 745 3554 quanti
767 3492 819 3538 res
838 3472 903 3540 fuit
925 3473 1091 3560 obligatus
1111 3489 1161 3540 est
1179 3474 1204 3541 ⁷.
1251 3471 1509 3540 Permittendum

334 3581 436 3666 igitur
455 3580 536 3648 mihi
557 3597 607 3648 est
623 3598 661 3650 ut
680 3599 839 3670 quantum
860 3585 916 3652 iile
936 3585 1017 3652 mihi
1037 3586 1152 3668 debet,
1174 3600 1301 3652 tantum
1323 3605 1385 3671 ego
1397 3604 1437 3651 ex
1449 3585 1509 3650 bo·

334 3691 387 3760 nis
409 3692 480 3776 ejus
500 3712 692 3778 consequar.
738 3697 895 3781 Idemque
917 3697 978 3763 erit
996 3696 1025 3763 si
1047 3698 1088 3763 ab
1111 3696 1207 3763 initio
1227 3717 1296 3764 non
1319 3693 1387 3762 rem
1407 3715 1510 3762 meam

334 3806 592 3894 vindicaverim,
616 3812 673 3879 sed
695 3809 841 3876 debitum
866 3823 1059 3893 persecutus
1082 3809 1142 3874 sim
1163 3805 1185 3876 ⁸.
1231 3809 1319 3874 Nam
1342 3828 1416 3874 cum
1439 3822 1510 3873 tan·

334 3921 479 3988 tumdem
497 3921 545 3988 illi
563 3922 724 4006 supersit,
747 3936 906 4005 quantum
928 3919 1010 3987 mihi
1033 3921 1142 4003 deest,
1167 3918 1201 3985 id
1222 3919 1272 3986 illi
1294 3918 1509 3986 auferendum

334 4048 367 4101 et
389 4031 469 4100 mihi
492 4033 716 4120 applicandum
738 4049 800 4100 est.
846 4033 893 4099 Et
913 4031 959 4099 sic
982 4029 1016 4097 in
1039 4029 1163 4098 forensi
1185 4030 1393 4097 exsecuti0ne
1411 4026 1424 4063 '
1442 4050 1510 4096 cre·

368 4277 422 4331 ιιιι
442 4281 632 4332 dictumestad
649 4282 666 4330 l.
681 4289 720 4339 ιο.
734 4292 881 4342 capraea.
914 4275 1055 4329 ’Vica'dc
1068 4277 1252 4338 §atrebanum
1273 4282 1408 4341 ructu.
1427 4290 1453 4327 et
1470 4289 1510 4335 ss.

332 4368 343 4402 ¹
361 4370 422 4422 silv.
438 4371 466 4421 in
482 4385 509 4423 v.
525 4373 632 4422 Bellum.
649 4375 670 4432 ς.
691 4383 730 4420 11.
746 4373 832 4421 conci.
849 4381 874 4429 3.
907 4369 919 4402 ⁴
941 4369 1002 4422 vide
1018 4369 1086 4420 infra
1102 4383 1126 4421 e.
1143 4381 1168 4430 7.
1201 4370 1212 4403 ⁸
1235 4370 1310 4432 aqui
1321 4370 1464 4420 restituere.
1482 4367 1511 4437 ff·

334 4464 366 4511 de
382 4462 420 4511 rei
437 4461 508 4513 vind.
528 4463 573 4526 [D.
589 4463 614 4512 6.
634 4476 655 4512 r.
670 4461 723 4526 aa]
743 4464 760 4510 1.
778 4458 1125 4526 3.ii'.nevirfiat[D.43.
1142 4461 1180 4525 4.]
1213 4461 1337 4512 ‘exta
1369 4459 1510 4521 ⁷<isqui

334 4554 475 4604 restituere.
491 4565 516 4603 et
532 4567 586 4615 seq
619 4551 681 4605 'ex
699 4556 717 4603 l.
734 4555 758 4604 6.
791 4551 878 4615 'Diu
896 4555 928 4604 de
945 4553 999 4602 reb.
1014 4565 1082 4604 auct.
1099 4551 1153 4612 iud.
1163 4567 1234 4616 poss.
1243 4565 1292 4604 tot.
1301 4551 1343 4602 tit.
1358 4553 1402 4615 [D.
1413 4564 1456 4614 42.
1469 4547 1505 4613 3.]
