3450 5434
337 633 400 696 330
635 626 683 672 un
707 625 802 693 Junn
827 619 1016 668 annuunt.
1044 617 1124 664 oar.
1150 611 1213 660 xv.

338 783 427 850 Galli
458 782 637 849 timiditate
669 779 857 862 cepissent,
882 776 964 840 adeo
989 794 1026 839 ea
1049 791 1103 838 res
1126 768 1322 846 infrequens
1347 755 1430 842 ipsis
1452 753 1527 822 visa

336 911 405 975 est,
438 911 476 960 ut
506 914 575 960 non
607 892 703 975 quasi
737 889 869 955 Gallica
902 907 1007 967 nave,
1041 884 1100 949 sed
1135 876 1231 963 quasi
1256 872 1369 942 Gallia
1392 866 1527 934 devicta

336 1007 587 1090 triumpharent.
631 1004 712 1068 Non
736 1018 844 1067 tamen
869 1000 934 1064 hoc
955 1016 994 1062 eo
1015 994 1211 1073 eveniebat,
1237 986 1333 1071 quod
1350 979 1443 1049 Galli
1463 994 1530 1042 usu

335 1117 381 1182 rei
412 1117 594 1183 maritimae
625 1117 767 1180 multum
799 1123 1025 1194 praestarent,
1058 1106 1118 1172 sed
1147 1101 1226 1185 quia
1251 1120 1288 1165 ea
1312 1109 1382 1161 erat
1405 1089 1531 1170 Hispa-

335 1249 452 1294 norum
475 1227 637 1305 avaritia,
662 1241 700 1290 ut
721 1243 822 1290 naves
847 1241 924 1288 suas
947 1240 1016 1287 nou
1040 1217 1140 1284 armis
1165 1213 1265 1292 ullis,
1279 1208 1337 1276 sed
1361 1199 1532 1270 mercibus

336 1356 369 1405 et
387 1339 579 1406 vectoribus
599 1351 783 1404 onerarent.
818 1333 923 1418 Angli
944 1311 1052 1398 totum
1074 1329 1188 1395 orbem
1210 1315 1430 1390 circumvecti
1449 1311 1536 1378 nihil

335 1448 424 1530 fere,
455 1451 548 1532 quod
580 1447 756 1530 Hispanici
781 1444 868 1530 juris
887 1458 996 1525 esset,
1021 1442 1182 1506 intactum
1208 1435 1386 1517 reliquere.
1434 1423 1535 1492 Nihil

337 1580 492 1642 umquam
513 1559 614 1626 alicui
638 1558 739 1624 cessit
761 1556 947 1639 impunius.
995 1554 1047 1618 De
1071 1549 1205 1618 Batavis
1230 1546 1336 1630 igitur
1359 1539 1445 1624 quid
1466 1554 1536 1600 non

337 1671 555 1754 sperandum,
580 1671 638 1735 iila
660 1689 739 1736 vere
764 1667 938 1750 Neptunia
963 1663 1088 1749 gente?
1137 1659 1242 1726 Absit
1262 1653 1392 1722 invidia
1412 1648 1537 1715 verbo:

337 1801 516 1864 numquam
549 1800 659 1863 aequo
682 1779 716 1846 in
740 1781 838 1859 loco,
873 1795 1054 1858 numquam
1088 1788 1201 1857 aperta
1223 1771 1258 1836 in
1282 1783 1398 1850 pugna
1427 1757 1541 1826 navali

339 1891 409 1958 acie
430 1895 634 1958 laborarunt.
681 1892 753 1956 Nec
773 1891 815 1956 ad
834 1889 972 1970 antiqua
993 1903 1197 1968 quemquam
1217 1879 1371 1960 exempla
1391 1890 1542 1948 revoco,

339 2002 401 2068 etsi
424 2017 609 2086 suppetunt
632 2003 764 2086 egregia
785 2002 820 2066 in
841 2001 985 2080 Gallos,
1010 1999 1224 2073 Germanos,
1257 1990 1440 2056 Britannos
1471 2001 1543 2047 cer·

337 2111 477 2177 tamina:
501 2113 691 2196 Hispanum
715 2113 844 2178 hostem
870 2112 1068 2188 videamus,
1094 2107 1194 2172 etiam
1217 2101 1365 2186 Belgicis
1385 2091 1544 2163 nonnihil

338 2221 513 2287 suffultum
545 2223 700 2302 viribus,
734 2238 768 2287 et
800 2243 819 2286 a
851 2223 960 2304 primo
993 2219 1072 2285 belli
1107 2216 1207 2282 initio
1241 2214 1285 2280 ad
1318 2213 1402 2276 haec
1434 2221 1545 2286 usque

338 2330 526 2400 felicissima
557 2349 706 2415 tempora
739 2333 833 2398 brevi
856 2333 1001 2399 transitu
1024 2328 1184 2396 memoria
1210 2326 1391 2390 discurrat.
1441 2318 1545 2399 spec-

338 2441 482 2508 tabimus
513 2443 641 2526 captivi
674 2443 810 2509 vincula
840 2443 999 2522 Bossuii,
1024 2457 1136 2523 raptas
1156 2459 1175 2503 a
1196 2433 1361 2502 Zelandis
1381 2433 1450 2516 jam
1473 2443 1545 2492 turn

338 2571 419 2635 opes
449 2553 711 2636 Lusitanorum,
747 2553 936 2638 fugientem
961 2553 1082 2634 scapha
1108 2545 1424 2623 Medinacaelium,
1450 2539 1549 2604 Hon-

337 2677 404 2727 tam
437 2662 665 2746 Hispanorum
698 2678 875 2730 cruentum
910 2664 1084 2748 sanguine.
1130 2662 1204 2746 Jam
1241 2677 1325 2724 vero
1361 2673 1445 2719 num
1481 2649 1550 2714 ulla

336 2773 441 2855 major
472 2793 543 2838 esse
576 2774 692 2840 classis
724 2775 873 2857 poterit,
907 2795 1007 2856 quam
1033 2791 1120 2854 quae
1143 2790 1233 2836 anno
1259 2769 1320 2833 illo
1345 2761 1491 2831 terribili
1515 2760 1551 2824 in

338 2881 537 2948 britanniam
570 2903 609 2948 ac
642 2885 789 2950 Batauos
821 2886 923 2952 missa
956 2884 1033 2950 est?
1070 2853 1135 2947 aut'
1162 2900 1233 2948 non
1267 2877 1427 2944 Indicum
1465 2869 1554 2937 illud

337 3011 426 3057 mare
448 2995 554 3057 multo
578 2994 678 3059 etiam
701 3015 802 3076 quam
828 2996 1000 3062 Gallicum
1023 2997 1089 3060 hoc
1114 2993 1213 3059 fretis
1234 2988 1418 3075 angustius
1443 2998 1496 3050 est
1520 2995 1556 3047 et

337 3100 437 3166 randis
458 3101 641 3182 incertius,
666 3106 793 3187 quippe
820 3107 881 3172 ubi
901 3121 1034 3188 praeter
1055 3121 1108 3170 tot
1132 3103 1249 3169 brevia
1279 3115 1314 3166 et
1344 3113 1458 3184 syrtes
1478 3114 1555 3176 sep-

336 3209 486 3293 tuaginta
509 3229 581 3278 esse
613 3213 798 3280 insularum
827 3218 933 3281 millia
954 3217 1205 3299 perhibentur,
1231 3213 1266 3278 in
1287 3229 1375 3294 quas
1398 3205 1559 3293 graviora

337 3318 483 3384 hostium
515 3321 652 3404 navigia
683 3325 776 3388 allidi
806 3346 943 3393 necesse
976 3327 1055 3392 est?
1104 3325 1201 3390 Num
1235 3339 1312 3388 acta
1341 3322 1376 3386 in
1399 3320 1500 3384 littus
1524 3329 1559 3380 et

336 3427 371 3492 in
405 3427 548 3494 flammas
571 3431 774 3499 Batavorum
795 3451 829 3501 et
849 3437 1041 3521 Anglorum
1066 3436 1202 3502 viribus
1225 3433 1347 3500 classis
1372 3431 1416 3496 ad
1439 3425 1559 3494 Gades

335 3537 446 3602 animo
465 3538 618 3604 excidit?
643 3542 736 3608 Num
757 3545 833 3612 illae
853 3546 1008 3613 funestae
1028 3548 1169 3613 domino
1188 3565 1296 3612 naves
1319 3535 1558 3626 Spinulanael

337 3645 518 3714 binltnvero
549 3651 629 3731 quis
658 3669 718 3719 aut
751 3654 875 3722 fortior
895 3673 955 3724 aut
978 3657 1084 3723 famae
1109 3657 1285 3743 ingentior
1305 3653 1447 3721 Andrea
1473 3650 1562 3716 Fur-

335 3755 455 3822 tudone
481 3757 601 3824 ductor
630 3763 724 3828 hosti
752 3766 917 3832 dabitur?
966 3769 1014 3833 Et
1036 3771 1094 3834 lric
1129 3785 1245 3834 tamen
1276 3767 1321 3832 ad
1356 3765 1563 3830 Bantamum

337 3861 432 3930 tirsus
458 3863 666 3951 fugatusque
699 3890 769 3938 est:
803 3895 866 3940 nec
894 3879 1003 3943 ullum
1029 3893 1097 3944 tam
1130 3879 1314 3960 inaequale
1339 3875 1420 3942 iniri
1446 3885 1565 3955 potest

335 3987 522 4055 contorto,
555 3995 658 4058 quant
691 3979 762 4046 fuit
795 4003 853 4050 sex
882 3989 1022 4054 navium
1047 3990 1276 4073 exiguarum,
1301 3988 1332 4052 si
1357 4001 1566 4068 compares,

335 4099 411 4146 cum
441 4081 508 4150 iliis
536 4103 639 4170 supra
663 4091 803 4175 triginta
836 4113 903 4162 tam
935 4099 1068 4183 magnis
1099 4115 1243 4182 tamque
1276 4097 1416 4186 validis.
1466 4095 1568 4180 Quot

336 4187 464 4256 iuterim
495 4195 631 4280 navigia
666 4199 913 4272 Lusitanorum
949 4225 1071 4292 capta,
1105 4229 1242 4290 mersa,
1277 4211 1422 4274 incensa
1453 4202 1566 4274 sunt?

335 4295 391 4424 1]ῐὶ
406 4315 530 4366 camera
555 4319 680 4372 mecam
705 4323 740 4375 ct
762 4315 906 4381 murima
927 4319 1073 4401 loquar,
1098 4337 1235 4403 praeter
1260 4341 1334 4386 eam
1360 4339 1452 4402 quae
1479 4317 1568 4382 inter

334 4405 557 4492 brttlltcrqium
587 4431 621 4480 et
653 4419 787 4502 Anglos
819 4425 931 4491 divisa
961 4445 1037 4510 est,
1072 4446 1142 4496 tres
1169 4433 1240 4515 jam
1266 4451 1455 4509 caraccae,
1482 4445 1569 4510 quas
