3450 5434
313 643 374 707 172
617 642 666 691 Du
688 642 782 709 June
808 641 993 691 PRAEDAE.
1019 644 1102 691 CAP·
1128 646 1177 693 x1.

298 813 342 863 -et
371 797 434 881 ipsi
467 807 663 880 coeperunt:
698 810 791 863 tanto
825 812 933 863 tamen
967 796 1144 864 modestiae
1167 814 1200 865 et
1220 799 1486 881 aequanimitatis

309 922 585 990 temperamento,
609 923 648 974 ut
665 908 813 992 singulas
831 908 978 974 actiones
997 908 1215 977 consideranti
1234 911 1313 977 satis
1322 927 1488 978 constaret

308 1022 410 1086 solam
434 1018 467 1083 in
492 1017 666 1086 consilium
699 1018 877 1084 adhibitam
910 1016 1013 1087 fuisse
1037 1021 1274 1088 necessitatem.
1320 1022 1423 1109 Quod
1445 1022 1488 1087 ad

307 1131 448 1197 Batavos
482 1130 661 1211 attinebat,
695 1128 791 1196 amici
825 1148 984 1195 occursus
1017 1146 1102 1196 terra
1134 1132 1303 1215 marique,
1332 1132 1487 1198 Lusitani

308 1242 392 1308 intra
413 1260 515 1307 naves
535 1242 632 1307 etiam
644 1240 727 1307 etad
742 1243 855 1323 epulas
864 1242 1019 1325 admissi,
1042 1241 1125 1308 nihil
1137 1262 1249 1308 eorum
1261 1241 1330 1309 ficri
1341 1244 1487 1326 placuit,

309 1372 394 1435 quae
412 1353 497 1418 inter
516 1354 629 1418 hostes
649 1351 768 1418 licent:
791 1370 857 1418 non
878 1352 1027 1419 coloniae
1048 1368 1275 1437 oppugnatae,
1299 1372 1365 1420 non
1386 1372 1489 1421 naves

310 1463 483 1546 incensae,
515 1482 556 1529 ne
584 1462 742 1547 prohibiti
771 1463 906 1545 quidem
936 1463 1088 1531 Lusitani
1118 1464 1158 1529 ad
1177 1464 1306 1530 eosdem
1325 1480 1489 1530 mercatus

308 1574 432 1641 venire.
476 1574 597 1656 Neque
629 1574 705 1641 illos
731 1590 838 1639 tamen
867 1588 924 1640 aut
951 1594 1049 1641 causa
1080 1576 1255 1661 navigandi
1284 1575 1487 1657 necessitas,

309 1699 368 1751 aut
389 1700 453 1751 tam
476 1701 589 1769 pacata
612 1684 802 1769 negotiandi
825 1686 910 1753 ratio
931 1686 1116 1768 quidquani
1131 1686 1305 1771 mitigavit
1329 1686 1487 1771 Magnum

310 1795 395 1863 enim
415 1796 538 1863 crimen
556 1810 625 1861 erat
643 1795 839 1862 Batavorum
850 1815 918 1862 non
929 1812 1071 1881 egestate
1082 1796 1196 1882 potius
1205 1796 1365 1882 opprimi,
1388 1818 1487 1881 quam

309 1906 349 1973 iu·
365 1908 604 1986 earcommoda,
628 1926 712 1988 quae
734 1906 865 1973 cunctis
888 1908 1078 1975 hominibus
1089 1924 1205 1975 natura
1214 1907 1389 1992 patefecit,
1411 1928 1487 1975 curn

310 2016 481 2087 Lusitanis
501 2038 705 2084 concurrere.
739 2018 814 2083 Hoc
833 2032 940 2083 tamen
961 2020 1032 2085 solo
1048 2021 1158 2090 colore
1169 2020 1260 2087 dictu
1272 2020 1488 2101 incredibile,

311 2142 433 2211 quanta
461 2128 592 2195 illorum
620 2128 726 2195 rabies
751 2129 831 2214 (nec
861 2128 947 2196 enim
970 2128 1034 2196 alio
1054 2130 1184 2197 nomine
1205 2131 1396 2214 appellanda
1418 2132 1489 2217 est)

311 2237 345 2305 iu
376 2240 518 2306 Batavos
549 2239 726 2321 exarserit,
749 2240 841 2341 ,adeo
871 2240 1085 2324 innocentes,
1117 2256 1156 2308 ut
1184 2242 1331 2309 contenti
1350 2243 1488 2309 salutem

310 2369 402 2418 suam
433 2369 639 2434 propugnare
670 2350 729 2416 vix
760 2352 910 2435 plurimis
939 2350 1071 2436 flagitiis
1103 2352 1145 2418 ad
1177 2353 1335 2419 ultionem
1364 2352 1489 2436 impelli

309 2461 497 2545 potuerint:
531 2462 624 2543 quod
655 2462 803 2547 subjecta
830 2484 938 2529 rerum
968 2463 1112 2529 narratio
1140 2463 1395 2547 demonstrabit,
1421 2482 1487 2529 non

311 2571 368 2637 illa
395 2572 527 2656 quidem
556 2573 639 2639 nihil
668 2574 845 2655 omittens,
877 2574 934 2639 sed
956 2574 1274 2658 praecipua-tantum
1296 2577 1489 2659 complexa,

152 2692 222 2740 Anno
236 2707 291 2753 1⁵⁹⁴
310 2704 328 2749 e
352 2684 475 2767 quibus
494 2700 619 2751 caetera
638 2704 696 2769 par
716 2700 766 2751 est
784 2683 938 2770 intelligi.
978 2684 1086 2751 Prima
1109 2700 1226 2769 coepta
1249 2701 1298 2752 est
1319 2707 1337 2752 a
1357 2686 1489 2753 Batavis

311 2794 394 2862 adiri
422 2814 498 2879 pars
527 2796 584 2862 illa
609 2794 809 2879 Aethiopiae
831 2796 965 2861 Oceano
989 2794 1182 2877 imminens,
1206 2815 1303 2878 quam
1323 2797 1487 2863 Guineam

311 2905 475 2989 dicimus,
507 2905 669 2973 Bemardo
693 2906 970 2972 Medemelaceusi
992 2922 1211 2972 monstrante:
1244 2928 1312 2990 quo
1339 2922 1489 2991 tempore

310 3017 463 3083 Lusitani
482 3037 524 3083 ne
541 3038 601 3084 sua
619 3032 745 3083 tantum
763 3017 913 3083 barbarie
932 3032 1122 3098 uterentur,
1147 3016 1239 3085 Afris
1257 3035 1491 3101 persuaserunt

312 3128 396 3212 (ipsi
427 3148 505 3192 mox
536 3126 614 3194 Afri
646 3128 755 3194 omnia
787 3126 930 3195 confessi
964 3129 1060 3213 sunt)
1091 3128 1222 3195 venisse
1242 3130 1406 3211 latrones,
1430 3129 1489 3212 qui

313 3238 475 3305 mercandi
498 3238 606 3322 specie
628 3238 719 3322 ipsos
740 3238 773 3305 in
795 3238 1015 3323 captivitatem
1036 3239 1254 3306 abducerent:
1277 3260 1337 3307 nec
1360 3256 1486 3307 tantum

312 3350 422 3416 verbis
441 3350 567 3415 animos
585 3350 788 3431 alienarunt,
811 3352 867 3417 sed
887 3352 1048 3434 pretium,
1073 3372 1139 3435 quo
1159 3350 1239 3417 istae
1260 3352 1355 3417 etiam
1375 3367 1488 3437 gentes

314 3476 592 3545 corrumpuntur,
615 3462 656 3529 ad
667 3462 951 3529 centumflorenos
963 3479 1145 3545 posuerunt
1156 3464 1233 3545 his,
1251 3462 1309 3547 qui
1321 3464 1486 3530 hominem

312 3572 470 3639 Batavum
489 3572 688 3640 necuissent.
735 3573 850 3640 Artem
871 3573 966 3640 etiam
987 3574 1189 3656 docuerunt,
1209 3594 1273 3659 qua
1295 3594 1409 3639 aurum
1433 3574 1487 3659 (id

314 3682 400 3749 enim
430 3682 501 3750 istis
532 3704 571 3750 ex
603 3684 685 3751 locis
715 3686 859 3770 petitur)
888 3686 1118 3753 adulterarent.
1168 3686 1322 3769 Cumque
1352 3685 1486 3753 Simone

314 3794 401 3879 TaJo
424 3795 508 3861 duce
530 3797 571 3861 ad
588 3798 850 3882 promontorium
871 3797 1039 3880 Cortum,
1063 3798 1153 3881 quod
1173 3798 1281 3864 eadem
1301 3797 1335 3863 in
1354 3796 1488 3883 regione

314 3921 384 3989 est,
407 3906 638 3991 navigaretur,
661 3910 798 3993 vulgato
816 3928 946 3976 rumore
965 3912 1114 3994 regulum
1135 3908 1207 3992 ejus
1225 3910 1339 3993 plagae
1357 3908 1489 3976 venisse

314 4032 353 4083 ut
372 4036 487 4085 navem
511 4018 711 4101 inspiceret,
735 4018 817 4086 alios
837 4020 1116 4100 subornaverant,
1140 4020 1198 4101 qui
1220 4019 1360 4087 Batavos
1370 4022 1489 4103 scapha

311 4142 488 4211 provectos
516 4127 648 4213 longius
679 4130 954 4197 circumvenirent
984 4130 1289 4213 interficerentque:
1333 4132 1425 4214 quod
1456 4145 1490 4196 et

313 4239 437 4306 factum
456 4255 517 4307 est.
541 4239 697 4323 Idemque
716 4240 907 4309 hominibus
926 4242 1064 4325 Delphis
1086 4242 1119 4308 in
1141 4262 1209 4307 eam
1222 4261 1310 4307 oram
1324 4242 1489 4326 pervectis

314 4350 453 4432 accidit,
485 4368 572 4418 emto
595 4352 636 4417 ad
657 4352 876 4435 proditionem
910 4352 1112 4438 negotiatore
1136 4351 1241 4435 Afro,
1270 4351 1325 4419 cui
1347 4352 1489 4419 Voticae

314 4482 431 4529 nomen
472 4478 504 4531 et
532 4464 690 4532 nonnulla
719 4465 806 4547 apud
836 4464 977 4532 Batavos
1006 4464 1182 4533 auctoritas
1203 4462 1367 4549 frequenti
1399 4483 1488 4531 com·
