3450 5434
497 643 544 689 nso
567 643 661 709 jusso
686 643 876 690 pascnan.
901 645 984 690 csso.
1009 644 1076 692 κη.
1315 647 1377 709 239

201 810 333 863 estant
357 816 423 861 esse
435 809 545 882 potest
564 798 707 862 humano
725 802 866 883 generi,
885 812 1129 885 praeterquam
1151 798 1264 885 quoad
1283 822 1376 867 usum

201 928 412 972 communem.
458 907 644 973 Praeterea
676 906 817 993 dejure
837 910 997 975 naturali
1024 924 1056 975 et
1087 908 1200 975 diuino
1222 923 1269 974 cst
1290 910 1381 977 illud

196 1032 438 1103 praeceptum,
463 1033 501 1082 ut
525 1019 614 1103 quod
634 1019 700 1084 tibi
721 1040 785 1083 non
816 1024 891 1100 tis,
916 1020 1021 1085 alteri
1044 1040 1109 1085 non
1126 1020 1268 1104 facias:
1293 1022 1379 1089 unde

200 1150 276 1193 cum
298 1131 473 1215 nauigatio
495 1132 619 1193 nemini
634 1132 741 1213 possit
760 1150 825 1194 esse
843 1133 986 1210 nociva,
1007 1134 1073 1195 nisi
1093 1134 1158 1216 ipsi
1176 1125 1377 1218 naviganti,

196 1254 269 1326 par
299 1254 347 1305 est
380 1254 418 1304 at
451 1261 474 1304 a
506 1242 634 1305 nemine
659 1243 766 1325 possit
796 1254 858 1305 aut
881 1240 996 1306 debeat
1020 1241 1200 1329 impediri,
1225 1263 1264 1308 ne
1282 1247 1318 1308 in
1342 1265 1379 1310 rc

202 1354 256 1416 sui
287 1363 417 1416 natura
449 1349 557 1415 libera
586 1350 714 1435 sibique
735 1353 869 1416 minime
892 1354 995 1416 noxia
1018 1356 1254 1440 nauigantium
1278 1354 1378 1419 liber·

202 1475 307 1527 tatem
327 1460 487 1546 impediat
505 1474 537 1525 et
558 1459 674 1526 laedat
696 1475 816 1526 contra
835 1461 961 1527 dictum
973 1478 1189 1550 praeceptum
1210 1478 1242 1529 et
1257 1479 1378 1531 contra

203 1572 356 1658 regulam
369 1576 399 1651 ¹,
411 1576 615 1659 praesertim
632 1594 706 1638 cum
726 1576 837 1637 omnia
854 1574 1099 1662 intelligantur
1116 1596 1181 1641 cssc
1193 1580 1376 1662 permissa,

202 1703 289 1767 quae
312 1702 376 1748 non
405 1686 627 1771 reperiuntur
655 1687 835 1770 expressim
853 1686 1030 1768 prohibita
1050 1685 1073 1753 ².
1130 1682 1284 1769 Quinimo
1314 1709 1378 1751 non

202 1794 307 1858 solnm
330 1807 450 1859 contra
464 1795 525 1879 jus
555 1794 718 1860 naturale
740 1808 844 1877 esset,
868 1794 952 1863 uelle
972 1794 1133 1882 impedire
1160 1797 1260 1863 talem
1282 1803 1379 1866 nasi-

198 1907 369 1991 gationem
383 1917 570 1990 praetentu
580 1909 884 1992 praescriptionis,
908 1928 980 1971 cum
993 1906 1186 1994 impedienti
1197 1909 1235 1975 id
1245 1914 1378 1975 minime

196 2020 308 2101 prosit
318 2028 349 2080 et
358 2014 513 2101 impedito
524 2029 661 2095 noceat,
684 2015 743 2082 sed
751 2021 853 2081 ctiam
866 2030 1017 2083 tenemur
1027 2020 1240 2083 contrarium
1246 2016 1376 2101 facere,

202 2129 262 2191 lsoc
284 2139 332 2191 est
348 2126 503 2212 prodesse
533 2130 600 2206 iis,
625 2127 744 2211 quibus
769 2142 965 2214 possamus,
988 2150 1061 2194 cum
1093 2128 1132 2195 id
1159 2132 1229 2193 sinc
1257 2127 1377 2193 damno

203 2250 316 2302 nostro
330 2235 411 2320 fieri
423 2250 543 2324 potest.
566 2238 670 2324 Quod
690 2258 765 2304 cum
782 2239 896 2304 multis
915 2239 1165 2307 auctoritatibus
1178 2255 1242 2304 tam
1255 2238 1377 2305 divinis

203 2368 301 2431 quam
323 2348 476 2415 humanis
494 2347 738 2432 confirmasset,
757 2350 931 2435 subjungit
953 2365 1080 2434 postea:
1116 2350 1175 2417 Ea
1195 2354 1377 2437 superiori·

202 2460 262 2525 bus
284 2463 386 2526 etiam
408 2473 552 2546 apparet
570 2473 753 2545 suspectam
773 2481 838 2527 esse
847 2466 1047 2527 sententiam
1064 2462 1233 2550 Jolsannis
1247 2462 1376 2539 Fabri,

202 2568 351 2658 Angeli,
383 2571 487 2639 Balbi
518 2584 550 2636 ct
583 2572 761 2638 Francisci
791 2572 912 2653 Balbi,
945 2594 1025 2658 quos
1046 2588 1151 2659 supra
1175 2572 1376 2652 retulimus,

203 2686 473 2749 existimantium
498 2684 570 2748 loca
582 2684 678 2769 juris
694 2686 845 2769 gentium
857 2687 1065 2764 communia,
1086 2687 1148 2749 etsi
1161 2687 1298 2769 acquiri
1313 2703 1376 2748 non

197 2808 337 2882 possunt
364 2796 655 2881 praescriptione,
681 2808 774 2879 posse
805 2807 917 2859 tamen
949 2797 1086 2879 acquiri
1118 2792 1377 2872 consuetudine,

202 2904 292 2991 quod
320 2909 449 2970 omnino
474 2904 607 2989 falsum
631 2918 679 2969 cst
701 2924 804 2990 eaque
826 2904 971 2971 traditio
998 2926 1097 2971 caeca
1120 2919 1152 2993 ct
1182 2903 1300 2969 nubila
1329 2916 1376 2969 est

202 3020 354 3102 omnique
385 3018 532 3081 rationis
564 3015 689 3081 lumine
712 3036 855 3096 carens,
879 3016 1045 3103 lcgemquc
1066 3016 1175 3085 serbis
1196 3036 1259 3079 non
1281 3014 1376 3079 rebus

201 3129 368 3211 imponens
390 3127 416 3194 ⁸.
462 3126 505 3191 In
534 3124 691 3211 exemplis
723 3130 808 3193 enim
830 3126 870 3193 de
892 3130 984 3192 mari
1005 3127 1253 3216 Hispanorum,
1276 3124 1378 3189 Lusi·

202 3251 385 3321 tenorum,
409 3237 634 3318 Venetorum,
659 3236 908 3319 Genuensium,
931 3237 1137 3325 reliquorum
1157 3252 1288 3305 constat
1302 3259 1377 3305 con-

202 3348 377 3415 suetudine
398 3350 459 3435 jus
491 3348 562 3415 tale
591 3347 778 3436 navigandi
810 3363 841 3415 et
874 3350 958 3415 alios
991 3353 1156 3437 nauigare
1177 3350 1378 3437 prohibendi

202 3481 267 3525 non
287 3464 394 3548 magis
412 3463 571 3545 acquiri,
584 3481 684 3545 quam
701 3464 978 3547 praescriptione.
1004 3462 1155 3548 Utroque
1173 3464 1257 3527 anim
1277 3483 1376 3544 casu,

203 3585 242 3635 ut
256 3584 378 3656 patet,
397 3587 469 3657 par
485 3586 533 3637 est
554 3576 646 3637 ratio
667 3568 703 3654 ⁴,
723 3586 755 3637 et
774 3577 856 3658 quia
869 3587 934 3659 per
943 3574 1033 3659 jara
1054 3586 1087 3638 et
1106 3576 1253 3639 rationes
1272 3588 1376 3658 supra

202 3682 332 3749 relatas
363 3681 402 3749 id
431 3697 510 3749 esset
542 3697 663 3749 contra
695 3683 890 3749 naturalem
922 3687 1156 3769 aequitatem,
1190 3704 1246 3749 nec
1270 3684 1375 3750 ullam

202 3850 399 3863 -ψ

236 3938 245 3971 ¹
263 3940 281 3987 l.
298 3938 402 3988 libertus
421 3938 447 3988 ff.
462 3941 494 3988 de
512 3950 578 3988 ststu
596 3944 665 3991 hom.
682 3943 727 4004 [D.
747 3956 768 3989 1.
788 3954 811 3997 5.
829 3940 867 4005 4.]
886 3944 907 3999 5.
927 3940 1040 3990 libertos.
1057 3940 1118 3989 Inst.
1135 3943 1167 3990 de
1184 3938 1241 3998 iure
1258 3954 1325 4003 pers.
1344 3942 1377 4003 [1.

204 4043 227 4079 1.
245 4042 269 4089 3.
287 4031 309 4091 5.
329 4030 365 4095 1.]
384 4032 402 4079 1.
425 4044 448 4080 1.
464 4043 489 4079 et
507 4045 531 4080 α.
548 4032 575 4083 ff.
590 4035 624 4083 de
639 4035 709 4081 hom.
726 4032 773 4080 lib.
790 4032 946 4081 exhibendo.
974 4030 1018 4095 [D.
1044 4043 1086 4093 43.
1112 4030 1165 4095 29.]
1193 4033 1210 4079 1.
1237 4044 1258 4080 1.
1274 4036 1296 4090 5.
1312 4046 1377 4092 quae

202 4123 353 4170 onerandne.
379 4120 404 4170 ff.
430 4135 501 4183 quor.
525 4136 574 4171 ser.
590 4124 661 4173 actio
680 4137 732 4172 non
748 4125 830 4172 detur.
850 4122 897 4186 [D.
914 4137 956 4185 44.
977 4136 999 4178 5.
1021 4136 1042 4171 1.
1060 4126 1082 4181 5.
1101 4122 1138 4184 s].
1155 4124 1172 4171 l.
1186 4121 1208 4171 si
1227 4124 1337 4182 quondo.
1355 4126 1377 4181 5.

201 4211 267 4260 illud
283 4212 357 4260 verb.
375 4212 560 4273 astringendos.
578 4216 608 4262 C.
626 4216 658 4263 de
675 4213 770 4263 inoffic.
788 4226 846 4262 test.
866 4212 911 4276 [C.
931 4227 954 4271 3.
973 4216 1013 4262 αθ.
1031 4226 1070 4271 35.
1089 4216 1111 4271 5.
1133 4212 1167 4275 1.]
1203 4209 1248 4260 ¹1.
1264 4226 1312 4261 nec
1325 4226 1377 4261 non

201 4306 224 4361 5.
246 4304 317 4363 quod
341 4302 406 4361 ejus.
428 4302 456 4352 ff.
479 4317 513 4353 ex
539 4303 610 4364 quib.
633 4318 701 4354 caus.
724 4302 814 4362 major.
839 4305 884 4366 [D.
910 4320 935 4367 4.
957 4306 981 4353 ό.
999 4308 1039 4353 αθ.
1057 4305 1078 4366 §.
1095 4305 1131 4367 ι]
1150 4307 1168 4352 1.
1186 4316 1278 4353 statum
1296 4306 1326 4352 C.
1345 4305 1377 4352 de

202 4393 340 4453 religiosis.
366 4394 410 4455 [C.
435 4406 459 4451 ³·
483 4406 525 4454 44.
550 4395 587 4457 7.]
622 4393 634 4427 ⁸
659 4407 749 4445 contro
768 4399 786 4444 1.
805 4410 829 4444 a.
848 4410 906 4445 cum
922 4395 1040 4457 vulgatis.
1059 4396 1088 4443 C.
1106 4409 1198 4445 comm.
1216 4397 1247 4444 de
1266 4398 1314 4455 leg.
1334 4396 1377 4458 [C.

202 4484 227 4531 6.
246 4484 300 4544 44.]
336 4484 347 4515 ⁴
365 4496 455 4532 contro
474 4487 490 4531 Ι.
509 4483 582 4534 illud.
600 4486 625 4534 ff.
641 4489 673 4536 ad
691 4489 707 4535 1.
727 4486 813 4547 Aquil.
837 4485 881 4549 [D.
900 4500 924 4547 9.
943 4500 966 4535 a.
986 4484 1039 4549 sm]
