3450 5434
370 575 431 636 288
669 590 715 636 nn
738 593 832 657 June
858 592 1042 640 anaante.
1067 593 1146 640 cna.
1171 594 1251 640 xus.

371 742 497 808 ditione
526 747 614 829 regis
645 748 705 828 qui
737 767 823 809 nunc
853 761 899 810 est
936 747 1182 840 Hispaniarum
1216 762 1272 814 aut
1305 747 1545 830 archiducum,

372 868 453 918 terra
467 868 523 918 aut
535 873 641 936 aqua,
665 855 787 921 directe
799 871 856 920 aut
867 877 925 939 per
936 847 1116 939 circuitus,
1137 860 1359 942 qualicunque
1371 875 1547 943 praetextu
1714 869 1715 956 l

372 981 429 1029 aut
461 967 569 1029 colore
602 967 741 1046 vehere,
775 965 880 1049 ferre,
913 982 1130 1051 transportare
1164 991 1263 1038 naues
1298 985 1359 1034 aut
1395 992 1446 1035 res
1482 985 1546 1036 aut
1714 965 1715 970 ’

371 1079 584 1139 mercimonia
608 1074 704 1158 alla,
730 1078 792 1142 sub
814 1098 917 1160 paena
939 1085 1125 1145 amissionis
1148 1080 1331 1147 eorumdem
1354 1081 1497 1163 aliisque
1510 1082 1544 1146 in

372 1185 480 1251 edicto
516 1187 687 1268 expressis.
736 1188 860 1270 Jubent
898 1190 1032 1273 insuper
1071 1205 1236 1255 curatores
1275 1191 1322 1257 rei
1364 1193 1544 1257 maritimae

371 1296 565 1380 (collegium
596 1298 820 1365 Admiralatus
843 1300 1010 1384 dicitur),
1034 1321 1175 1383 quorum
1199 1302 1360 1366 ordinaria
1381 1301 1414 1367 in
1435 1303 1546 1369 causis

371 1407 532 1491 ejusmodi
563 1408 656 1473 notio
687 1424 760 1489 est,
790 1410 830 1474 de
858 1410 957 1476 rebus
991 1412 1031 1476 ad
1056 1413 1165 1478 hostes
1187 1411 1358 1480 destinatis
1382 1413 1544 1496 intercep-

212 1529 278 1574 Data
292 1528 314 1573 al
323 1543 357 1574 12·
369 1519 478 1601 risque
510 1539 549 1584 ex
580 1520 788 1603 praescriptis
821 1521 917 1604 istius
952 1523 1052 1588 edicti
1090 1523 1241 1608 judicari.
1300 1523 1389 1589 Huic
1430 1525 1543 1590 edicto

212 1598 240 1626 m.
256 1585 317 1643 Sept.
334 1598 357 1627 a.

212 1642 355 1788 3337!
370 1631 525 1697 convenit
548 1632 734 1696 eorumdem
756 1632 920 1698 Ordinum
941 1633 1165 1716 interpretatio
1185 1635 1227 1701 ad
1245 1635 1423 1717 diplomata
1446 1635 1544 1701 liberi

211 1744 282 1788 ertit·
314 1749 338 1789 V·
352 1723 358 1735 ’
370 1757 569 1808 commeatus
589 1742 801 1809 Lusitanicae
827 1743 952 1809 nationi
971 1765 1136 1812 concessa.
1182 1745 1277 1832 Quae
1296 1765 1371 1811 cum
1390 1747 1543 1812 nonnulli

370 1869 483 1918 contra
502 1855 694 1921 sententiam
716 1855 749 1919 in
762 1873 827 1920 non
839 1856 997 1937 permissa
1006 1857 1250 1939 producerent,
1274 1847 1319 1922 ita
1330 1857 1543 1940 intelligenda

370 1964 433 2047 ipsi
463 1966 698 2047 decreverunt,
736 1981 774 2031 ut
794 1967 964 2032 Lusitanis
995 1988 1174 2049 eorumque
1194 1968 1293 2034 rebus
1314 1968 1347 2032 in
1373 1966 1543 2032 foederato

369 2075 482 2158 Belgio
511 2077 647 2158 repertis
677 2092 747 2142 tuta
768 2093 875 2144 essent
894 2078 1002 2143 omitia
1026 2077 1089 2143 fide
1108 2077 1265 2160 publica,
1287 2097 1349 2145 nec
1369 2078 1478 2143 minus
1501 2079 1543 2142 iis

368 2186 489 2266 rebus,
514 2206 595 2268 quas
618 2186 723 2253 eidem
736 2187 906 2268 Lusitani,
926 2209 964 2254 ex
977 2188 1090 2274 Belgio
1103 2190 1280 2270 duntaxat,
1302 2189 1335 2254 in
1347 2187 1539 2254 aliasterras

368 2295 646 2378 transmitterent,
669 2300 838 2380 impetrata
861 2299 1017 2382 singulari
1040 2299 1281 2382 permissione,
1307 2314 1345 2364 ut
1360 2319 1430 2364 mos
1444 2299 1542 2363 habet

368 2409 557 2490 Belgarum,
581 2409 755 2475 Caeterum
775 2410 845 2476 sive
869 2409 1021 2476 Lusitani
1044 2432 1084 2475 cst
1108 2411 1186 2475 locis
1210 2410 1385 2475 hostilibus
1407 2409 1541 2474 inlotos

368 2519 523 2601 hostiles,
556 2534 595 2584 ut
624 2540 663 2584 ex
685 2520 792 2586 insula
815 2521 926 2586 Sancti
950 2521 1100 2586 Thomas
1123 2536 1180 2586 aut
1203 2520 1340 2587 Brasilia
1363 2520 1540 2604 Ulyssipo-

368 2649 465 2709 nem,
497 2645 554 2694 aut
584 2629 787 2714 Ulyssipone
810 2631 844 2696 in
866 2632 1035 2697 Brasiliam
1059 2632 1251 2697 Thomaeve
1271 2632 1437 2710 insulam,
1469 2631 1541 2696 sive

368 2763 408 2805 cx
438 2741 517 2805 locis
546 2741 720 2805 hostilibus
749 2746 786 2805 in
818 2742 901 2806 locos
934 2764 997 2806 non
1028 2742 1184 2822 hostiles,
1216 2747 1285 2810 sinc
1305 2764 1347 2807 ex
1372 2742 1452 2806 locis
1477 2763 1541 2804 non

367 2852 541 2916 hostilibus
563 2855 600 2915 in
623 2852 706 2916 locos
728 2853 859 2917 hostiles
891 2852 1082 2952 commercia
1105 2867 1292 2936 mutarent,
1316 2853 1542 2935 deprehensos

369 2964 401 3028 in
425 2962 496 3028 istis
521 2963 723 3029 commerciis
743 2963 916 3044 homines,
946 2957 1045 3029 n'aves
1068 2984 1161 3030 resve
1182 2963 1417 3030 Lusitanorum
1450 2964 1542 3028 nulla

368 3094 407 3138 ex
439 3073 502 3138 fide
522 3075 654 3156 publica
674 3075 849 3139 securitate
867 3072 1061 3155 fracturos,
1085 3074 1142 3140 sed
1164 3088 1221 3138 aut
1242 3094 1258 3138 a
1280 3073 1426 3156 publicis
1449 3073 1544 3138 navi·

369 3187 430 3251 bus
457 3200 514 3251 aut
538 3187 580 3250 ab
602 3185 681 3250 aliis
701 3186 809 3252 victos
830 3191 866 3250 in
882 3186 1014 3272 praeda
1026 3186 1118 3270 fora.
1164 3187 1312 3268 Apparet
1333 3186 1410 3250 hinc
1432 3203 1541 3249 carac-

368 3316 436 3361 cam
457 3316 647 3377 mercesque
667 3297 701 3361 in
719 3318 753 3362 ea
773 3299 846 3380 jure
866 3295 986 3378 triplici
1008 3295 1211 3379 capientibus
1233 3296 1380 3362 cessisse.
1405 3295 1540 3375 Prima,

368 3407 446 3487 quia
478 3407 714 3472 Lusitanorum
750 3423 862 3488 erant,
888 3407 1094 3473 subditorum
1126 3407 1211 3491 regis
1244 3406 1435 3489 Hispaniae.
1483 3407 1545 3470 Sc-

368 3519 499 3599 cundo‚
532 3518 610 3600 quia
638 3519 815 3584 Macaiinte
844 3519 1044 3598 veniebant,
1068 3537 1152 3599 quae
1182 3516 1311 3582 colonia
1334 3531 1384 3581 est
1406 3515 1542 3580 Lusita-

366 3651 483 3696 norum
502 3645 535 3695 et
556 3650 592 3695 ea
611 3630 736 3695 ratione
759 3630 890 3696 hostilis
909 3629 1022 3694 haberi
1044 3627 1150 3694 debet.
1175 3627 1312 3705 Tertio,
1336 3627 1415 3708 quia
1436 3625 1540 3710 Ulys-

367 3743 514 3825 siponem
547 3742 782 3821 mittebantur,
819 3742 929 3804 urbem
959 3740 1160 3804 Lusitaniae.
1206 3739 1300 3826 Quae
1324 3753 1434 3804 autem
1459 3739 1539 3805 huic

368 3873 491 3919 annexa
521 3868 569 3918 est
598 3852 781 3935 inspectio,
813 3865 922 3916 utrum
946 3850 1073 3915 scilicet
1094 3850 1141 3929 ii,
1165 3851 1224 3932 qui
1255 3865 1411 3932 ceperunt
1432 3870 1541 3916 carac-

369 3985 460 4040 cam,
484 3964 668 4029 mandatum
681 3963 714 4026 id
726 3960 864 4026 faciendi
878 3961 1074 4041 habuerint,
1089 3980 1290 4043 supervacua
1303 3959 1407 4026 videri
1421 3977 1541 4043 potest.

370 4076 476 4140 Omne
511 4074 594 4139 enim
627 4072 751 4138 subditi
781 4072 814 4137 in
847 4072 933 4136 bello
955 4071 1098 4137 olltcium
1120 4086 1176 4136 aut
1196 4072 1323 4137 hostem
1343 4085 1401 4136 aut
1424 4071 1544 4155 magis-

370 4201 489 4251 tratum
510 4183 655 4266 respicit.
702 4185 756 4247 An
776 4182 961 4247 mandatum
984 4181 1104 4260 fucrit,
1129 4183 1169 4246 ad
1191 4182 1317 4246 hostem
1341 4183 1436 4262 plane
1459 4181 1544 4246 nihil

369 4297 535 4381 pertinet,
569 4295 622 4359 cui
653 4294 732 4358 satis
764 4313 833 4359 esse
873 4293 969 4358 debet
1004 4312 1132 4358 causam
1167 4290 1309 4358 adfuisse
1341 4290 1543 4356 offendendi.

371 4409 484 4487 Atque
507 4406 552 4469 ita
580 4425 654 4469 cum
678 4403 827 4469 Lusitani
849 4403 978 4468 Batavis
1001 4403 1145 4470 hostium
1169 4405 1243 4467 loco
1266 4402 1333 4470 sint
1355 4417 1389 4468 et
1410 4401 1544 4484 spoliari
