3450 5434
489 645 535 690 DE
559 645 653 711 JURE
678 646 863 693 PRAEDAE·
889 647 968 693 CAP.
992 645 1048 692 111.
1313 641 1354 706 37

177 798 328 878 riuntur,
353 813 390 865 ut
416 817 488 864 cum
519 798 684 865 societatis
702 800 873 867 commoda
890 799 985 866 nobis
1004 813 1208 865 ostentantur
1230 803 1263 878 ¹,
1286 796 1353 880 pri-

177 907 305 974 mordia
325 909 537 994 intelligimus
554 910 750 994 reipublicae
770 926 802 976 et
823 911 1070 995 magistratuum
1087 908 1353 987 sanctimoniam,

178 1039 251 1086 cum
273 1040 332 1086 eos
356 1042 373 1085 a
393 1021 468 1087 Deo
490 1041 558 1088 esse
582 1022 691 1088 verbis
713 1022 843 1088 minime
861 1021 1022 1106 ambiguis
1047 1020 1169 1086 Paulus
1186 1020 1353 1084 ¹affirmat.

179 1130 266 1196 Hinc
284 1133 392 1216 legum
421 1131 567 1198 civilium
590 1133 662 1214 vis,
698 1133 773 1199 hinc
798 1132 968 1218 judicandi
990 1148 1156 1216 potestas,
1189 1151 1273 1214 quac
1301 1131 1353 1195 vel

179 1242 251 1326 ipso
278 1243 358 1327 Jesu
388 1259 518 1309 auctore
547 1245 716 1322 'caelitus
744 1245 849 1310 datur.
897 1244 985 1310 Hinc
1013 1244 1136 1310 Divina
1168 1240 1354 1326 Sapientia,

178 1355 273 1438 cujus
303 1358 432 1439 ἀπόρρωξ
460 1370 492 1419 et
517 1357 608 1422 velut
626 1375 770 1441 propago
801 1371 850 1422 est
876 1355 931 1422 illa
957 1370 1068 1422 nostra
1095 1354 1355 1438 qualiscunque,

178 1465 225 1530 sic
245 1467 383 1547 loquens
404 1465 590 1533 inducitur:
614 1467 707 1532 Mihi
724 1467 896 1533 consilium
918 1466 1076 1547 debetur,
1100 1467 1182 1530 mihi
1198 1466 1354 1552 officium:
1450 1436 1460 1455 ²

180 1601 250 1644 mea
268 1578 454 1666 prudentia
476 1594 523 1644 est
544 1593 576 1644 et
594 1600 666 1643 mea
675 1577 859 1663 fortitudo.
891 1577 958 1641 Per
977 1598 1025 1641 ate
1043 1590 1074 1640 et
1095 1581 1159 1662 ipsi
1175 1596 1264 1662 reges
1282 1596 1355 1661 reg-

182 1705 265 1756 nant
293 1704 322 1755 et
351 1689 531 1756 dictatores
548 1691 638 1775 jura
667 1688 868 1755 describunt.
913 1689 982 1753 Per
1005 1709 1053 1752 me
1073 1691 1240 1773 imperant
1257 1689 1356 1771 irnpe-

181 1815 311 1867 ratares
337 1815 368 1866 et
399 1805 568 1887 principes
593 1814 721 1865 terram
749 1798 939 1885 dijudicaret
962 1798 990 1880 f.
1035 1800 1107 1864 Isto
1131 1812 1237 1863 autem
1263 1795 1357 1861 Pauli

181 1911 297 1977 dicto⁶
318 1911 399 1994 quid
426 1927 474 1978 est
499 1910 687 1978 illustrius?
736 1910 849 1976 Omnis
876 1915 990 1976 anima
1010 1911 1231 1997 potestatibus
1251 1908 1356 1973 excel·

182 2023 323 2088 lentibus
352 2022 486 2089 subdita
512 2036 601 2088 esto:
636 2044 738 2107 neque
772 2026 855 2086 enias
879 2036 1026 2107 potestas
1042 2023 1131 2091 ,ulla
1156 2024 1222 2085 rtisi
1247 2041 1269 2083 a
1286 2019 1356 2083 Deo

181 2148 228 2199 est
252 2147 283 2200 et
303 2147 461 2219 quotquot
478 2147 555 2199 suat
569 2147 772 2220 potestates,
792 2155 813 2197 a
835 2132 906 2198 Dea
924 2147 1001 2198 sunt
1023 2133 1211 2198 ordinatae.
1260 2131 1357 2203 Quis-

182 2250 256 2332 quis
289 2248 399 2331 igitur
421 2249 583 2331 potestati
611 2249 761 2324 resistit,
792 2244 858 2310 Dei
890 2243 1097 2310 ordinationi
1124 2247 1275 2309 resistit:
1300 2246 1358 2328 qui

184 2370 295 2422 autem
315 2361 502 2437 resistunt,
528 2360 592 2443 ipsi
610 2356 672 2420 sibi
690 2355 935 2421 damnationem
953 2360 1146 2440 acquirunt.
1172 2353 1266 2418 Nam
1287 2375 1357 2417 ma·

182 2472 352 2555 gistratus
373 2489 435 2533 nort
450 2482 527 2532 suut
547 2471 675 2532 terrori
694 2467 783 2531 bortis
802 2468 950 2552 operibus
967 2467 1024 2532 sed
1042 2467 1151 2531 malis.
1177 2465 1236 2531 Vis
1247 2479 1357 2531 autem

184 2600 247 2644 aare
277 2592 421 2644 metuere
450 2579 675 2664 potestatem?
722 2579 846 2644 Bonum
871 2579 982 2664 facito
1008 2592 1038 2643 et
1067 2577 1197 2642 laudem
1218 2577 1259 2641 ab
1284 2580 1356 2662 ipsa

181 2694 395 2775 consequeris.
444 2691 507 2755 Est
537 2693 621 2754 enim
648 2689 714 2754 Dei
742 2693 895 2754 minister
924 2704 980 2753 tuo
1008 2690 1099 2754 bono.
1146 2689 1206 2752 Sin
1232 2687 1356 2752 malum

176 2801 322 2886 feceris,
347 2813 459 2864 metue.
494 2801 612 2885 Neque
629 2804 712 2866 euim
725 2801 869 2886 frustra
881 2799 1035 2887 gladium
1050 2803 1152 2885 gerit.
1184 2798 1250 2861 Dei
1272 2800 1356 2862 enim

184 2916 336 2978 minister
363 2925 409 2976 est
438 2925 467 2976 et
497 2911 664 2978 uindictae
692 2924 862 2976 exsecutor
897 2911 991 2992 illis,
1015 2913 1074 2996 qui
1089 2908 1230 2993 faciunt
1254 2906 1355 2972 mala.

187 3020 300 3106 Quare
324 3044 445 3088 necesse
472 3037 518 3087 est
545 3023 663 3108 subjici
687 3045 743 3088 nee
762 3037 904 3109 propter
922 3022 1107 3090 uindictam
1126 3032 1280 3097 tantum,
1303 3017 1360 3083 sed

185 3133 240 3201 tel
266 3139 411 3199 maxime
433 3147 574 3219 propter
605 3139 846 3201 conscientiam.
894 3134 997 3218 Apud
1023 3151 1161 3211 omnes,
1191 3142 1358 3213 quotquot

185 3244 308 3327 ubique
328 3259 405 3310 sunt
423 3243 632 3328 philosophi,
653 3248 746 3311 locus
766 3265 832 3311 non
853 3260 959 3312 exstat
970 3247 1010 3311 de
1026 3245 1099 3330 jure
1111 3242 1357 3328 magistratuum

184 3356 388 3439 praeclarior.
413 3357 590 3421 Auctorem
610 3357 765 3438 quaeris?
787 3358 899 3423 Habes
918 3359 1039 3424 Deum.
1065 3355 1205 3422 Finem?
1231 3354 1356 3418 Bonum

185 3483 234 3533 est
251 3483 358 3536 tuum.
406 3468 492 3534 Cum
513 3483 619 3534 autem
638 3471 712 3535 vult
731 3469 823 3535 Deus
844 3484 1079 3535 sacrosanctam
1100 3487 1170 3534 esse
1189 3464 1358 3550 magistra·

184 3593 277 3644 tuum
295 3579 541 3661 auctoritatem,
566 3599 673 3646 nonne
704 3579 799 3646 etiam
819 3601 904 3646 anna
924 3580 1062 3664 probat,
1086 3578 1209 3661 quibus
1232 3577 1287 3642 illa
1310 3575 1358 3640 in-

184 3689 311 3756 terdum
339 3689 540 3756 defendenda
570 3691 642 3756 est?
689 3693 743 3756 An
771 3693 928 3758 adversus
955 3691 1092 3756 inermes
1118 3708 1191 3754 reos
1215 3687 1360 3772 porriget

185 3799 251 3866 illis
280 3801 373 3867 Deus
406 3803 543 3869 ultorem
574 3803 738 3888 gladium,
772 3804 928 3870 adversus
960 3817 1100 3867 armatos
1131 3800 1286 3886 negabit,
1323 3814 1360 3864 ut

185 3914 292 3978 locum
330 3913 448 3978 habeat
481 3913 562 3980 illud
592 3914 698 3980 omnis
729 3914 859 3980 sceleris
891 3913 1163 3993 invitamentum,
1195 3910 1362 3998 quidquid

186 4023 300 4089 multis
323 4038 485 4109 peccatur
512 4025 657 4090 inultum
682 4040 728 4090 est
756 4027 798 4090 ⁶?
846 4025 1079 4108 Nequaquam.
1125 4024 1204 4088 Non
1240 4023 1360 4088 debent

186 4132 271 4200 enim
300 4135 470 4201 deterioris
497 4136 697 4203 conditionis
727 4155 797 4202 esse
826 4136 884 4219 qui
914 4136 976 4203 soli
1001 4150 1157 4220 peccant,
1182 4153 1279 4216 quam
1302 4131 1361 4214 qui

188 4337 380 4349 ——-......

222 4455 360 4518 ¹Eccl.4
385 4473 409 4521 9.
443 4454 547 4506 'Rom
568 4471 606 4516 rs.
627 4472 648 4506 r.
681 4456 885 4522 ³J0h.19.11.
919 4458 1023 4506 ⁴Prov.
1042 4459 1065 4504 8.
1085 4469 1123 4517 14·
1141 4465 1166 4502 et
1183 4467 1221 4514 eq.
1254 4453 1360 4502 ⁵Rom.

190 4561 229 4605 13.
249 4561 269 4596 ι.
288 4561 312 4598 er
331 4562 369 4610 sq.
402 4549 523 4599 ⁶Lucan.
543 4551 639 4612 [Phara.
657 4553 674 4598 l.
693 4563 716 4607 ⁵·
735 4564 771 4600 vs.
790 4551 859 4613 260.]
