3450 5434
504 626 550 671 DE
573 626 667 692 June
693 625 879 673 Pannona.
905 626 984 673 cnl’.
1008 628 1060 675 x1.
1305 635 1364 680 201

197 784 282 849 iuter
302 782 439 864 impares
463 794 531 845 arte
554 795 586 845 et
608 777 736 846 viribus
760 794 860 845 totam
884 800 942 863 per
964 779 1049 847 diem
1072 781 1142 864 peri
1166 784 1276 849 Marte
1299 804 1368 851 cer-

196 909 298 960 tatum
341 906 402 958 est.
466 891 585 957 Mense
616 905 692 974 post
724 891 957 957 comitantibus
991 892 1110 959 iterum
1145 894 1275 960 Batavis
1309 918 1367 963 rex

195 1005 358 1071 Tematte
401 1001 512 1086 prodit
551 1017 863 1085 praetervectosque
898 1002 1050 1068 Tidorim
1085 1004 1248 1085 insulam,
1292 1028 1366 1073 cum

195 1114 383 1198 quindecim
425 1112 661 1179 Lusitanorum
707 1116 882 1179 caracollae
930 1130 1161 1196 occurrerent,
1212 1116 1366 1184 immotus

194 1225 390 1310 compressis
410 1225 484 1290 telis
507 1223 612 1303 sedit,
635 1239 827 1308 exspectans
845 1225 951 1291 donec
971 1225 1076 1293 hostis
1094 1226 1184 1309 prior
1203 1228 1367 1311 auspicata

194 1339 291 1405 caede
313 1338 347 1401 in
370 1356 405 1401 se
427 1335 491 1401 Dei
515 1334 752 1417 hominumque
772 1336 948 1402 vindictam
969 1336 1157 1403 concitaret.
1181 1338 1231 1404 lbi
1249 1341 1367 1422 plenus

194 1450 377 1517 animorum
401 1462 433 1511 et
452 1448 560 1531 justae
594 1445 730 1512 ultionis
763 1445 927 1532 insurgit,
962 1461 1123 1531 captaque
1145 1449 1279 1516 navium
1303 1472 1368 1517 una

195 1561 304 1627 victor
326 1559 360 1623 in
382 1576 518 1642 regnum
541 1556 638 1623 redit.
685 1556 837 1623 Maciana
855 1558 985 1624 interim
1005 1558 1050 1623 ita
1070 1557 1221 1625 Lusitani
1242 1561 1368 1627 desola-

196 1685 336 1750 verant,
355 1683 393 1735 ut
403 1667 486 1734 nihil
497 1687 600 1751 prope
611 1682 737 1749 praeter
747 1667 873 1735 nudum
885 1683 983 1750 atque
996 1669 1090 1735 inane
1102 1672 1209 1737 solum
1223 1687 1369 1741 restaret.

195 1783 313 1865 thue
335 1781 464 1845 flamma
486 1798 554 1861 quo
573 1780 667 1861 plura
678 1777 858 1862 corripuit,
882 1780 1230 1848 hocvehementiusin
1243 1799 1368 1851 caetera
1442 1849 1445 1855 ,

195 1891 371 1970 funditur,
393 1889 441 1955 sic
463 1889 511 1954 illi
535 1909 575 1953 ex
597 1890 658 1954 hac
681 1890 798 1972 praeda
816 1891 969 1973 majorem
987 1892 1270 1975 concupiscentes,
1283 1894 1367 1960 Ter-

198 2019 304 2069 natam
327 2002 430 2085 ipsam
452 2000 592 2067 navibus
617 2000 766 2082 quinque
791 2015 824 2065 et
843 2002 980 2085 galeotis
1000 2018 1143 2084 quatuor
1161 2005 1366 2073 adoriuntur.

197 2114 248 2181 lbi
280 2112 417 2192 batavi,
450 2110 509 2193 qui
540 2126 675 2194 propter
706 2111 800 2177 littus
831 2112 990 2178 hactenus
1021 2113 1191 2196 sederant,
1224 2135 1299 2182 cum
1332 2138 1368 2183 se

197 2224 348 2289 viderent
379 2218 590 2287 multitudine
610 2219 866 2302 circumveniri,
891 2222 1030 2288 sublatis
1052 2224 1193 2307 primum
1217 2228 1369 2294 anchoris

197 2354 330 2401 cursum
352 2331 417 2397 sibi
440 2330 625 2397 liberiorem
649 2329 837 2413 expediunt.
860 2331 989 2398 Deinde
1012 2354 1169 2402 memores
1192 2353 1368 2405 mercatum

198 2466 255 2523 se,
278 2462 345 2511 non
367 2442 409 2507 ad
428 2442 551 2507 bellum
582 2440 723 2522 missos,
756 2462 830 2507 cum
861 2442 926 2526 jam
957 2446 1114 2527 temporis
1142 2447 1314 2531 dispendio
1336 2465 1369 2515 et

197 2557 307 2623 oneris
323 2552 458 2637 penuria
483 2571 630 2636 magnam
649 2551 726 2619 satis
743 2552 903 2636 jacturam
924 2553 1152 2638 incurrissent,
1177 2579 1256 2642 pace
1283 2561 1369 2646 regis

197 2667 393 2747 discedunt,
421 2662 543 2729 relictis
576 2683 711 2731 suorum
747 2684 763 2729 e
797 2682 959 2746 numero,
995 2664 1054 2747 qui
1088 2667 1262 2735 amicitiam
1298 2672 1370 2755 ejus

196 2781 342 2844 colerent
364 2792 397 2841 ct
419 2795 560 2858 quorum
593 2774 648 2841 ille
681 2794 780 2857 opera
813 2773 1021 2856 consilioque
1054 2777 1208 2845 adversus
1242 2782 1367 2847 hostem

197 2904 284 2957 esset
314 2886 515 2955 instructior.
561 2886 713 2951 Lusitani
745 2884 830 2952 enim
861 2885 1009 2951 discessu
1031 2886 1149 2953 iterum
1173 2890 1368 2958 Batavorum

197 2989 451 3079 insolentiores,
476 2996 614 3082 ingressi
637 2996 777 3063 insulam
799 2996 947 3080 proxima
970 3010 1142 3080 quaeque,
1165 3017 1254 3066 metu
1277 3003 1369 3067 babi-

198 3113 336 3180 tantium
360 3110 506 3189 deserta,
529 3107 716 3190 spoliabant
738 3109 953 3191 urebantque.
978 3108 1024 3173 Et
1041 3126 1148 3176 manet
1165 3130 1254 3178 nunc
1272 3113 1368 3180 etiam

197 3223 265 3289 illis
296 3242 370 3287 cum
394 3240 470 3305 rege
494 3219 690 3286 Tematensi
717 3220 865 3300 bellum,
900 3220 933 3285 in
969 3240 1036 3302 quo
1060 3234 1165 3288 tamen
1187 3239 1300 3306 postea
1323 3224 1369 3291 fe-

196 3334 305 3405 liciter
324 3346 494 3398 contusam
516 3330 645 3396 illorum
670 3330 835 3397 audaciam
858 3330 942 3396 fama
966 3331 1161 3415 accepimus.
1190 3334 1263 3401 Nec
1286 3336 1370 3404 illud

196 3443 466 3529 praetereundum
491 3456 563 3520 est,
586 3442 765 3517 Lusitanos
794 3463 835 3507 ne
857 3444 925 3507 ulla
948 3442 981 3509 in
1004 3458 1094 3526 parte
1115 3464 1132 3508 a
1153 3444 1368 3529 Castellanis,

196 3555 315 3640 priscis
351 3553 503 3619 hostibus
536 3552 757 3633 Batavorum,
793 3552 1073 3639 distinguerentur
1111 3556 1187 3621 satis
1225 3558 1367 3638 cavisse;

197 3688 272 3732 cum
301 3665 388 3730 bello
417 3664 482 3728 isto
511 3662 730 3743 Tematensi,
763 3682 831 3744 quo
860 3662 1002 3731 Batavos
1030 3667 1083 3730 vel
1104 3666 1242 3733 maxime
1259 3690 1369 3752 perse·

197 3777 407 3860 quebantur,
430 3773 562 3840 auxiliis
585 3774 725 3840 Manilia
736 3774 845 3839 missis
858 3775 957 3858 (sunt
969 3774 1052 3841 enim
1066 3790 1098 3841 et
1110 3776 1156 3841 ibi
1170 3777 1367 3865 Castellani)

196 3904 230 3954 et
259 3886 400 3953 navibus
429 3885 482 3951 usi
513 3886 602 3967 sint,
635 3900 673 3950 ut
703 3884 781 3949 alias
805 3884 901 3950 etiam
922 3906 939 3949 e
957 3884 1156 3969 Philippinis
1179 3889 1280 3971 petita
1303 3892 1368 3959 illis

195 3998 344 4065 subsidia
363 3996 561 4063 notavimus.
608 3997 686 4083 Quo
707 3995 787 4061 satis
817 3995 998 4062 ostendunt
1020 3996 1154 4080 populi,
1178 3999 1267 4065 haud
1290 4001 1368 4069 satis

196 4109 345 4192 alioquin
367 4109 452 4174 inter
463 4128 498 4176 se
521 4108 719 4190 concordes,
732 4126 796 4173 una
809 4126 843 4172 se
855 4122 961 4173 tamen
975 4108 1008 4173 in
1022 4108 1218 4174 Batavorum
1231 4110 1366 4178 exitium

195 4222 394 4305 conjurasse.
441 4219 497 4285 Ad
528 4218 676 4284 ultimam
710 4219 808 4285 venio
831 4219 1047 4286 narrationem
1072 4220 1112 4284 de
1143 4240 1218 4305 rege
1246 4222 1365 4307 Jorae,
1379 4245 1449 4289 mam
1463 4243 1511 4291 aaa.

196 4352 295 4413 quem
319 4352 391 4398 eum
412 4330 541 4416 cogito,
554 4346 624 4395 tum
648 4351 726 4397 vero
745 4330 826 4397 mihi
845 4330 959 4397 videor
976 4349 1136 4397 summum
1156 4331 1247 4397 illum
1268 4349 1367 4417 atque
1536 4334 1542 4347 '

196 4462 309 4510 verum
342 4442 473 4508 Indicae
504 4441 776 4526 peregrinationis
807 4441 950 4509 fructum
984 4442 1165 4529 permiccre
1197 4460 1229 4510 et
1251 4447 1366 4514 merito
