<?xml version="1.0" encoding="UTF-8"?>
<!DOCTYPE html PUBLIC "-//W3C//DTD XHTML 1.0 Transitional//EN"
    "http://www.w3.org/TR/xhtml1/DTD/xhtml1-transitional.dtd">
<html xmlns="http://www.w3.org/1999/xhtml" xml:lang="en" lang="en">
 <head>
  <title>
</title>
<meta http-equiv="Content-Type" content="text/html;charset=utf-8" />
  <meta name='ocr-system' content='tesseract 3.04.00' />
  <meta name='ocr-capabilities' content='ocr_page ocr_carea ocr_par ocr_line ocrx_word'/>
</head>
<body>
  <div class='ocr_page' id='page_1' title='image "./ledroitdeprised02hamagoog_0197.png"; bbox 0 0 3450 5434; ppageno 0'>
   <div class='ocr_carea' id='block_1_1' title="bbox 540 650 1391 720">
    <p class='ocr_par' dir='ltr' id='par_1_1' title="bbox 540 650 1391 720">
     <span class='ocr_line' id='line_1_1' title="bbox 540 650 1391 720; baseline -0.002 -21"><span class='ocrx_word' id='word_1_1' title='bbox 540 653 587 699; x_wconf 77' lang='lat' dir='ltr'>DE</span> <span class='ocrx_word' id='word_1_2' title='bbox 610 654 704 720; x_wconf 82' lang='lat' dir='ltr'>JURE</span> <span class='ocrx_word' id='word_1_3' title='bbox 729 652 916 701; x_wconf 75' lang='lat' dir='ltr'><strong>PRAEDAE·</strong></span> <span class='ocrx_word' id='word_1_4' title='bbox 942 652 1022 699; x_wconf 60' lang='lat' dir='ltr'>CAR</span> <span class='ocrx_word' id='word_1_5' title='bbox 1048 652 1098 699; x_wconf 70' lang='lat' dir='ltr'>xh</span> <span class='ocrx_word' id='word_1_6' title='bbox 1330 650 1391 715; x_wconf 77' lang='lat'>175</span> 
     </span>
    </p>
   </div>
   <div class='ocr_carea' id='block_1_2' title="bbox 215 804 1395 2673">
    <p class='ocr_par' dir='ltr' id='par_1_2' title="bbox 215 804 1395 2673">
     <span class='ocr_line' id='line_1_2' title="bbox 217 804 1390 888; baseline 0 -15"><span class='ocrx_word' id='word_1_7' title='bbox 217 828 284 875; x_wconf 92' lang='lat' dir='ltr'>non</span> <span class='ocrx_word' id='word_1_8' title='bbox 318 806 499 876; x_wconf 76' lang='lat' dir='ltr'>avarissimi</span> <span class='ocrx_word' id='word_1_9' title='bbox 530 807 703 888; x_wconf 90' lang='lat' dir='ltr'>homines,</span> <span class='ocrx_word' id='word_1_10' title='bbox 733 822 772 872; x_wconf 93' lang='lat' dir='ltr'>ut</span> <span class='ocrx_word' id='word_1_11' title='bbox 799 806 941 873; x_wconf 88' lang='lat' dir='ltr'>Batavos</span> <span class='ocrx_word' id='word_1_12' title='bbox 972 805 1038 873; x_wconf 90' lang='lat' dir='ltr'>illis</span> <span class='ocrx_word' id='word_1_13' title='bbox 1070 804 1152 871; x_wconf 90' lang='lat' dir='ltr'>locis</span> <span class='ocrx_word' id='word_1_14' title='bbox 1184 820 1390 887; x_wconf 87' lang='lat' dir='ltr'>averterent,</span> 
     </span>
     <span class='ocr_line' id='line_1_3' title="bbox 218 916 1390 1002; baseline 0 -17"><span class='ocrx_word' id='word_1_15' title='bbox 218 936 276 987; x_wconf 89' lang='lat' dir='ltr'>aut</span> <span class='ocrx_word' id='word_1_16' title='bbox 296 919 404 987; x_wconf 83' lang='lat' dir='ltr'>facere</span> <span class='ocrx_word' id='word_1_17' title='bbox 424 918 644 999; x_wconf 81' lang='lat' dir='ltr'>tentaverint,</span> <span class='ocrx_word' id='word_1_18' title='bbox 669 934 725 984; x_wconf 88' lang='lat' dir='ltr'>aut</span> <span class='ocrx_word' id='word_1_19' title='bbox 744 917 839 983; x_wconf 84' lang='lat' dir='ltr'>etiam</span> <span class='ocrx_word' id='word_1_20' title='bbox 857 916 1065 1001; x_wconf 85' lang='lat' dir='ltr'>perfecerint.</span> <span class='ocrx_word' id='word_1_21' title='bbox 1090 918 1176 984; x_wconf 87' lang='lat' dir='ltr'>Nam</span> <span class='ocrx_word' id='word_1_22' title='bbox 1198 940 1233 984; x_wconf 89' lang='lat' dir='ltr'>ea</span> <span class='ocrx_word' id='word_1_23' title='bbox 1255 919 1288 984; x_wconf 94' lang='lat' dir='ltr'>in</span> <span class='ocrx_word' id='word_1_24' title='bbox 1300 934 1390 1002; x_wconf 90' lang='lat' dir='ltr'>parte</span> 
     </span>
     <span class='ocr_line' id='line_1_4' title="bbox 215 1028 1390 1116; baseline -0.002 -19"><span class='ocrx_word' id='word_1_25' title='bbox 215 1031 331 1097; x_wconf 91' lang='lat' dir='ltr'>mundi</span> <span class='ocrx_word' id='word_1_26' title='bbox 365 1052 405 1097; x_wconf 90' lang='lat' dir='ltr'>eo</span> <span class='ocrx_word' id='word_1_27' title='bbox 438 1029 588 1116; x_wconf 87' lang='lat' dir='ltr'>graviora</span> <span class='ocrx_word' id='word_1_28' title='bbox 620 1044 699 1095; x_wconf 87' lang='lat' dir='ltr'>suut</span> <span class='ocrx_word' id='word_1_29' title='bbox 729 1028 964 1095; x_wconf 75' lang='lat' dir='ltr'>Lusitanorum</span> <span class='ocrx_word' id='word_1_30' title='bbox 988 1028 1155 1111; x_wconf 85' lang='lat' dir='ltr'>facinora,</span> <span class='ocrx_word' id='word_1_31' title='bbox 1185 1049 1282 1112; x_wconf 90' lang='lat' dir='ltr'>quam</span> <span class='ocrx_word' id='word_1_32' title='bbox 1307 1050 1390 1112; x_wconf 88' lang='lat' dir='ltr'>quae</span> 
     </span>
     <span class='ocr_line' id='line_1_5' title="bbox 217 1140 1391 1227; baseline 0 -20"><span class='ocrx_word' id='word_1_33' title='bbox 217 1140 295 1209; x_wconf 89' lang='lat' dir='ltr'>alibi</span> <span class='ocrx_word' id='word_1_34' title='bbox 328 1141 560 1227; x_wconf 89' lang='lat' dir='ltr'>contigerunt,</span> <span class='ocrx_word' id='word_1_35' title='bbox 594 1141 686 1223; x_wconf 93' lang='lat' dir='ltr'>quod</span> <span class='ocrx_word' id='word_1_36' title='bbox 717 1140 808 1225; x_wconf 87' lang='lat' dir='ltr'>gnari</span> <span class='ocrx_word' id='word_1_37' title='bbox 836 1140 904 1205; x_wconf 91' lang='lat' dir='ltr'>illic</span> <span class='ocrx_word' id='word_1_38' title='bbox 928 1140 1067 1223; x_wconf 91' lang='lat' dir='ltr'>impares</span> <span class='ocrx_word' id='word_1_39' title='bbox 1089 1161 1124 1206; x_wconf 95' lang='lat' dir='ltr'>se</span> <span class='ocrx_word' id='word_1_40' title='bbox 1151 1140 1279 1207; x_wconf 87' lang='lat' dir='ltr'>viribus</span> <span class='ocrx_word' id='word_1_41' title='bbox 1302 1142 1391 1223; x_wconf 87' lang='lat' dir='ltr'>pacis</span> 
     </span>
     <span class='ocr_line' id='line_1_6' title="bbox 217 1251 1390 1339; baseline 0 -22"><span class='ocrx_word' id='word_1_42' title='bbox 217 1267 251 1318; x_wconf 96' lang='lat' dir='ltr'>et</span> <span class='ocrx_word' id='word_1_43' title='bbox 270 1252 430 1319; x_wconf 73' lang='lat' dir='ltr'>amicitiae</span> <span class='ocrx_word' id='word_1_44' title='bbox 453 1251 627 1339; x_wconf 84' lang='lat' dir='ltr'>imaginem</span> <span class='ocrx_word' id='word_1_45' title='bbox 647 1251 847 1333; x_wconf 87' lang='lat' dir='ltr'>induerunt,</span> <span class='ocrx_word' id='word_1_46' title='bbox 873 1272 937 1334; x_wconf 88' lang='lat' dir='ltr'>qua</span> <span class='ocrx_word' id='word_1_47' title='bbox 959 1266 991 1317; x_wconf 91' lang='lat' dir='ltr'>et</span> <span class='ocrx_word' id='word_1_48' title='bbox 1011 1252 1073 1337; x_wconf 93' lang='lat' dir='ltr'>ipsi</span> <span class='ocrx_word' id='word_1_49' title='bbox 1100 1251 1240 1319; x_wconf 90' lang='lat' dir='ltr'>tutiores</span> <span class='ocrx_word' id='word_1_50' title='bbox 1262 1267 1390 1333; x_wconf 87' lang='lat' dir='ltr'>essent,</span> 
     </span>
     <span class='ocr_line' id='line_1_7' title="bbox 218 1362 1390 1446; baseline -0.003 -15"><span class='ocrx_word' id='word_1_51' title='bbox 218 1379 251 1431; x_wconf 89' lang='lat' dir='ltr'>et</span> <span class='ocrx_word' id='word_1_52' title='bbox 281 1364 433 1433; x_wconf 91' lang='lat' dir='ltr'>homines</span> <span class='ocrx_word' id='word_1_53' title='bbox 461 1364 595 1430; x_wconf 89' lang='lat' dir='ltr'>minime</span> <span class='ocrx_word' id='word_1_54' title='bbox 623 1366 726 1429; x_wconf 90' lang='lat' dir='ltr'>malos</span> <span class='ocrx_word' id='word_1_55' title='bbox 754 1364 795 1429; x_wconf 91' lang='lat' dir='ltr'>de</span> <span class='ocrx_word' id='word_1_56' title='bbox 827 1362 1009 1446; x_wconf 88' lang='lat' dir='ltr'>improviso</span> <span class='ocrx_word' id='word_1_57' title='bbox 1038 1362 1145 1429; x_wconf 89' lang='lat' dir='ltr'>acrius</span> <span class='ocrx_word' id='word_1_58' title='bbox 1176 1362 1390 1429; x_wconf 85' lang='lat' dir='ltr'>offenderent.</span> 
     </span>
     <span class='ocr_line' id='line_1_8' title="bbox 219 1474 1391 1559; baseline -0.002 -18"><span class='ocrx_word' id='word_1_59' title='bbox 219 1476 352 1543; x_wconf 89' lang='lat' dir='ltr'>Summa</span> <span class='ocrx_word' id='word_1_60' title='bbox 381 1496 532 1557; x_wconf 88' lang='lat' dir='ltr'>quaeque</span> <span class='ocrx_word' id='word_1_61' title='bbox 551 1474 830 1559; x_wconf 83' lang='lat' dir='ltr'>perstringemus,</span> <span class='ocrx_word' id='word_1_62' title='bbox 855 1494 921 1541; x_wconf 92' lang='lat' dir='ltr'>non</span> <span class='ocrx_word' id='word_1_63' title='bbox 944 1488 1009 1539; x_wconf 89' lang='lat' dir='ltr'>tam</span> <span class='ocrx_word' id='word_1_64' title='bbox 1030 1474 1234 1557; x_wconf 87' lang='lat' dir='ltr'>temporibus</span> <span class='ocrx_word' id='word_1_65' title='bbox 1257 1474 1391 1559; x_wconf 90' lang='lat' dir='ltr'>(quam-</span> 
     </span>
     <span class='ocr_line' id='line_1_9' title="bbox 218 1585 1390 1670; baseline 0.002 -18"><span class='ocrx_word' id='word_1_66' title='bbox 218 1608 316 1670; x_wconf 89' lang='lat' dir='ltr'>quam</span> <span class='ocrx_word' id='word_1_67' title='bbox 336 1602 368 1653; x_wconf 89' lang='lat' dir='ltr'>et</span> <span class='ocrx_word' id='word_1_68' title='bbox 387 1588 505 1653; x_wconf 88' lang='lat' dir='ltr'>horum</span> <span class='ocrx_word' id='word_1_69' title='bbox 524 1585 607 1652; x_wconf 88' lang='lat' dir='ltr'>ratio</span> <span class='ocrx_word' id='word_1_70' title='bbox 620 1586 814 1670; x_wconf 84' lang='lat' dir='ltr'>habebitur)</span> <span class='ocrx_word' id='word_1_71' title='bbox 827 1604 923 1668; x_wconf 88' lang='lat' dir='ltr'>quam</span> <span class='ocrx_word' id='word_1_72' title='bbox 939 1585 1036 1651; x_wconf 89' lang='lat' dir='ltr'>certis</span> <span class='ocrx_word' id='word_1_73' title='bbox 1047 1585 1212 1668; x_wconf 88' lang='lat' dir='ltr'>capitibus</span> <span class='ocrx_word' id='word_1_74' title='bbox 1223 1585 1390 1654; x_wconf 87' lang='lat' dir='ltr'>distincta.</span> 
     </span>
     <span class='ocr_line' id='line_1_10' title="bbox 217 1694 1392 1781; baseline -0.003 -17"><span class='ocrx_word' id='word_1_75' title='bbox 217 1698 368 1764; x_wconf 90' lang='lat' dir='ltr'>Dicimus</span> <span class='ocrx_word' id='word_1_76' title='bbox 392 1699 552 1781; x_wconf 92' lang='lat' dir='ltr'>populum</span> <span class='ocrx_word' id='word_1_77' title='bbox 575 1698 773 1763; x_wconf 88' lang='lat' dir='ltr'>Lusitanum</span> <span class='ocrx_word' id='word_1_78' title='bbox 785 1696 1001 1779; x_wconf 91' lang='lat' dir='ltr'>hominesque</span> <span class='ocrx_word' id='word_1_79' title='bbox 1014 1694 1217 1779; x_wconf 87' lang='lat' dir='ltr'>Lusitanos,</span> <span class='ocrx_word' id='word_1_80' title='bbox 1241 1716 1315 1763; x_wconf 89' lang='lat' dir='ltr'>curn</span> <span class='ocrx_word' id='word_1_81' title='bbox 1334 1697 1392 1762; x_wconf 86' lang='lat' dir='ltr'>fic·</span> 
     </span>
     <span class='ocr_line' id='line_1_11' title="bbox 217 1806 1392 1890; baseline 0 -15"><span class='ocrx_word' id='word_1_82' title='bbox 217 1808 262 1875; x_wconf 94' lang='lat' dir='ltr'>tis</span> <span class='ocrx_word' id='word_1_83' title='bbox 290 1807 483 1875; x_wconf 88' lang='lat' dir='ltr'>criminibus</span> <span class='ocrx_word' id='word_1_84' title='bbox 509 1828 628 1875; x_wconf 90' lang='lat' dir='ltr'>nomen</span> <span class='ocrx_word' id='word_1_85' title='bbox 660 1806 817 1875; x_wconf 78' lang='lat' dir='ltr'>batavum</span> <span class='ocrx_word' id='word_1_86' title='bbox 846 1808 1087 1874; x_wconf 86' lang='lat' dir='ltr'>diffamaverint</span> <span class='ocrx_word' id='word_1_87' title='bbox 1117 1808 1296 1890; x_wconf 87' lang='lat' dir='ltr'>hostesque</span> <span class='ocrx_word' id='word_1_88' title='bbox 1314 1827 1392 1875; x_wconf 89' lang='lat' dir='ltr'>eon-</span> 
     </span>
     <span class='ocr_line' id='line_1_12' title="bbox 217 1920 1391 2001; baseline -0.002 -15"><span class='ocrx_word' id='word_1_89' title='bbox 217 1921 411 2001; x_wconf 84' lang='lat' dir='ltr'>citaverint,</span> <span class='ocrx_word' id='word_1_90' title='bbox 446 1920 533 1986; x_wconf 90' lang='lat' dir='ltr'>unde</span> <span class='ocrx_word' id='word_1_91' title='bbox 569 1920 790 1986; x_wconf 85' lang='lat' dir='ltr'>atrocissimae</span> <span class='ocrx_word' id='word_1_92' title='bbox 818 1921 927 1986; x_wconf 89' lang='lat' dir='ltr'>clades</span> <span class='ocrx_word' id='word_1_93' title='bbox 961 1936 1156 1987; x_wconf 88' lang='lat' dir='ltr'>consecutae</span> <span class='ocrx_word' id='word_1_94' title='bbox 1186 1934 1286 2000; x_wconf 90' lang='lat' dir='ltr'>sunt,</span> <span class='ocrx_word' id='word_1_95' title='bbox 1321 1934 1391 1985; x_wconf 88' lang='lat' dir='ltr'>turn</span> 
     </span>
     <span class='ocr_line' id='line_1_13' title="bbox 217 2030 1393 2115; baseline -0.002 -18"><span class='ocrx_word' id='word_1_96' title='bbox 217 2047 383 2115; x_wconf 85' lang='lat' dir='ltr'>praeterea</span> <span class='ocrx_word' id='word_1_97' title='bbox 404 2034 526 2097; x_wconf 92' lang='lat' dir='ltr'>multos</span> <span class='ocrx_word' id='word_1_98' title='bbox 549 2031 699 2097; x_wconf 89' lang='lat' dir='ltr'>homines</span> <span class='ocrx_word' id='word_1_99' title='bbox 722 2032 862 2098; x_wconf 87' lang='lat' dir='ltr'>Batavos</span> <span class='ocrx_word' id='word_1_100' title='bbox 889 2030 1065 2097; x_wconf 89' lang='lat' dir='ltr'>crudeliter</span> <span class='ocrx_word' id='word_1_101' title='bbox 1085 2046 1118 2097; x_wconf 91' lang='lat' dir='ltr'>et</span> <span class='ocrx_word' id='word_1_102' title='bbox 1141 2031 1314 2115; x_wconf 87' lang='lat' dir='ltr'>perfidiose</span> <span class='ocrx_word' id='word_1_103' title='bbox 1336 2050 1393 2097; x_wconf 89' lang='lat' dir='ltr'>ne·</span> 
     </span>
     <span class='ocr_line' id='line_1_14' title="bbox 217 2142 1393 2225; baseline -0.003 -14"><span class='ocrx_word' id='word_1_104' title='bbox 217 2144 349 2225; x_wconf 89' lang='lat' dir='ltr'>cuisse,</span> <span class='ocrx_word' id='word_1_105' title='bbox 371 2144 440 2211; x_wconf 90' lang='lat' dir='ltr'>vim</span> <span class='ocrx_word' id='word_1_106' title='bbox 464 2142 558 2210; x_wconf 88' lang='lat' dir='ltr'>etiam</span> <span class='ocrx_word' id='word_1_107' title='bbox 580 2142 729 2208; x_wconf 86' lang='lat' dir='ltr'>bellicam</span> <span class='ocrx_word' id='word_1_108' title='bbox 760 2162 826 2224; x_wconf 85' lang='lat' dir='ltr'>qua</span> <span class='ocrx_word' id='word_1_109' title='bbox 849 2142 981 2225; x_wconf 90' lang='lat' dir='ltr'>publice</span> <span class='ocrx_word' id='word_1_110' title='bbox 1006 2162 1071 2225; x_wconf 90' lang='lat' dir='ltr'>qua</span> <span class='ocrx_word' id='word_1_111' title='bbox 1090 2142 1242 2225; x_wconf 88' lang='lat' dir='ltr'>privatim</span> <span class='ocrx_word' id='word_1_112' title='bbox 1266 2142 1393 2225; x_wconf 89' lang='lat' dir='ltr'>priores</span> 
     </span>
     <span class='ocr_line' id='line_1_15' title="bbox 219 2254 1395 2338; baseline -0.003 -16"><span class='ocrx_word' id='word_1_113' title='bbox 219 2255 392 2338; x_wconf 89' lang='lat' dir='ltr'>intulisse,</span> <span class='ocrx_word' id='word_1_114' title='bbox 416 2255 461 2320; x_wconf 86' lang='lat' dir='ltr'>ita</span> <span class='ocrx_word' id='word_1_115' title='bbox 481 2270 520 2321; x_wconf 93' lang='lat' dir='ltr'>ut</span> <span class='ocrx_word' id='word_1_116' title='bbox 540 2269 572 2320; x_wconf 93' lang='lat' dir='ltr'>et</span> <span class='ocrx_word' id='word_1_117' title='bbox 594 2254 752 2320; x_wconf 87' lang='lat' dir='ltr'>Indorum</span> <span class='ocrx_word' id='word_1_118' title='bbox 774 2256 940 2337; x_wconf 91' lang='lat' dir='ltr'>populos,</span> <span class='ocrx_word' id='word_1_119' title='bbox 964 2254 1150 2336; x_wconf 89' lang='lat' dir='ltr'>quodcum</span> <span class='ocrx_word' id='word_1_120' title='bbox 1172 2254 1302 2321; x_wconf 89' lang='lat' dir='ltr'>Batavis</span> <span class='ocrx_word' id='word_1_121' title='bbox 1317 2274 1395 2321; x_wconf 91' lang='lat' dir='ltr'>con-</span> 
     </span>
     <span class='ocr_line' id='line_1_16' title="bbox 217 2364 1392 2450; baseline -0.002 -18"><span class='ocrx_word' id='word_1_122' title='bbox 217 2368 413 2447; x_wconf 81' lang='lat' dir='ltr'>traxissent,</span> <span class='ocrx_word' id='word_1_123' title='bbox 437 2365 524 2432; x_wconf 89' lang='lat' dir='ltr'>ferro</span> <span class='ocrx_word' id='word_1_124' title='bbox 548 2380 647 2449; x_wconf 89' lang='lat' dir='ltr'>atque</span> <span class='ocrx_word' id='word_1_125' title='bbox 670 2365 738 2450; x_wconf 83' lang='lat' dir='ltr'>igni</span> <span class='ocrx_word' id='word_1_126' title='bbox 762 2380 888 2432; x_wconf 89' lang='lat' dir='ltr'>vastare</span> <span class='ocrx_word' id='word_1_127' title='bbox 901 2364 1044 2450; x_wconf 85' lang='lat' dir='ltr'>aggressi</span> <span class='ocrx_word' id='word_1_128' title='bbox 1056 2364 1131 2432; x_wconf 89' lang='lat' dir='ltr'>sint.</span> <span class='ocrx_word' id='word_1_129' title='bbox 1157 2366 1392 2431; x_wconf 88' lang='lat' dir='ltr'>Sancteautem</span> 
     </span>
     <span class='ocr_line' id='line_1_17' title="bbox 217 2476 1394 2563; baseline -0.003 -18"><span class='ocrx_word' id='word_1_130' title='bbox 217 2476 376 2563; x_wconf 89' lang='lat' dir='ltr'>profiteor</span> <span class='ocrx_word' id='word_1_131' title='bbox 395 2478 513 2544; x_wconf 91' lang='lat' dir='ltr'>horum</span> <span class='ocrx_word' id='word_1_132' title='bbox 532 2496 584 2543; x_wconf 90' lang='lat' dir='ltr'>me</span> <span class='ocrx_word' id='word_1_133' title='bbox 603 2476 687 2543; x_wconf 92' lang='lat' dir='ltr'>nihil</span> <span class='ocrx_word' id='word_1_134' title='bbox 703 2478 941 2562; x_wconf 88' lang='lat' dir='ltr'>vulgaturum,</span> <span class='ocrx_word' id='word_1_135' title='bbox 965 2476 1056 2558; x_wconf 93' lang='lat' dir='ltr'>quod</span> <span class='ocrx_word' id='word_1_136' title='bbox 1081 2494 1147 2542; x_wconf 94' lang='lat' dir='ltr'>non</span> <span class='ocrx_word' id='word_1_137' title='bbox 1170 2476 1394 2543; x_wconf 88' lang='lat' dir='ltr'>disertissimis</span> 
     </span>
     <span class='ocr_line' id='line_1_18' title="bbox 215 2587 944 2673; baseline -0.004 -16"><span class='ocrx_word' id='word_1_138' title='bbox 215 2590 414 2658; x_wconf 89' lang='lat' dir='ltr'>testimoniis</span> <span class='ocrx_word' id='word_1_139' title='bbox 437 2590 686 2673; x_wconf 88' lang='lat' dir='ltr'>comprobatum</span> <span class='ocrx_word' id='word_1_140' title='bbox 705 2587 944 2672; x_wconf 83' lang='lat' dir='ltr'>ipse-viderim.</span> 
     </span>
    </p>
   </div>
   <div class='ocr_carea' id='block_1_3' title="bbox 709 2818 899 2865">
    <p class='ocr_par' dir='ltr' id='par_1_3' title="bbox 709 2818 899 2865">
     <span class='ocr_line' id='line_1_19' title="bbox 709 2818 899 2865; baseline 0.005 -1"><span class='ocrx_word' id='word_1_141' title='bbox 709 2818 899 2865; x_wconf 75' lang='lat' dir='ltr'>PARSIL</span> 
     </span>
    </p>
   </div>
   <div class='ocr_carea' id='block_1_4' title="bbox 217 3006 1392 3620">
    <p class='ocr_par' dir='ltr' id='par_1_4' title="bbox 217 3006 1392 3620">
     <span class='ocr_line' id='line_1_20' title="bbox 217 3006 1284 3075; baseline 0 -2"><span class='ocrx_word' id='word_1_142' title='bbox 217 3025 310 3075; x_wconf 78' lang='lat' dir='ltr'>aar.</span> <span class='ocrx_word' id='word_1_143' title='bbox 334 3029 359 3075; x_wconf 90' lang='lat'>1.</span> <span class='ocrx_word' id='word_1_144' title='bbox 470 3008 703 3075; x_wconf 79' lang='lat' dir='ltr'>Cnruuurnrr</span> <span class='ocrx_word' id='word_1_145' title='bbox 729 3008 1008 3075; x_wconf 77' lang='lat' dir='ltr'>Lusrrnuoaum</span> <span class='ocrx_word' id='word_1_146' title='bbox 1034 3026 1074 3073; x_wconf 75' lang='grc' dir='ltr'>ιιι</span> <span class='ocrx_word' id='word_1_147' title='bbox 1098 3006 1284 3073; x_wconf 80' lang='lat' dir='ltr'>Bnrnvos.</span> 
     </span>
     <span class='ocr_line' id='line_1_21' title="bbox 217 3143 1322 3212; baseline -0.002 -3"><span class='ocrx_word' id='word_1_148' title='bbox 217 3164 308 3211; x_wconf 76' lang='lat' dir='ltr'>aar.</span> <span class='ocrx_word' id='word_1_149' title='bbox 333 3164 372 3212; x_wconf 92' lang='grc' dir='ltr'>ιι.</span> <span class='ocrx_word' id='word_1_150' title='bbox 440 3146 610 3211; x_wconf 82' lang='lat' dir='ltr'>Sunmrssr</span> <span class='ocrx_word' id='word_1_151' title='bbox 636 3163 675 3210; x_wconf 82' lang='lat' dir='ltr'>ru</span> <span class='ocrx_word' id='word_1_152' title='bbox 700 3144 874 3210; x_wconf 79' lang='lat' dir='ltr'>baravos</span> <span class='ocrx_word' id='word_1_153' title='bbox 899 3164 1036 3211; x_wconf 81' lang='lat' dir='ltr'>nosrrrs</span> <span class='ocrx_word' id='word_1_154' title='bbox 1059 3164 1082 3209; x_wconf 77' lang='lat' dir='ltr'>a</span> <span class='ocrx_word' id='word_1_155' title='bbox 1107 3143 1322 3209; x_wconf 78' lang='lat' dir='ltr'>Lus1rnu1s.</span> 
     </span>
     <span class='ocr_line' id='line_1_22' title="bbox 218 3279 1392 3347; baseline 0 -2"><span class='ocrx_word' id='word_1_156' title='bbox 218 3298 307 3347; x_wconf 79' lang='lat' dir='ltr'>aar.</span> <span class='ocrx_word' id='word_1_157' title='bbox 331 3301 385 3347; x_wconf 89' lang='lat'>111.</span> <span class='ocrx_word' id='word_1_158' title='bbox 410 3280 584 3347; x_wconf 79' lang='lat' dir='ltr'>Fraouss</span> <span class='ocrx_word' id='word_1_159' title='bbox 608 3299 659 3345; x_wconf 80' lang='lat' dir='ltr'>ur</span> <span class='ocrx_word' id='word_1_160' title='bbox 677 3298 854 3346; x_wconf 79' lang='lat' dir='ltr'>rsnrrnra</span> <span class='ocrx_word' id='word_1_161' title='bbox 869 3280 1147 3347; x_wconf 79' lang='lat' dir='ltr'>Lusrrhnonunr</span> <span class='ocrx_word' id='word_1_162' title='bbox 1161 3300 1201 3345; x_wconf 81' lang='lat' dir='ltr'>ru</span> <span class='ocrx_word' id='word_1_163' title='bbox 1213 3279 1392 3346; x_wconf 79' lang='lat' dir='ltr'>Baravos.</span> 
     </span>
     <span class='ocr_line' id='line_1_23' title="bbox 218 3415 1339 3485; baseline 0 -4"><span class='ocrx_word' id='word_1_164' title='bbox 218 3436 307 3483; x_wconf 77' lang='lat' dir='ltr'>aar.</span> <span class='ocrx_word' id='word_1_165' title='bbox 332 3437 379 3483; x_wconf 90' lang='lat' dir='ltr'>rv.</span> <span class='ocrx_word' id='word_1_166' title='bbox 434 3418 615 3485; x_wconf 79' lang='lat' dir='ltr'>Cosrrtm</span> <span class='ocrx_word' id='word_1_167' title='bbox 639 3437 663 3482; x_wconf 80' lang='lat' dir='ltr'>a</span> <span class='ocrx_word' id='word_1_168' title='bbox 687 3416 890 3483; x_wconf 80' lang='lat' dir='ltr'>Lusrraurs</span> <span class='ocrx_word' id='word_1_169' title='bbox 915 3436 1067 3483; x_wconf 78' lang='lat' dir='ltr'>nattum</span> <span class='ocrx_word' id='word_1_170' title='bbox 1092 3436 1131 3482; x_wconf 82' lang='lat' dir='ltr'>ru</span> <span class='ocrx_word' id='word_1_171' title='bbox 1156 3415 1339 3483; x_wconf 80' lang='lat' dir='ltr'>Bnravos.</span> 
     </span>
     <span class='ocr_line' id='line_1_24' title="bbox 218 3551 1390 3620; baseline 0.001 -4"><span class='ocrx_word' id='word_1_172' title='bbox 218 3571 310 3619; x_wconf 78' lang='lat' dir='ltr'>aar.</span> <span class='ocrx_word' id='word_1_173' title='bbox 334 3574 367 3620; x_wconf 90' lang='lat' dir='ltr'>v.</span> <span class='ocrx_word' id='word_1_174' title='bbox 430 3553 589 3619; x_wconf 76' lang='grc' dir='ltr'><strong>Βιιιιιιι</strong></span> <span class='ocrx_word' id='word_1_175' title='bbox 612 3551 892 3619; x_wconf 81' lang='lat' dir='ltr'>Lusrrnuoaum</span> <span class='ocrx_word' id='word_1_176' title='bbox 916 3572 955 3618; x_wconf 83' lang='lat' dir='ltr'>nv</span> <span class='ocrx_word' id='word_1_177' title='bbox 980 3570 1116 3619; x_wconf 81' lang='lat' dir='ltr'>aurcos</span> <span class='ocrx_word' id='word_1_178' title='bbox 1140 3551 1390 3617; x_wconf 77' lang='lat' dir='ltr'>Bnravoaum.</span> 
     </span>
    </p>
   </div>
   <div class='ocr_carea' id='block_1_5' title="bbox 717 3766 897 3778">
    <p class='ocr_par' dir='ltr' id='par_1_5' title="bbox 717 3766 897 3778">
     <span class='ocr_line' id='line_1_25' title="bbox 717 3766 897 3778; baseline 0 -2"><span class='ocrx_word' id='word_1_179' title='bbox 717 3766 897 3778; x_wconf 61' lang='lat' dir='ltr'>u———u</span> 
     </span>
    </p>
   </div>
   <div class='ocr_carea' id='block_1_6' title="bbox 216 3904 1525 4549">
    <p class='ocr_par' dir='ltr' id='par_1_6' title="bbox 216 3904 1525 4549">
     <span class='ocr_line' id='line_1_26' title="bbox 261 3904 1525 3993; baseline 0.006 -24"><span class='ocrx_word' id='word_1_180' title='bbox 261 3904 405 3972; x_wconf 86' lang='lat' dir='ltr'>Primum</span> <span class='ocrx_word' id='word_1_181' title='bbox 437 3924 515 3989; x_wconf 87' lang='lat' dir='ltr'>ergo</span> <span class='ocrx_word' id='word_1_182' title='bbox 549 3905 626 3971; x_wconf 91' lang='lat' dir='ltr'>dum</span> <span class='ocrx_word' id='word_1_183' title='bbox 650 3921 683 3973; x_wconf 93' lang='lat' dir='ltr'>et</span> <span class='ocrx_word' id='word_1_184' title='bbox 705 3907 851 3973; x_wconf 80' lang='lat' dir='ltr'>batavici</span> <span class='ocrx_word' id='word_1_185' title='bbox 874 3926 981 3975; x_wconf 90' lang='lat' dir='ltr'>mores</span> <span class='ocrx_word' id='word_1_186' title='bbox 1004 3908 1158 3975; x_wconf 88' lang='lat' dir='ltr'>Indorum</span> <span class='ocrx_word' id='word_1_187' title='bbox 1183 3910 1335 3993; x_wconf 85' lang='lat' dir='ltr'>gentibus</span> <span class='ocrx_word' id='word_1_188' title='bbox 1358 3924 1392 3975; x_wconf 92' lang='lat' dir='ltr'>et</span> <span class='ocrx_word' id='word_1_189' title='bbox 1407 3928 1525 3978; x_wconf 62' lang='lat' dir='ltr'>Aruer.</span> 
     </span>
     <span class='ocr_line' id='line_1_27' title="bbox 217 4016 1393 4104; baseline 0.004 -22"><span class='ocrx_word' id='word_1_190' title='bbox 217 4016 373 4083; x_wconf 87' lang='lat' dir='ltr'>Indorum</span> <span class='ocrx_word' id='word_1_191' title='bbox 404 4036 511 4083; x_wconf 89' lang='lat' dir='ltr'>senno</span> <span class='ocrx_word' id='word_1_192' title='bbox 542 4016 674 4084; x_wconf 84' lang='lat' dir='ltr'>Batavis</span> <span class='ocrx_word' id='word_1_193' title='bbox 704 4017 872 4104; x_wconf 90' lang='lat' dir='ltr'>incognita</span> <span class='ocrx_word' id='word_1_194' title='bbox 904 4034 1016 4099; x_wconf 91' lang='lat' dir='ltr'>erant,</span> <span class='ocrx_word' id='word_1_195' title='bbox 1040 4020 1156 4085; x_wconf 88' lang='lat' dir='ltr'>merito</span> <span class='ocrx_word' id='word_1_196' title='bbox 1181 4019 1262 4085; x_wconf 93' lang='lat' dir='ltr'>nibil</span> <span class='ocrx_word' id='word_1_197' title='bbox 1285 4019 1393 4087; x_wconf 89' lang='lat' dir='ltr'>visum</span> 
     </span>
     <span class='ocr_line' id='line_1_28' title="bbox 217 4125 1395 4215; baseline 0.003 -22"><span class='ocrx_word' id='word_1_198' title='bbox 217 4142 268 4193; x_wconf 93' lang='lat' dir='ltr'>est</span> <span class='ocrx_word' id='word_1_199' title='bbox 290 4125 444 4209; x_wconf 88' lang='lat' dir='ltr'>facilius,</span> <span class='ocrx_word' id='word_1_200' title='bbox 466 4147 563 4209; x_wconf 88' lang='lat' dir='ltr'>quarn</span> <span class='ocrx_word' id='word_1_201' title='bbox 585 4128 710 4194; x_wconf 84' lang='lat' dir='ltr'>aditum</span> <span class='ocrx_word' id='word_1_202' title='bbox 734 4129 867 4197; x_wconf 88' lang='lat' dir='ltr'>Batavis</span> <span class='ocrx_word' id='word_1_203' title='bbox 885 4130 919 4197; x_wconf 92' lang='lat' dir='ltr'>in</span> <span class='ocrx_word' id='word_1_204' title='bbox 937 4129 1106 4197; x_wconf 88' lang='lat' dir='ltr'>Orientem</span> <span class='ocrx_word' id='word_1_205' title='bbox 1120 4130 1292 4197; x_wconf 90' lang='lat' dir='ltr'>calumniis</span> <span class='ocrx_word' id='word_1_206' title='bbox 1304 4150 1395 4215; x_wconf 88' lang='lat' dir='ltr'>prae-</span> 
     </span>
     <span class='ocr_line' id='line_1_29' title="bbox 216 4239 1393 4325; baseline 0.003 -21"><span class='ocrx_word' id='word_1_207' title='bbox 216 4239 369 4305; x_wconf 86' lang='lat' dir='ltr'>cludere:</span> <span class='ocrx_word' id='word_1_208' title='bbox 412 4258 497 4320; x_wconf 91' lang='lat' dir='ltr'>quae</span> <span class='ocrx_word' id='word_1_209' title='bbox 531 4239 593 4305; x_wconf 89' lang='lat' dir='ltr'>etsi</span> <span class='ocrx_word' id='word_1_210' title='bbox 627 4240 840 4325; x_wconf 81' lang='lat' dir='ltr'>longissime,</span> <span class='ocrx_word' id='word_1_211' title='bbox 873 4260 939 4308; x_wconf 94' lang='lat' dir='ltr'>non</span> <span class='ocrx_word' id='word_1_212' title='bbox 971 4241 1076 4309; x_wconf 83' lang='lat' dir='ltr'>dicam</span> <span class='ocrx_word' id='word_1_213' title='bbox 1100 4262 1118 4307; x_wconf 89' lang='lat' dir='ltr'>a</span> <span class='ocrx_word' id='word_1_214' title='bbox 1140 4262 1241 4325; x_wconf 89' lang='lat' dir='ltr'>vero,</span> <span class='ocrx_word' id='word_1_215' title='bbox 1276 4243 1333 4309; x_wconf 91' lang='lat' dir='ltr'>sed</span> <span class='ocrx_word' id='word_1_216' title='bbox 1354 4244 1393 4308; x_wconf 93' lang='lat' dir='ltr'>ab</span> 
     </span>
     <span class='ocr_line' id='line_1_30' title="bbox 216 4342 1421 4440; baseline 0.005 -24"><span class='ocrx_word' id='word_1_217' title='bbox 216 4350 307 4417; x_wconf 87' lang='lat' dir='ltr'>omni</span> <span class='ocrx_word' id='word_1_218' title='bbox 327 4350 545 4417; x_wconf 89' lang='lat' dir='ltr'>similitudine</span> <span class='ocrx_word' id='word_1_219' title='bbox 563 4350 633 4417; x_wconf 91' lang='lat' dir='ltr'>veri</span> <span class='ocrx_word' id='word_1_220' title='bbox 656 4352 893 4433; x_wconf 89' lang='lat' dir='ltr'>abhorrebant,</span> <span class='ocrx_word' id='word_1_221' title='bbox 915 4352 1011 4419; x_wconf 89' lang='lat' dir='ltr'>fidem</span> <span class='ocrx_word' id='word_1_222' title='bbox 1035 4369 1142 4420; x_wconf 89' lang='lat' dir='ltr'>tamen</span> <span class='ocrx_word' id='word_1_223' title='bbox 1166 4353 1312 4421; x_wconf 90' lang='lat' dir='ltr'>invenire</span> <span class='ocrx_word' id='word_1_224' title='bbox 1335 4342 1421 4440; x_wconf 48' lang='lat' dir='ltr'>post</span> 
     </span>
     <span class='ocr_line' id='line_1_31' title="bbox 218 4462 1395 4549; baseline 0.006 -22"><span class='ocrx_word' id='word_1_225' title='bbox 218 4478 324 4529; x_wconf 90' lang='lat' dir='ltr'>terant</span> <span class='ocrx_word' id='word_1_226' title='bbox 346 4462 434 4546; x_wconf 87' lang='lat' dir='ltr'>apud</span> <span class='ocrx_word' id='word_1_227' title='bbox 456 4462 588 4547; x_wconf 84' lang='lat' dir='ltr'>ignaros</span> <span class='ocrx_word' id='word_1_228' title='bbox 611 4479 644 4529; x_wconf 93' lang='lat' dir='ltr'>et</span> <span class='ocrx_word' id='word_1_229' title='bbox 671 4482 736 4529; x_wconf 88' lang='lat' dir='ltr'>non</span> <span class='ocrx_word' id='word_1_230' title='bbox 761 4463 901 4549; x_wconf 73' lang='lat' dir='ltr'>iniuria,</span> <span class='ocrx_word' id='word_1_231' title='bbox 925 4480 1001 4548; x_wconf 91' lang='lat' dir='ltr'>post</span> <span class='ocrx_word' id='word_1_232' title='bbox 1023 4464 1257 4533; x_wconf 88' lang='lat' dir='ltr'>Lusitanorum</span> <span class='ocrx_word' id='word_1_233' title='bbox 1283 4466 1316 4533; x_wconf 94' lang='lat' dir='ltr'>in</span> <span class='ocrx_word' id='word_1_234' title='bbox 1341 4488 1395 4535; x_wconf 89' lang='lat' dir='ltr'>eas</span> 
     </span>
    </p>
   </div>
   <div class='ocr_carea' id='block_1_7' title="bbox 0 0 1732 5434">
    <p class='ocr_par' dir='ltr' id='par_1_7' title="bbox 0 0 1732 5434">
     <span class='ocr_line' id='line_1_32' title="bbox 0 0 1732 5434; baseline 0 0"><span class='ocrx_word' id='word_1_235' title='bbox 0 0 1732 5434; x_wconf 95' lang='lat' dir='ltr'> </span> 
     </span>
    </p>
   </div>
  </div>
 </body>
</html>
