<?xml version="1.0" encoding="UTF-8"?>
<!DOCTYPE html PUBLIC "-//W3C//DTD XHTML 1.0 Transitional//EN"
    "http://www.w3.org/TR/xhtml1/DTD/xhtml1-transitional.dtd">
<html xmlns="http://www.w3.org/1999/xhtml" xml:lang="en" lang="en">
 <head>
  <title>
</title>
<meta http-equiv="Content-Type" content="text/html;charset=utf-8" />
  <meta name='ocr-system' content='tesseract 3.04.00' />
  <meta name='ocr-capabilities' content='ocr_page ocr_carea ocr_par ocr_line ocrx_word'/>
</head>
<body>
  <div class='ocr_page' id='page_1' title='image "./ledroitdeprised02hamagoog_0219.png"; bbox 0 0 3450 5434; ppageno 0'>
   <div class='ocr_carea' id='block_1_1' title="bbox 497 648 1360 716">
    <p class='ocr_par' dir='ltr' id='par_1_1' title="bbox 497 648 1360 716">
     <span class='ocr_line' id='line_1_1' title="bbox 497 648 1360 716; baseline -0.003 -20"><span class='ocrx_word' id='word_1_1' title='bbox 497 652 543 697; x_wconf 84' lang='lat' dir='ltr'>ne</span> <span class='ocrx_word' id='word_1_2' title='bbox 566 652 660 716; x_wconf 83' lang='lat' dir='ltr'>June</span> <span class='ocrx_word' id='word_1_3' title='bbox 688 648 980 696; x_wconf 68' lang='lat' dir='ltr'>anteponent.</span> <span class='ocrx_word' id='word_1_4' title='bbox 1006 650 1055 697; x_wconf 84' lang='lat' dir='ltr'>xt.</span> <span class='ocrx_word' id='word_1_5' title='bbox 1302 650 1360 712; x_wconf 80' lang='lat'>197</span> 
     </span>
    </p>
   </div>
   <div class='ocr_carea' id='block_1_2' title="bbox 189 802 1377 4553">
    <p class='ocr_par' dir='ltr' id='par_1_2' title="bbox 189 802 1377 4553">
     <span class='ocr_line' id='line_1_2' title="bbox 189 802 1362 889; baseline -0.007 -15"><span class='ocrx_word' id='word_1_6' title='bbox 189 806 319 874; x_wconf 80' lang='lat' dir='ltr'>Sutrio.</span> <span class='ocrx_word' id='word_1_7' title='bbox 364 806 521 871; x_wconf 86' lang='lat' dir='ltr'>Caeterae</span> <span class='ocrx_word' id='word_1_8' title='bbox 551 823 653 870; x_wconf 91' lang='lat' dir='ltr'>naves</span> <span class='ocrx_word' id='word_1_9' title='bbox 674 802 780 870; x_wconf 90' lang='lat' dir='ltr'>sustae</span> <span class='ocrx_word' id='word_1_10' title='bbox 802 819 860 870; x_wconf 91' lang='lat' dir='ltr'>aut</span> <span class='ocrx_word' id='word_1_11' title='bbox 892 807 1036 889; x_wconf 88' lang='lat' dir='ltr'>galeotae</span> <span class='ocrx_word' id='word_1_12' title='bbox 1058 819 1169 885; x_wconf 89' lang='lat' dir='ltr'>erant,</span> <span class='ocrx_word' id='word_1_13' title='bbox 1194 822 1276 885; x_wconf 87' lang='lat' dir='ltr'>quas</span> <span class='ocrx_word' id='word_1_14' title='bbox 1305 822 1362 867; x_wconf 89' lang='lat' dir='ltr'>cu-</span> 
     </span>
     <span class='ocr_line' id='line_1_3' title="bbox 190 913 1362 997; baseline -0.005 -13"><span class='ocrx_word' id='word_1_15' title='bbox 190 920 282 984; x_wconf 90' lang='lat' dir='ltr'>rabat</span> <span class='ocrx_word' id='word_1_16' title='bbox 304 916 455 983; x_wconf 80' lang='lat' dir='ltr'>Andreas</span> <span class='ocrx_word' id='word_1_17' title='bbox 478 916 663 981; x_wconf 89' lang='lat' dir='ltr'>Rodericus</span> <span class='ocrx_word' id='word_1_18' title='bbox 684 916 807 982; x_wconf 88' lang='lat' dir='ltr'>Palota.</span> <span class='ocrx_word' id='word_1_19' title='bbox 853 916 945 980; x_wconf 93' lang='lat' dir='ltr'>Urbs</span> <span class='ocrx_word' id='word_1_20' title='bbox 966 914 1178 993; x_wconf 89' lang='lat' dir='ltr'>Bantamum,</span> <span class='ocrx_word' id='word_1_21' title='bbox 1203 928 1241 979; x_wconf 92' lang='lat' dir='ltr'>ut</span> <span class='ocrx_word' id='word_1_22' title='bbox 1259 913 1362 997; x_wconf 92' lang='lat' dir='ltr'>prima</span> 
     </span>
     <span class='ocr_line' id='line_1_4' title="bbox 191 1024 1362 1109; baseline -0.003 -16"><span class='ocrx_word' id='word_1_23' title='bbox 191 1030 331 1096; x_wconf 89' lang='lat' dir='ltr'>Batavos</span> <span class='ocrx_word' id='word_1_24' title='bbox 362 1026 539 1109; x_wconf 89' lang='lat' dir='ltr'>quondam·</span> <span class='ocrx_word' id='word_1_25' title='bbox 560 1026 729 1092; x_wconf 90' lang='lat' dir='ltr'>venientes</span> <span class='ocrx_word' id='word_1_26' title='bbox 761 1025 911 1108; x_wconf 84' lang='lat' dir='ltr'><strong>excepit,</strong></span> <span class='ocrx_word' id='word_1_27' title='bbox 945 1026 988 1091; x_wconf 89' lang='lat' dir='ltr'>ita</span> <span class='ocrx_word' id='word_1_28' title='bbox 1021 1025 1123 1108; x_wconf 91' lang='lat' dir='ltr'>prima</span> <span class='ocrx_word' id='word_1_29' title='bbox 1158 1024 1190 1089; x_wconf 88' lang='lat' dir='ltr'>in</span> <span class='ocrx_word' id='word_1_30' title='bbox 1225 1044 1362 1107; x_wconf 87' lang='lat' dir='ltr'>poenam</span> 
     </span>
     <span class='ocr_line' id='line_1_5' title="bbox 191 1135 1364 1223; baseline -0.002 -19"><span class='ocrx_word' id='word_1_31' title='bbox 191 1140 397 1223; x_wconf 87' lang='lat' dir='ltr'>poscebatur.</span> <span class='ocrx_word' id='word_1_32' title='bbox 446 1138 496 1203; x_wconf 94' lang='lat' dir='ltr'>Ut</span> <span class='ocrx_word' id='word_1_33' title='bbox 528 1153 643 1220; x_wconf 89' lang='lat' dir='ltr'>postea</span> <span class='ocrx_word' id='word_1_34' title='bbox 675 1157 715 1202; x_wconf 87' lang='lat' dir='ltr'>ex</span> <span class='ocrx_word' id='word_1_35' title='bbox 741 1136 915 1204; x_wconf 87' lang='lat' dir='ltr'>Francisco</span> <span class='ocrx_word' id='word_1_36' title='bbox 948 1138 1077 1218; x_wconf 86' lang='lat' dir='ltr'>Sousa,</span> <span class='ocrx_word' id='word_1_37' title='bbox 1103 1136 1174 1202; x_wconf 88' lang='lat' dir='ltr'>lilio</span> <span class='ocrx_word' id='word_1_38' title='bbox 1203 1135 1364 1221; x_wconf 86' lang='lat' dir='ltr'>Johamris</span> 
     </span>
     <span class='ocr_line' id='line_1_6' title="bbox 192 1246 1363 1331; baseline -0.003 -17"><span class='ocrx_word' id='word_1_39' title='bbox 192 1250 331 1330; x_wconf 89' lang='lat' dir='ltr'>Tuesii,</span> <span class='ocrx_word' id='word_1_40' title='bbox 355 1247 521 1314; x_wconf 80' lang='lat' dir='ltr'>rationarii</span> <span class='ocrx_word' id='word_1_41' title='bbox 544 1247 840 1331; x_wconf 86' lang='lat' dir='ltr'>Ulyssiponensis,</span> <span class='ocrx_word' id='word_1_42' title='bbox 864 1247 1003 1330; x_wconf 88' lang='lat' dir='ltr'>aliisque</span> <span class='ocrx_word' id='word_1_43' title='bbox 1027 1246 1167 1330; x_wconf 88' lang='lat' dir='ltr'>captivis</span> <span class='ocrx_word' id='word_1_44' title='bbox 1196 1246 1363 1329; x_wconf 85' lang='lat' dir='ltr'>cognitum</span> 
     </span>
     <span class='ocr_line' id='line_1_7' title="bbox 193 1356 1364 1441; baseline -0.004 -15"><span class='ocrx_word' id='word_1_45' title='bbox 193 1375 264 1440; x_wconf 90' lang='lat' dir='ltr'>est,</span> <span class='ocrx_word' id='word_1_46' title='bbox 288 1359 462 1426; x_wconf 89' lang='lat' dir='ltr'>consilium</span> <span class='ocrx_word' id='word_1_47' title='bbox 485 1373 554 1423; x_wconf 90' lang='lat' dir='ltr'>erat</span> <span class='ocrx_word' id='word_1_48' title='bbox 581 1358 723 1441; x_wconf 90' lang='lat' dir='ltr'>primum</span> <span class='ocrx_word' id='word_1_49' title='bbox 756 1359 789 1423; x_wconf 90' lang='lat' dir='ltr'>in</span> <span class='ocrx_word' id='word_1_50' title='bbox 811 1358 919 1424; x_wconf 87' lang='lat' dir='ltr'>forum</span> <span class='ocrx_word' id='word_1_51' title='bbox 944 1359 1101 1441; x_wconf 91' lang='lat' dir='ltr'>impetum</span> <span class='ocrx_word' id='word_1_52' title='bbox 1126 1356 1247 1438; x_wconf 80' lang='lat' dir='ltr'>iacere,</span> <span class='ocrx_word' id='word_1_53' title='bbox 1274 1358 1364 1438; x_wconf 90' lang='lat' dir='ltr'>quod</span> 
     </span>
     <span class='ocr_line' id='line_1_8' title="bbox 195 1468 1364 1553; baseline -0.003 -17"><span class='ocrx_word' id='word_1_54' title='bbox 195 1486 284 1537; x_wconf 85' lang='lat' dir='ltr'>extra</span> <span class='ocrx_word' id='word_1_55' title='bbox 307 1472 421 1536; x_wconf 90' lang='lat' dir='ltr'>urbem</span> <span class='ocrx_word' id='word_1_56' title='bbox 446 1484 518 1549; x_wconf 92' lang='lat' dir='ltr'>est,</span> <span class='ocrx_word' id='word_1_57' title='bbox 542 1470 639 1535; x_wconf 87' lang='lat' dir='ltr'>Basar</span> <span class='ocrx_word' id='word_1_58' title='bbox 662 1469 817 1549; x_wconf 92' lang='lat' dir='ltr'>nomine,</span> <span class='ocrx_word' id='word_1_59' title='bbox 846 1489 915 1552; x_wconf 89' lang='lat' dir='ltr'>quo</span> <span class='ocrx_word' id='word_1_60' title='bbox 938 1470 1050 1536; x_wconf 86' lang='lat' dir='ltr'>datum</span> <span class='ocrx_word' id='word_1_61' title='bbox 1073 1468 1115 1535; x_wconf 91' lang='lat' dir='ltr'>ad</span> <span class='ocrx_word' id='word_1_62' title='bbox 1137 1468 1266 1553; x_wconf 84' lang='lat' dir='ltr'>signum</span> <span class='ocrx_word' id='word_1_63' title='bbox 1290 1488 1364 1550; x_wconf 88' lang='lat' dir='ltr'>pro·</span> 
     </span>
     <span class='ocr_line' id='line_1_9' title="bbox 194 1579 1366 1666; baseline -0.003 -19"><span class='ocrx_word' id='word_1_64' title='bbox 194 1602 282 1648; x_wconf 90' lang='lat' dir='ltr'>ceres</span> <span class='ocrx_word' id='word_1_65' title='bbox 305 1582 377 1666; x_wconf 85' lang='lat' dir='ltr'>ejus</span> <span class='ocrx_word' id='word_1_66' title='bbox 396 1580 567 1660; x_wconf 81' lang='lat' dir='ltr'>factionis,</span> <span class='ocrx_word' id='word_1_67' title='bbox 598 1594 631 1645; x_wconf 92' lang='lat' dir='ltr'>et</span> <span class='ocrx_word' id='word_1_68' title='bbox 662 1598 748 1662; x_wconf 91' lang='lat' dir='ltr'>quos</span> <span class='ocrx_word' id='word_1_69' title='bbox 781 1589 798 1645; x_wconf 86' lang='lat' dir='ltr'>e</span> <span class='ocrx_word' id='word_1_70' title='bbox 828 1582 931 1663; x_wconf 87' lang='lat' dir='ltr'>vulgo</span> <span class='ocrx_word' id='word_1_71' title='bbox 965 1580 1115 1645; x_wconf 87' lang='lat' dir='ltr'>Lusitani</span> <span class='ocrx_word' id='word_1_72' title='bbox 1149 1579 1254 1662; x_wconf 89' lang='lat' dir='ltr'>pretio</span> <span class='ocrx_word' id='word_1_73' title='bbox 1286 1598 1366 1643; x_wconf 91' lang='lat' dir='ltr'>suos</span> 
     </span>
     <span class='ocr_line' id='line_1_10' title="bbox 194 1689 1367 1773; baseline -0.005 -14"><span class='ocrx_word' id='word_1_74' title='bbox 194 1692 388 1773; x_wconf 86' lang='lat' dir='ltr'>effecerant,</span> <span class='ocrx_word' id='word_1_75' title='bbox 401 1692 513 1757; x_wconf 92' lang='lat' dir='ltr'>subito</span> <span class='ocrx_word' id='word_1_76' title='bbox 524 1704 774 1757; x_wconf 85' lang='lat' dir='ltr'>concurrerent:</span> <span class='ocrx_word' id='word_1_77' title='bbox 787 1689 862 1756; x_wconf 91' lang='lat' dir='ltr'>inde</span> <span class='ocrx_word' id='word_1_78' title='bbox 875 1689 998 1773; x_wconf 91' lang='lat' dir='ltr'>irrupta</span> <span class='ocrx_word' id='word_1_79' title='bbox 1019 1690 1206 1757; x_wconf 88' lang='lat' dir='ltr'>Sinensium</span> <span class='ocrx_word' id='word_1_80' title='bbox 1227 1689 1367 1755; x_wconf 90' lang='lat' dir='ltr'>statione</span> 
     </span>
     <span class='ocr_line' id='line_1_11' title="bbox 196 1791 1367 1883; baseline -0.004 -14"><span class='ocrx_word' id='word_1_81' title='bbox 196 1805 309 1869; x_wconf 89' lang='lat' dir='ltr'>urbem</span> <span class='ocrx_word' id='word_1_82' title='bbox 340 1803 505 1870; x_wconf 90' lang='lat' dir='ltr'>invadere.</span> <span class='ocrx_word' id='word_1_83' title='bbox 550 1804 665 1883; x_wconf 89' lang='lat' dir='ltr'>Atque</span> <span class='ocrx_word' id='word_1_84' title='bbox 693 1791 774 1867; x_wconf 81' lang='lat' dir='ltr'>adeo</span> <span class='ocrx_word' id='word_1_85' title='bbox 799 1802 841 1867; x_wconf 91' lang='lat' dir='ltr'>de</span> <span class='ocrx_word' id='word_1_86' title='bbox 859 1819 1012 1867; x_wconf 85' lang='lat' dir='ltr'>successu</span> <span class='ocrx_word' id='word_1_87' title='bbox 1032 1800 1115 1866; x_wconf 90' lang='lat' dir='ltr'>nihil</span> <span class='ocrx_word' id='word_1_88' title='bbox 1135 1801 1367 1879; x_wconf 86' lang='lat' dir='ltr'>dubitabatur,</span> 
     </span>
     <span class='ocr_line' id='line_1_12' title="bbox 197 1910 1368 1997; baseline -0.004 -17"><span class='ocrx_word' id='word_1_89' title='bbox 197 1931 234 1981; x_wconf 94' lang='lat' dir='ltr'>ut</span> <span class='ocrx_word' id='word_1_90' title='bbox 260 1916 439 1980; x_wconf 87' lang='lat' dir='ltr'>monachos</span> <span class='ocrx_word' id='word_1_91' title='bbox 469 1914 556 1979; x_wconf 88' lang='lat' dir='ltr'>inter</span> <span class='ocrx_word' id='word_1_92' title='bbox 586 1927 619 1978; x_wconf 91' lang='lat' dir='ltr'>et</span> <span class='ocrx_word' id='word_1_93' title='bbox 644 1912 786 1997; x_wconf 89' lang='lat' dir='ltr'>Jesuitas</span> <span class='ocrx_word' id='word_1_94' title='bbox 816 1913 855 1978; x_wconf 94' lang='lat' dir='ltr'>de</span> <span class='ocrx_word' id='word_1_95' title='bbox 885 1912 1010 1979; x_wconf 90' lang='lat' dir='ltr'>sedium</span> <span class='ocrx_word' id='word_1_96' title='bbox 1043 1912 1218 1997; x_wconf 89' lang='lat' dir='ltr'>partitione</span> <span class='ocrx_word' id='word_1_97' title='bbox 1254 1910 1368 1977; x_wconf 89' lang='lat' dir='ltr'>acriter</span> 
     </span>
     <span class='ocr_line' id='line_1_13' title="bbox 196 2023 1370 2092; baseline -0.003 0"><span class='ocrx_word' id='word_1_98' title='bbox 196 2040 352 2092; x_wconf 89' lang='lat' dir='ltr'>certatum</span> <span class='ocrx_word' id='word_1_99' title='bbox 385 2026 440 2090; x_wconf 89' lang='lat' dir='ltr'>sit.</span> <span class='ocrx_word' id='word_1_100' title='bbox 485 2024 664 2090; x_wconf 90' lang='lat' dir='ltr'>Immunito</span> <span class='ocrx_word' id='word_1_101' title='bbox 695 2039 804 2089; x_wconf 89' lang='lat' dir='ltr'>autem</span> <span class='ocrx_word' id='word_1_102' title='bbox 835 2024 993 2089; x_wconf 89' lang='lat' dir='ltr'>Bantamo</span> <span class='ocrx_word' id='word_1_103' title='bbox 1024 2023 1171 2089; x_wconf 91' lang='lat' dir='ltr'>mandata</span> <span class='ocrx_word' id='word_1_104' title='bbox 1206 2024 1370 2089; x_wconf 87' lang='lat' dir='ltr'>habebant</span> 
     </span>
     <span class='ocr_line' id='line_1_14' title="bbox 196 2134 1368 2218; baseline -0.002 -17"><span class='ocrx_word' id='word_1_105' title='bbox 196 2137 360 2216; x_wconf 87' lang='lat' dir='ltr'>Bandam,</span> <span class='ocrx_word' id='word_1_106' title='bbox 393 2136 578 2201; x_wconf 89' lang='lat' dir='ltr'>Ambonam</span> <span class='ocrx_word' id='word_1_107' title='bbox 612 2149 645 2201; x_wconf 87' lang='lat' dir='ltr'>et</span> <span class='ocrx_word' id='word_1_108' title='bbox 677 2134 853 2201; x_wconf 88' lang='lat' dir='ltr'>Ternatam</span> <span class='ocrx_word' id='word_1_109' title='bbox 885 2134 918 2201; x_wconf 90' lang='lat' dir='ltr'>in</span> <span class='ocrx_word' id='word_1_110' title='bbox 964 2134 1120 2201; x_wconf 88' lang='lat' dir='ltr'>ditionem</span> <span class='ocrx_word' id='word_1_111' title='bbox 1156 2134 1368 2218; x_wconf 90' lang='lat' dir='ltr'>Hispanicam</span> 
     </span>
     <span class='ocr_line' id='line_1_15' title="bbox 197 2246 1368 2332; baseline -0.003 -19"><span class='ocrx_word' id='word_1_112' title='bbox 197 2268 328 2332; x_wconf 84' lang='lat' dir='ltr'>cogere:</span> <span class='ocrx_word' id='word_1_113' title='bbox 352 2266 436 2328; x_wconf 88' lang='lat' dir='ltr'>quas</span> <span class='ocrx_word' id='word_1_114' title='bbox 459 2247 500 2311; x_wconf 94' lang='lat' dir='ltr'>ad</span> <span class='ocrx_word' id='word_1_115' title='bbox 523 2266 573 2311; x_wconf 90' lang='lat' dir='ltr'>res</span> <span class='ocrx_word' id='word_1_116' title='bbox 595 2264 661 2311; x_wconf 90' lang='lat' dir='ltr'>non</span> <span class='ocrx_word' id='word_1_117' title='bbox 686 2246 763 2312; x_wconf 91' lang='lat' dir='ltr'>belli</span> <span class='ocrx_word' id='word_1_118' title='bbox 786 2260 912 2312; x_wconf 92' lang='lat' dir='ltr'>tantum</span> <span class='ocrx_word' id='word_1_119' title='bbox 936 2246 1150 2313; x_wconf 87' lang='lat' dir='ltr'>instrumenta</span> <span class='ocrx_word' id='word_1_120' title='bbox 1169 2249 1368 2327; x_wconf 85' lang='lat' dir='ltr'>attulerant,</span> 
     </span>
     <span class='ocr_line' id='line_1_16' title="bbox 197 2356 1369 2440; baseline -0.001 -15"><span class='ocrx_word' id='word_1_121' title='bbox 197 2360 257 2425; x_wconf 92' lang='lat' dir='ltr'>sed</span> <span class='ocrx_word' id='word_1_122' title='bbox 280 2373 312 2424; x_wconf 93' lang='lat' dir='ltr'>et</span> <span class='ocrx_word' id='word_1_123' title='bbox 338 2356 509 2440; x_wconf 86' lang='lat' dir='ltr'>pecuniam</span> <span class='ocrx_word' id='word_1_124' title='bbox 528 2372 561 2422; x_wconf 94' lang='lat' dir='ltr'>et</span> <span class='ocrx_word' id='word_1_125' title='bbox 580 2371 745 2437; x_wconf 86' lang='lat' dir='ltr'>aromata,</span> <span class='ocrx_word' id='word_1_126' title='bbox 769 2358 949 2423; x_wconf 88' lang='lat' dir='ltr'>mercedem</span> <span class='ocrx_word' id='word_1_127' title='bbox 969 2357 1113 2423; x_wconf 89' lang='lat' dir='ltr'>barbaris</span> <span class='ocrx_word' id='word_1_128' title='bbox 1132 2358 1369 2440; x_wconf 89' lang='lat' dir='ltr'>proditionum.</span> 
     </span>
     <span class='ocr_line' id='line_1_17' title="bbox 199 2466 1368 2553; baseline -0.001 -19"><span class='ocrx_word' id='word_1_129' title='bbox 199 2469 312 2553; x_wconf 86' lang='lat' dir='ltr'>Fregit</span> <span class='ocrx_word' id='word_1_130' title='bbox 322 2469 491 2534; x_wconf 90' lang='lat' dir='ltr'>immanem</span> <span class='ocrx_word' id='word_1_131' title='bbox 512 2468 697 2551; x_wconf 90' lang='lat' dir='ltr'>superbiam</span> <span class='ocrx_word' id='word_1_132' title='bbox 718 2468 813 2533; x_wconf 86' lang='lat' dir='ltr'>Deus</span> <span class='ocrx_word' id='word_1_133' title='bbox 833 2468 892 2551; x_wconf 91' lang='lat' dir='ltr'>(ut</span> <span class='ocrx_word' id='word_1_134' title='bbox 912 2466 979 2533; x_wconf 87' lang='lat' dir='ltr'>fere</span> <span class='ocrx_word' id='word_1_135' title='bbox 1000 2471 1101 2546; x_wconf 90' lang='lat' dir='ltr'>solet,</span> <span class='ocrx_word' id='word_1_136' title='bbox 1114 2468 1171 2533; x_wconf 89' lang='lat' dir='ltr'>ubi</span> <span class='ocrx_word' id='word_1_137' title='bbox 1192 2468 1258 2533; x_wconf 91' lang='lat' dir='ltr'>vim</span> <span class='ocrx_word' id='word_1_138' title='bbox 1278 2488 1368 2535; x_wconf 90' lang='lat' dir='ltr'>suam</span> 
     </span>
     <span class='ocr_line' id='line_1_18' title="bbox 199 2578 1369 2662; baseline 0 -17"><span class='ocrx_word' id='word_1_139' title='bbox 199 2595 288 2645; x_wconf 84' lang='lat' dir='ltr'>extra</span> <span class='ocrx_word' id='word_1_140' title='bbox 306 2580 453 2645; x_wconf 88' lang='lat' dir='ltr'>ordinem</span> <span class='ocrx_word' id='word_1_141' title='bbox 472 2581 632 2662; x_wconf 88' lang='lat' dir='ltr'>testatur)</span> <span class='ocrx_word' id='word_1_142' title='bbox 651 2578 833 2661; x_wconf 89' lang='lat' dir='ltr'>improviso</span> <span class='ocrx_word' id='word_1_143' title='bbox 852 2593 952 2661; x_wconf 90' lang='lat' dir='ltr'>atque</span> <span class='ocrx_word' id='word_1_144' title='bbox 973 2578 1148 2661; x_wconf 82' lang='lat' dir='ltr'>insperata.</span> <span class='ocrx_word' id='word_1_145' title='bbox 1195 2580 1264 2644; x_wconf 89' lang='lat' dir='ltr'>Sub</span> <span class='ocrx_word' id='word_1_146' title='bbox 1285 2579 1369 2645; x_wconf 94' lang='lat' dir='ltr'>idem</span> 
     </span>
     <span class='ocr_line' id='line_1_19' title="bbox 197 2688 1372 2774; baseline 0 -19"><span class='ocrx_word' id='word_1_147' title='bbox 197 2707 349 2772; x_wconf 89' lang='lat' dir='ltr'>tempus,</span> <span class='ocrx_word' id='word_1_148' title='bbox 373 2710 441 2771; x_wconf 92' lang='lat' dir='ltr'>quo</span> <span class='ocrx_word' id='word_1_149' title='bbox 465 2689 656 2755; x_wconf 89' lang='lat' dir='ltr'>Bantamum</span> <span class='ocrx_word' id='word_1_150' title='bbox 681 2689 833 2756; x_wconf 91' lang='lat' dir='ltr'>Lusitani</span> <span class='ocrx_word' id='word_1_151' title='bbox 858 2688 988 2755; x_wconf 91' lang='lat' dir='ltr'>excidio</span> <span class='ocrx_word' id='word_1_152' title='bbox 1006 2690 1234 2774; x_wconf 85' lang='lat' dir='ltr'>destinabant,</span> <span class='ocrx_word' id='word_1_153' title='bbox 1259 2690 1372 2757; x_wconf 88' lang='lat' dir='ltr'>Batavi</span> 
     </span>
     <span class='ocr_line' id='line_1_20' title="bbox 197 2800 1372 2884; baseline -0.001 -17"><span class='ocrx_word' id='word_1_154' title='bbox 197 2802 333 2867; x_wconf 90' lang='lat' dir='ltr'>istarum</span> <span class='ocrx_word' id='word_1_155' title='bbox 356 2821 465 2866; x_wconf 90' lang='lat' dir='ltr'>rerum</span> <span class='ocrx_word' id='word_1_156' title='bbox 496 2800 600 2884; x_wconf 84' lang='lat' dir='ltr'>ignari</span> <span class='ocrx_word' id='word_1_157' title='bbox 634 2815 809 2866; x_wconf 90' lang='lat' dir='ltr'>mercatum</span> <span class='ocrx_word' id='word_1_158' title='bbox 845 2800 986 2866; x_wconf 89' lang='lat' dir='ltr'>navibus</span> <span class='ocrx_word' id='word_1_159' title='bbox 1020 2800 1224 2880; x_wconf 87' lang='lat' dir='ltr'>adveniunt,</span> <span class='ocrx_word' id='word_1_160' title='bbox 1248 2800 1372 2881; x_wconf 86' lang='lat' dir='ltr'>quibus</span> 
     </span>
     <span class='ocr_line' id='line_1_21' title="bbox 197 2910 1372 2994; baseline 0 -19"><span class='ocrx_word' id='word_1_161' title='bbox 197 2912 425 2994; x_wconf 87' lang='lat' dir='ltr'>Wolphardus</span> <span class='ocrx_word' id='word_1_162' title='bbox 449 2911 658 2976; x_wconf 91' lang='lat' dir='ltr'>Harmannus</span> <span class='ocrx_word' id='word_1_163' title='bbox 679 2928 847 2993; x_wconf 84' lang='lat' dir='ltr'>praeerat,</span> <span class='ocrx_word' id='word_1_164' title='bbox 873 2910 1009 2976; x_wconf 91' lang='lat' dir='ltr'>honoris</span> <span class='ocrx_word' id='word_1_165' title='bbox 1032 2929 1129 2976; x_wconf 88' lang='lat' dir='ltr'>causa</span> <span class='ocrx_word' id='word_1_166' title='bbox 1153 2929 1281 2977; x_wconf 90' lang='lat' dir='ltr'>summo</span> <span class='ocrx_word' id='word_1_167' title='bbox 1299 2910 1372 2994; x_wconf 85' lang='lat' dir='ltr'>jure</span> 
     </span>
     <span class='ocr_line' id='line_1_22' title="bbox 198 3011 1372 3104; baseline 0 -17"><span class='ocrx_word' id='word_1_168' title='bbox 198 3022 441 3101; x_wconf 90' lang='lat' dir='ltr'>nominandus,</span> <span class='ocrx_word' id='word_1_169' title='bbox 477 3037 514 3087; x_wconf 93' lang='lat' dir='ltr'>ut</span> <span class='ocrx_word' id='word_1_170' title='bbox 537 3011 606 3104; x_wconf 82' lang='lat' dir='ltr'>qtio</span> <span class='ocrx_word' id='word_1_171' title='bbox 629 3022 686 3087; x_wconf 80' lang='lat' dir='ltr'>vix</span> <span class='ocrx_word' id='word_1_172' title='bbox 710 3021 909 3104; x_wconf 89' lang='lat' dir='ltr'>quisquam,</span> <span class='ocrx_word' id='word_1_173' title='bbox 933 3041 998 3086; x_wconf 88' lang='lat' dir='ltr'>non</span> <span class='ocrx_word' id='word_1_174' title='bbox 1024 3020 1127 3087; x_wconf 89' lang='lat' dir='ltr'>dicam</span> <span class='ocrx_word' id='word_1_175' title='bbox 1152 3022 1193 3087; x_wconf 89' lang='lat' dir='ltr'>de</span> <span class='ocrx_word' id='word_1_176' title='bbox 1217 3021 1372 3087; x_wconf 89' lang='lat' dir='ltr'>societate</span> 
     </span>
     <span class='ocr_line' id='line_1_23' title="bbox 197 3132 1373 3215; baseline 0.001 -17"><span class='ocrx_word' id='word_1_177' title='bbox 197 3133 331 3212; x_wconf 89' lang='lat' dir='ltr'>Indica,</span> <span class='ocrx_word' id='word_1_178' title='bbox 355 3133 413 3197; x_wconf 87' lang='lat' dir='ltr'>sed</span> <span class='ocrx_word' id='word_1_179' title='bbox 435 3132 475 3197; x_wconf 92' lang='lat' dir='ltr'>de</span> <span class='ocrx_word' id='word_1_180' title='bbox 507 3132 639 3198; x_wconf 89' lang='lat' dir='ltr'>nomine</span> <span class='ocrx_word' id='word_1_181' title='bbox 671 3134 793 3199; x_wconf 88' lang='lat' dir='ltr'>Batavo</span> <span class='ocrx_word' id='word_1_182' title='bbox 824 3134 942 3199; x_wconf 90' lang='lat' dir='ltr'>melius</span> <span class='ocrx_word' id='word_1_183' title='bbox 971 3153 1125 3215; x_wconf 91' lang='lat' dir='ltr'>umquam</span> <span class='ocrx_word' id='word_1_184' title='bbox 1154 3132 1292 3198; x_wconf 91' lang='lat' dir='ltr'>meritus</span> <span class='ocrx_word' id='word_1_185' title='bbox 1315 3132 1373 3199; x_wconf 89' lang='lat' dir='ltr'>sit.</span> 
     </span>
     <span class='ocr_line' id='line_1_24' title="bbox 199 3243 1373 3327; baseline -0.001 -17"><span class='ocrx_word' id='word_1_186' title='bbox 199 3246 255 3310; x_wconf 91' lang='lat' dir='ltr'>Ad</span> <span class='ocrx_word' id='word_1_187' title='bbox 278 3245 365 3327; x_wconf 90' lang='lat' dir='ltr'>ipsas</span> <span class='ocrx_word' id='word_1_188' title='bbox 383 3244 514 3309; x_wconf 88' lang='lat' dir='ltr'>Sundae</span> <span class='ocrx_word' id='word_1_189' title='bbox 526 3243 695 3327; x_wconf 86' lang='lat' dir='ltr'>angustias</span> <span class='ocrx_word' id='word_1_190' title='bbox 708 3244 856 3311; x_wconf 86' lang='lat' dir='ltr'>Sinensis</span> <span class='ocrx_word' id='word_1_191' title='bbox 869 3244 1020 3311; x_wconf 91' lang='lat' dir='ltr'>navicula</span> <span class='ocrx_word' id='word_1_192' title='bbox 1033 3245 1196 3311; x_wconf 89' lang='lat' dir='ltr'>occurrit:</span> <span class='ocrx_word' id='word_1_193' title='bbox 1221 3246 1373 3311; x_wconf 89' lang='lat' dir='ltr'>admonet</span> 
     </span>
     <span class='ocr_line' id='line_1_25' title="bbox 199 3353 1373 3440; baseline 0.001 -19"><span class='ocrx_word' id='word_1_194' title='bbox 199 3371 298 3421; x_wconf 89' lang='lat' dir='ltr'>nauta</span> <span class='ocrx_word' id='word_1_195' title='bbox 320 3353 555 3421; x_wconf 89' lang='lat' dir='ltr'>Lusitanorum</span> <span class='ocrx_word' id='word_1_196' title='bbox 579 3358 682 3420; x_wconf 90' lang='lat' dir='ltr'>classe</span> <span class='ocrx_word' id='word_1_197' title='bbox 704 3355 850 3421; x_wconf 89' lang='lat' dir='ltr'>obsideri</span> <span class='ocrx_word' id='word_1_198' title='bbox 873 3357 1030 3440; x_wconf 89' lang='lat' dir='ltr'>pelagus:</span> <span class='ocrx_word' id='word_1_199' title='bbox 1067 3377 1249 3439; x_wconf 91' lang='lat' dir='ltr'>quoscum</span> <span class='ocrx_word' id='word_1_200' title='bbox 1275 3356 1373 3425; x_wconf 91' lang='lat' dir='ltr'>sciret</span> 
     </span>
     <span class='ocr_line' id='line_1_26' title="bbox 199 3465 1373 3550; baseline 0.002 -18"><span class='ocrx_word' id='word_1_201' title='bbox 199 3468 396 3532; x_wconf 89' lang='lat' dir='ltr'>Batavorum</span> <span class='ocrx_word' id='word_1_202' title='bbox 416 3465 589 3549; x_wconf 89' lang='lat' dir='ltr'>pernitiem</span> <span class='ocrx_word' id='word_1_203' title='bbox 612 3486 787 3547; x_wconf 86' lang='lat' dir='ltr'>quaerere,</span> <span class='ocrx_word' id='word_1_204' title='bbox 816 3488 851 3533; x_wconf 87' lang='lat' dir='ltr'>se</span> <span class='ocrx_word' id='word_1_205' title='bbox 873 3468 1107 3550; x_wconf 86' lang='lat' dir='ltr'>praevenisse,</span> <span class='ocrx_word' id='word_1_206' title='bbox 1141 3484 1179 3534; x_wconf 94' lang='lat' dir='ltr'>ut</span> <span class='ocrx_word' id='word_1_207' title='bbox 1212 3471 1302 3534; x_wconf 88' lang='lat' dir='ltr'>salva</span> <span class='ocrx_word' id='word_1_208' title='bbox 1333 3470 1373 3534; x_wconf 89' lang='lat' dir='ltr'>ad</span> 
     </span>
     <span class='ocr_line' id='line_1_27' title="bbox 200 3578 1372 3663; baseline 0.001 -20"><span class='ocrx_word' id='word_1_209' title='bbox 200 3578 310 3662; x_wconf 86' lang='lat' dir='ltr'>fugam</span> <span class='ocrx_word' id='word_1_210' title='bbox 339 3578 497 3643; x_wconf 88' lang='lat' dir='ltr'>haberent</span> <span class='ocrx_word' id='word_1_211' title='bbox 528 3593 685 3660; x_wconf 91' lang='lat' dir='ltr'>tempora.</span> <span class='ocrx_word' id='word_1_212' title='bbox 732 3579 817 3644; x_wconf 89' lang='lat' dir='ltr'>Nam</span> <span class='ocrx_word' id='word_1_213' title='bbox 842 3594 1004 3645; x_wconf 89' lang='lat' dir='ltr'>certamen</span> <span class='ocrx_word' id='word_1_214' title='bbox 1025 3598 1120 3645; x_wconf 91' lang='lat' dir='ltr'>nemo</span> <span class='ocrx_word' id='word_1_215' title='bbox 1145 3580 1372 3663; x_wconf 86' lang='lat' dir='ltr'>exspectabat:</span> 
     </span>
     <span class='ocr_line' id='line_1_28' title="bbox 202 3689 1375 3774; baseline 0.001 -20"><span class='ocrx_word' id='word_1_216' title='bbox 202 3690 286 3755; x_wconf 91' lang='lat' dir='ltr'>nihil</span> <span class='ocrx_word' id='word_1_217' title='bbox 318 3689 402 3753; x_wconf 88' lang='lat' dir='ltr'>enirn</span> <span class='ocrx_word' id='word_1_218' title='bbox 436 3704 505 3755; x_wconf 89' lang='lat' dir='ltr'>erat</span> <span class='ocrx_word' id='word_1_219' title='bbox 539 3689 631 3770; x_wconf 93' lang='lat' dir='ltr'>quod</span> <span class='ocrx_word' id='word_1_220' title='bbox 653 3704 766 3771; x_wconf 90' lang='lat' dir='ltr'>posset</span> <span class='ocrx_word' id='word_1_221' title='bbox 788 3690 980 3772; x_wconf 87' lang='lat' dir='ltr'>comparari.</span> <span class='ocrx_word' id='word_1_222' title='bbox 1027 3690 1063 3755; x_wconf 92' lang='lat' dir='ltr'>Si</span> <span class='ocrx_word' id='word_1_223' title='bbox 1088 3711 1258 3756; x_wconf 91' lang='lat' dir='ltr'>numerum</span> <span class='ocrx_word' id='word_1_224' title='bbox 1283 3712 1375 3774; x_wconf 88' lang='lat' dir='ltr'>spec-</span> 
     </span>
     <span class='ocr_line' id='line_1_29' title="bbox 200 3800 1375 3884; baseline 0.001 -18"><span class='ocrx_word' id='word_1_225' title='bbox 200 3818 308 3881; x_wconf 89' lang='lat' dir='ltr'>tares,</span> <span class='ocrx_word' id='word_1_226' title='bbox 340 3819 439 3865; x_wconf 91' lang='lat' dir='ltr'>naves</span> <span class='ocrx_word' id='word_1_227' title='bbox 470 3800 669 3883; x_wconf 88' lang='lat' dir='ltr'>Woipbardi</span> <span class='ocrx_word' id='word_1_228' title='bbox 703 3816 846 3882; x_wconf 89' lang='lat' dir='ltr'>quatuor</span> <span class='ocrx_word' id='word_1_229' title='bbox 878 3821 952 3866; x_wconf 92' lang='lat' dir='ltr'>cum</span> <span class='ocrx_word' id='word_1_230' title='bbox 987 3803 1095 3869; x_wconf 92' lang='lat' dir='ltr'>celoce</span> <span class='ocrx_word' id='word_1_231' title='bbox 1119 3821 1207 3883; x_wconf 90' lang='lat' dir='ltr'>una,</span> <span class='ocrx_word' id='word_1_232' title='bbox 1231 3802 1312 3884; x_wconf 89' lang='lat' dir='ltr'>quid</span> <span class='ocrx_word' id='word_1_233' title='bbox 1336 3802 1375 3867; x_wconf 87' lang='lat' dir='ltr'>ad</span> 
     </span>
     <span class='ocr_line' id='line_1_30' title="bbox 202 3910 1374 3996; baseline 0 -19"><span class='ocrx_word' id='word_1_234' title='bbox 202 3912 334 3978; x_wconf 89' lang='lat' dir='ltr'>illorum</span> <span class='ocrx_word' id='word_1_235' title='bbox 350 3910 512 3996; x_wconf 71' lang='lat' dir='ltr'>triginta?</span> <span class='ocrx_word' id='word_1_236' title='bbox 537 3911 565 3977; x_wconf 93' lang='lat' dir='ltr'>si</span> <span class='ocrx_word' id='word_1_237' title='bbox 576 3912 858 3996; x_wconf 83' lang='lat' dir='ltr'>magnitudinem,</span> <span class='ocrx_word' id='word_1_238' title='bbox 883 3915 1002 3978; x_wconf 90' lang='lat' dir='ltr'>collata</span> <span class='ocrx_word' id='word_1_239' title='bbox 1014 3912 1046 3978; x_wconf 91' lang='lat' dir='ltr'>in</span> <span class='ocrx_word' id='word_1_240' title='bbox 1059 3932 1216 3978; x_wconf 90' lang='lat' dir='ltr'>summam</span> <span class='ocrx_word' id='word_1_241' title='bbox 1228 3913 1374 3979; x_wconf 92' lang='lat' dir='ltr'>omnium</span> 
     </span>
     <span class='ocr_line' id='line_1_31' title="bbox 202 4022 1376 4106; baseline -0.001 -18"><span class='ocrx_word' id='word_1_242' title='bbox 202 4023 429 4088; x_wconf 78' lang='lat' dir='ltr'>batavicarum</span> <span class='ocrx_word' id='word_1_243' title='bbox 453 4022 616 4106; x_wconf 87' lang='lat' dir='ltr'>capacitas</span> <span class='ocrx_word' id='word_1_244' title='bbox 639 4044 736 4089; x_wconf 91' lang='lat' dir='ltr'>unam</span> <span class='ocrx_word' id='word_1_245' title='bbox 761 4023 914 4089; x_wconf 89' lang='lat' dir='ltr'>Andreae</span> <span class='ocrx_word' id='word_1_246' title='bbox 938 4024 1135 4090; x_wconf 89' lang='lat' dir='ltr'>Furtadonis</span> <span class='ocrx_word' id='word_1_247' title='bbox 1158 4044 1273 4089; x_wconf 87' lang='lat' dir='ltr'>navem</span> <span class='ocrx_word' id='word_1_248' title='bbox 1294 4042 1376 4087; x_wconf 89' lang='lat' dir='ltr'>non·</span> 
     </span>
     <span class='ocr_line' id='line_1_32' title="bbox 203 4133 1376 4217; baseline 0 -18"><span class='ocrx_word' id='word_1_249' title='bbox 203 4135 281 4199; x_wconf 91' lang='lat' dir='ltr'>dum</span> <span class='ocrx_word' id='word_1_250' title='bbox 304 4134 485 4215; x_wconf 86' lang='lat' dir='ltr'>aequabat:</span> <span class='ocrx_word' id='word_1_251' title='bbox 517 4133 545 4199; x_wconf 91' lang='lat' dir='ltr'>si</span> <span class='ocrx_word' id='word_1_252' title='bbox 575 4134 821 4205; x_wconf 89' lang='lat' dir='ltr'>multitudinem</span> <span class='ocrx_word' id='word_1_253' title='bbox 845 4136 1040 4217; x_wconf 87' lang='lat' dir='ltr'>hominum,</span> <span class='ocrx_word' id='word_1_254' title='bbox 1063 4135 1200 4201; x_wconf 89' lang='lat' dir='ltr'>trecenti</span> <span class='ocrx_word' id='word_1_255' title='bbox 1225 4148 1256 4199; x_wconf 89' lang='lat' dir='ltr'>et</span> <span class='ocrx_word' id='word_1_256' title='bbox 1280 4134 1376 4216; x_wconf 92' lang='lat' dir='ltr'>quin-</span> 
     </span>
     <span class='ocr_line' id='line_1_33' title="bbox 202 4243 1377 4329; baseline -0.001 -19"><span class='ocrx_word' id='word_1_257' title='bbox 202 4243 308 4310; x_wconf 90' lang='lat' dir='ltr'>decim</span> <span class='ocrx_word' id='word_1_258' title='bbox 340 4264 454 4310; x_wconf 88' lang='lat' dir='ltr'>omnes</span> <span class='ocrx_word' id='word_1_259' title='bbox 488 4245 522 4308; x_wconf 91' lang='lat' dir='ltr'>in</span> <span class='ocrx_word' id='word_1_260' title='bbox 557 4248 659 4311; x_wconf 87' lang='lat' dir='ltr'>classe</span> <span class='ocrx_word' id='word_1_261' title='bbox 695 4246 872 4329; x_wconf 89' lang='lat' dir='ltr'>Batavica,</span> <span class='ocrx_word' id='word_1_262' title='bbox 905 4267 979 4312; x_wconf 92' lang='lat' dir='ltr'>cum</span> <span class='ocrx_word' id='word_1_263' title='bbox 1011 4246 1043 4311; x_wconf 89' lang='lat' dir='ltr'>in</span> <span class='ocrx_word' id='word_1_264' title='bbox 1067 4245 1246 4328; x_wconf 90' lang='lat' dir='ltr'>Hispanica</span> <span class='ocrx_word' id='word_1_265' title='bbox 1268 4262 1377 4310; x_wconf 90' lang='lat' dir='ltr'>essent</span> 
     </span>
     <span class='ocr_line' id='line_1_34' title="bbox 202 4356 1376 4441; baseline -0.001 -20"><span class='ocrx_word' id='word_1_266' title='bbox 202 4356 356 4422; x_wconf 88' lang='lat' dir='ltr'>Lusitani</span> <span class='ocrx_word' id='word_1_267' title='bbox 379 4356 585 4441; x_wconf 87' lang='lat' dir='ltr'>octingenti,</span> <span class='ocrx_word' id='word_1_268' title='bbox 611 4357 733 4439; x_wconf 88' lang='lat' dir='ltr'>quibus</span> <span class='ocrx_word' id='word_1_269' title='bbox 754 4374 956 4425; x_wconf 89' lang='lat' dir='ltr'>accesserant</span> <span class='ocrx_word' id='word_1_270' title='bbox 977 4357 1097 4423; x_wconf 89' lang='lat' dir='ltr'>milites</span> <span class='ocrx_word' id='word_1_271' title='bbox 1118 4356 1189 4422; x_wconf 93' lang='lat' dir='ltr'>Indi</span> <span class='ocrx_word' id='word_1_272' title='bbox 1212 4378 1276 4421; x_wconf 90' lang='lat' dir='ltr'>non</span> <span class='ocrx_word' id='word_1_273' title='bbox 1297 4376 1376 4439; x_wconf 88' lang='lat' dir='ltr'>pau-</span> 
     </span>
     <span class='ocr_line' id='line_1_35' title="bbox 202 4468 1377 4553; baseline 0 -20"><span class='ocrx_word' id='word_1_274' title='bbox 202 4468 310 4534; x_wconf 90' lang='lat' dir='ltr'>ciores</span> <span class='ocrx_word' id='word_1_275' title='bbox 329 4468 418 4534; x_wconf 91' lang='lat' dir='ltr'>mille</span> <span class='ocrx_word' id='word_1_276' title='bbox 428 4468 642 4553; x_wconf 86' lang='lat' dir='ltr'>quingentis,</span> <span class='ocrx_word' id='word_1_277' title='bbox 667 4470 1237 4552; x_wconf 88' lang='lat' dir='ltr'>praeteromnemturbamnavalem.</span> <span class='ocrx_word' id='word_1_278' title='bbox 1264 4468 1377 4533; x_wconf 74' lang='lat' dir='ltr'>liebus</span> 
     </span>
    </p>
   </div>
   <div class='ocr_carea' id='block_1_3' title="bbox 0 0 1751 5434">
    <p class='ocr_par' dir='ltr' id='par_1_3' title="bbox 0 0 1751 5434">
     <span class='ocr_line' id='line_1_36' title="bbox 0 0 1751 5434; baseline 0 0"><span class='ocrx_word' id='word_1_279' title='bbox 0 0 1751 5434; x_wconf 95' lang='lat' dir='ltr'> </span> 
     </span>
    </p>
   </div>
  </div>
 </body>
</html>
