3450 5434
512 624 559 675 oe
581 622 675 691 June
700 623 883 675 reasons.
909 627 977 679 ont
1001 629 1068 679 vn.
1332 622 1370 683 δι

199 796 271 849 rum
290 795 342 849 est
355 777 445 866 juste
463 781 612 849 eumdem
631 795 664 847 et
683 779 804 869 injuste
822 800 917 866 agere
933 802 1000 853 non
1018 804 1135 868 posse,
1154 803 1228 856 eum
1248 800 1373 855 utrunt·

199 908 266 973 que
287 889 377 960 istud
398 891 524 976 agentls
546 890 688 961 animum
711 891 888 975 respiciat,
923 892 957 962 in
980 912 1048 978 quo
1071 896 1252 968 contrariae
1274 897 1371 965 affec·

198 998 307 1069 tiones
328 1000 414 1069 circa
433 1020 500 1069 rem
521 999 665 1070 eamdem
688 1002 786 1070 simul
807 1018 876 1069 esse
903 1023 969 1071 non
989 1022 1139 1089 possunt.
1181 1005 1242 1091 Jus
1265 1022 1371 1078 tutem

199 1109 307 1181 facere
328 1127 361 1181 ct
381 1109 532 1197 injuriam
555 1112 674 1198 pariter
694 1110 778 1181 idem
799 1129 931 1197 potest,
957 1116 1098 1185 sednon
1116 1132 1266 1201 respectu
1285 1116 1372 1203 ejus·

200 1220 284 1289 dem.
328 1222 487 1293 Actiones
507 1219 592 1294 enirn
615 1224 655 1291 ab
676 1222 790 1291 eodem
809 1226 1023 1309 procedentes
1042 1242 1183 1311 possunt
1203 1246 1273 1295 esse
1293 1249 1372 1295 con·

198 1332 314 1401 pariae
344 1332 378 1404 in
410 1330 550 1404 diversis
569 1332 794 1419 patientibus,
818 1333 906 1403 sicut
924 1336 1034 1405 eadem
1054 1338 1140 1423 ignis
1158 1335 1371 1410 calefactione

199 1442 357 1512 mollefiet
386 1462 482 1525 cera,
524 1443 630 1513 lutum
663 1442 809 1516 duratur.
855 1447 905 1515 Ita
935 1468 1010 1515 cum
1044 1449 1195 1518 subditus
1228 1449 1372 1534 legitima

200 1553 393 1621 auctoritate
424 1554 546 1622 bellum
579 1575 637 1639 per
669 1576 705 1621 se
738 1555 897 1641 iniustum
931 1556 1035 1643 gerit,
1068 1558 1188 1645 injuria
1220 1559 1300 1625 haec
1323 1572 1373 1626 est

200 1662 326 1731 radone
357 1664 468 1735 habita
496 1667 567 1750 ejus
599 1663 633 1733 in
665 1684 764 1748 quem
793 1682 969 1741 sumuntur
1006 1687 1115 1751 arms,
1137 1668 1192 1753 jus
1214 1684 1322 1737 autem
1345 1666 1373 1735 si

201 1772 409 1859 imperantem
440 1776 637 1849 consideres.
682 1774 805 1859 Neque
836 1798 915 1845 vero
943 1776 999 1862 jus
1028 1792 1177 1860 tantum,
1200 1777 1373 1846 sedetiam

198 1883 349 1970 justitia,
383 1906 480 1970 cum,
505 1902 663 1972 utsupra
685 1886 913 1969 ostendimus,
936 1888 1044 1959 virtus
1065 1888 1190 1957 subditi
1213 1888 1373 1973 respicere

173 2066 176 2068 r
200 1996 316 2063 debeat
334 1997 553 2081 imperantem.
577 1997 707 2065 Clarior
725 2018 776 2065 res
799 1994 857 2065 fiet
876 1998 939 2067 iSta
961 2000 1249 2085 argumentatione.
1272 2000 1374 2088 Quod

201 2106 277 2198 quis
306 2107 461 2177 omittens
493 2107 614 2194 injuste
643 2108 786 2189 iaceret,
809 2109 873 2175 hoc
895 2108 1002 2193 ipsum
1024 2130 1090 2176 non
1111 2102 1265 2177 omittens
1284 2110 1373 2194 iuste

199 2213 290 2285 facit.
333 2216 458 2304 Injuste
486 2234 594 2287 autem
623 2219 743 2289 faceret
772 2220 951 2301 subditus,
973 2219 1002 2285 si
1023 2220 1159 2305 jubente
1182 2218 1372 2305 magistratu

201 2327 346 2410 bellum,
369 2330 460 2413 quod
480 2327 550 2414 ipse
576 2327 701 2397 nesciat
723 2328 883 2415 injustum
904 2347 997 2412 esse,
1019 2332 1123 2397 nollet
1145 2348 1273 2416 gerere,
1295 2351 1372 2416 pec-

200 2455 353 2524 carctque
372 2461 439 2506 non
457 2455 584 2528 tantum
603 2440 761 2519 civiliter,
778 2459 894 2511 verum
914 2441 1009 2509 etiam
1029 2433 1185 2511 adversus
1204 2442 1373 2509 conscien-

199 2550 277 2624 tiam
297 2552 322 2617 ¹.
367 2550 471 2622 Miles
489 2551 598 2633 enim,
621 2566 659 2619 ut
680 2551 768 2635 apud
779 2548 1006 2637 Augustinuns
1021 2552 1032 2587 ²
1045 2568 1113 2634 est,
1136 2552 1368 2619 eomobedt'ens

194 2664 357 2747 potestati
383 2662 442 2728 tub
473 2681 542 2749 quo
572 2661 719 2749 legitime
747 2666 948 2735 constitutus
976 2677 1049 2744 est,
1089 2663 1249 2741 hominem
1289 2666 1371 2729 ocei-

200 2770 275 2853 dit,
305 2771 402 2838 nullo
429 2775 582 2841 ciuitatis
607 2794 687 2841 tuoe
718 2770 786 2859 lege
818 2794 895 2843 reus
924 2785 971 2839 est
1003 2773 1175 2840 homicidii
1184 2795 1197 2837 .·
1220 2776 1284 2837 imo
1305 2774 1372 2838 niti

197 2880 318 2967 dicerit
340 2904 416 2949 reus
439 2897 487 2951 est
506 2886 642 2969 imperii
661 2881 784 2954 deserti
805 2896 907 2969 atque
924 2884 1111 2967 contempti.
1149 2876 1291 2964 Quodsi
1309 2900 1371 2947 suo

200 3007 311 3079 sponte
321 3007 422 3079 atque
432 2998 640 3061 auctoritate
652 2996 804 3079 fecisset,
824 2994 861 3064 io
880 2996 1005 3062 crimen
1023 2990 1120 3079 effusi
1138 2993 1277 3057 hainoni
1295 3013 1372 3059 san·

198 3106 312 3191 guinis
326 3103 505 3171 incidisset.
530 3103 652 3191 ltaque
671 3102 757 3172 unde
769 3105 919 3191 punitur
937 3106 968 3173 si
983 3100 1109 3189 fecerit
1120 3102 1284 3189 injutiut,
1296 3098 1373 3168 lade

195 3216 399 3300 punietursi
419 3234 483 3281 non
497 3215 623 3299 feeerit
634 3214 762 3301 jussos.
788 3214 945 3298 Sequitur
966 3234 1042 3301 ergo
1059 3215 1146 3300 juste
1168 3212 1276 3281 facere
1294 3214 1372 3280 sub·

200 3322 328 3406 ditum,
350 3326 560 3391 cembellum
573 3323 681 3410 gerit,
706 3323 799 3408 quod
819 3342 886 3393 non
910 3325 1072 3393 existimat
1093 3324 1252 3409 injustum
1276 3308 1370 3405 esse,

201 3434 326 3501 etiamsi
357 3455 396 3501 eo
426 3434 499 3520 ipso
532 3435 625 3502 alteri
648 3435 688 3501 fit
709 3434 830 3522 injuria
852 3437 880 3502 ⁸.
925 3432 1047 3518 Neque
1068 3454 1146 3501 vero
1169 3435 1232 3501 hoc
1254 3434 1371 3501 mitum

201 3543 308 3612 videri
330 3543 435 3613 debet.
461 3543 548 3613 Nam
572 3561 605 3612 et
623 3545 747 3631 iudex,
770 3544 831 3629 qui
851 3565 943 3613 reum
966 3546 1127 3614 insontem
1151 3543 1306 3629 legitimis
1325 3560 1373 3611 ta·

201 3676 275 3723 men
297 3656 486 3724 convictum
508 3656 758 3740 probationibus
781 3656 998 3736 condemnat,
1018 3658 1104 3741 juste
1127 3654 1224 3721 facit:
1239 3654 1274 3721 id
1288 3654 1372 3721 enim

200 3760 304 3849 facit,
327 3766 501 3850 quodnisi
521 3763 645 3835 faceret
667 3782 834 3853 peccaret:
856 3785 918 3834 nec
942 3788 981 3835 eo
1003 3780 1111 3833 tamen
1134 3764 1242 3833 minus
1264 3762 1303 3831 fit
1324 3764 1373 3832 in-

201 3877 334 3943 nocenti
362 3876 493 3961 injuria.
544 3877 658 3946 Simile
691 3878 758 3945 dici
789 3892 898 3963 potest
930 3874 969 3943 de
1001 3892 1192 3944 exsecutore
1224 3872 1373 3960 capitalis

200 3990 396 4055 sententiaee
426 4002 557 4055 tenetur
588 3988 672 4055 enim
708 3987 844 4072 exsequi
876 3986 941 4055 nisi
973 4002 1164 4071 persuasum
1186 3988 1305 4053 lrabeat
1324 3985 1372 4052 in·

202 4200 387 4214 m

236 4325 354 4379 ¹Tlrom.
373 4328 704 4395 r.o.q.96.arr.4soto
723 4330 831 4390 doinst.
849 4344 874 4382 et
892 4330 983 4390 iuret.
1001 4327 1195 4391 1.q.6.arr.t.
1229 4324 1288 4378 ¹cle
1306 4322 1374 4377 civit.

201 4420 220 4467 t
240 4432 261 4471 r.
279 4434 300 4469 e.
318 4420 358 4469 26.
374 4419 464 4472 citatur
478 4421 505 4472 in
522 4436 543 4473 a
559 4421 638 4473 mna.
656 4422 741 4485 [neor.
758 4424 829 4476 Grac
845 4433 872 4483 p.
892 4436 915 4477 t·
926 4432 997 4481 ass.
1010 4420 1060 4485 re]
1098 4419 1109 4453 ⁸
1126 4417 1185 4471 silv.
1198 4416 1225 4471 ir
1234 4434 1260 4471 v.
1268 4418 1374 4469 mnum-

207 4521 229 4557 r.
245 4523 270 4560 n.
287 4524 312 4572 p.
329 4512 409 4559 oonol.
425 4526 452 4572 4.

1225 4598 1245 4663 ⁶
