3450 5434
348 593 410 636 202
654 587 701 639 RE
725 586 819 650 JURE
845 586 1030 634 undennis.
1056 588 1138 634 CAP·
1164 589 1214 634 xl.

348 742 444 828 genio
476 740 581 808 felicis
609 739 732 824 patriae
761 739 927 825 gratulari.
992 740 1079 806 Nam
1114 760 1188 806 cum
1219 742 1365 826 Jacobus
1403 742 1523 807 Hems-

347 853 498 921 kerckius
530 853 564 918 in
597 872 650 918 eas
681 851 828 919 venisset
858 867 967 936 partes
990 868 1022 918 et
1045 851 1159 919 Patani
1190 869 1398 935 versaretur,
1435 852 1525 919 unde

348 985 513 1032 accessum
545 963 587 1031 ad
617 983 723 1049 regem
753 964 859 1049 Jorae.
883 963 1069 1044 ambiebat,
1100 981 1295 1046 responsum
1326 983 1441 1048 arege
1474 980 1525 1030 est

348 1095 413 1143 non
446 1076 545 1142 modo
576 1095 634 1159 per
665 1076 799 1156 literas,
831 1074 890 1141 sed
922 1094 980 1158 per
1003 1073 1133 1142 fratrem
1157 1074 1292 1141 Siackae
1312 1074 1525 1157 Principem,

347 1203 522 1253 venturum
541 1185 605 1253 sibi
625 1187 717 1252 illum
736 1186 976 1273 gratissimum,
999 1202 1110 1270 patere
1129 1206 1280 1271 regnum,
1302 1200 1414 1269 patere
1434 1206 1526 1251 com-

348 1298 483 1363 mercia:
508 1318 592 1379 quae
612 1297 641 1363 si
662 1296 817 1364 inviseret
835 1318 871 1365 re
898 1297 969 1381 ipsa
991 1314 1222 1382 percepturum
1242 1308 1276 1363 et
1294 1312 1410 1365 terram
1431 1315 1523 1361 suam

348 1430 425 1493 prae
443 1408 579 1475 caeteris
596 1411 785 1493 opulentam
803 1408 1046 1489 mercimoniis,
1070 1429 1154 1491 quae
1174 1408 1288 1475 batavi
1308 1422 1524 1491 expeterent,

349 1536 383 1586 et
402 1520 509 1603 ipsum
532 1541 568 1587 se
595 1522 701 1586 multo
729 1520 844 1603 aliter,
866 1540 963 1603 quam
992 1535 1138 1587 caeteros
1165 1520 1320 1587 Indorum
1350 1518 1525 1602 Principes

350 1631 525 1697 animatum
555 1630 788 1713 affectumque.
833 1632 1039 1715 Perspectam
1065 1632 1128 1698 sibi
1149 1630 1389 1698 Hollandorum
1411 1629 1526 1708 fidem,

350 1762 409 1808 nec
449 1743 630 1826 quidquam
660 1742 822 1827 praeferre
851 1742 984 1811 illorum
1014 1742 1198 1825 amicitiae,
1230 1761 1316 1825 quos
1347 1756 1527 1825 cognosset

349 1867 414 1918 tam
439 1852 523 1921 lidos
543 1854 665 1933 sociis,
686 1874 784 1937 quam
808 1852 963 1921 hostibus
986 1854 1143 1921 invictos.
1189 1852 1324 1941 Quibus
1346 1852 1527 1918 intellectis

350 1963 502 2031 Lusitani
536 1966 670 2052 legatos}
693 1967 841 2032 Malacca
863 1966 1048 2047 miserunt,
1082 1966 1139 2049 qui
1162 1985 1228 2031 non
1252 1964 1351 2031 modo
1373 1984 1484 2048 regem
1507 1984 1527 2028 a

350 2076 553 2143 commerciis
570 2077 766 2157 Batavorum
776 2076 951 2143 calumniis
960 2078 1179 2158 deterrerent,
1202 2076 1260 2141 sed
1270 2077 1391 2141 bellurn
1402 2075 1526 2157 etiam,

350 2185 386 2250 ni
413 2186 607 2267 absisteret,
639 2186 867 2269 inexplicabile
895 2187 1108 2254 minarentur.
1165 2187 1214 2252 At
1240 2206 1281 2253 ne
1308 2186 1360 2252 his
1390 2185 1526 2268 quidem

351 2316 407 2361 rex
438 2310 550 2363 motus
582 2311 620 2361 ut
639 2298 797 2380 pollicitis
818 2299 1029 2380 abscederet,
1053 2299 1228 2381 respondet
1258 2296 1429 2365 Lusitanis
1455 2295 1527 2363 ani·

351 2425 464 2487 mose,
488 2422 628 2475 attamen
651 2428 690 2474 ex
713 2429 843 2491 aequa,
868 2409 900 2474 iu
920 2411 1009 2476 hunc
1029 2407 1132 2475 ferme
1150 2409 1295 2475 modum.
1323 2408 1526 2495 Numquam

350 2518 415 2582 sibi
431 2532 631 2603 compertum
653 2520 737 2585 tales
759 2540 824 2585 esse
845 2520 1053 2600 Hellandas,
1078 2520 1192 2605 quales
1217 2541 1238 2584 a
1260 2518 1440 2585 Lusitanis
1456 2516 1528 2601 fin·

347 2643 535 2715 gerentur:
557 2644 725 2695 caeterum
754 2630 845 2697 illud
871 2630 1039 2713 audiisse,
1069 2632 1189 2698 illatas
1216 2631 1364 2717 injurias
1388 2629 1526 2696 abillis

343 2738 494 2823 sortiter
511 2739 707 2823 uindicari,
731 2741 820 2827 quad
848 2742 1005 2827 quomoda
1027 2743 1230 2828 repandum
1251 2746 1319 2821 sit,
1343 2763 1375 2806 se
1393 2740 1527 2826 quidem

351 2872 416 2916 nan
444 2851 581 2919 nidere:
611 2864 714 2937 atque
734 2852 814 2917 adea
834 2852 906 2917 illis
927 2857 1027 2918 etiam
1047 2852 1232 2936 confidere,
1254 2857 1336 2938 quia
1356 2854 1526 2937 injuriam

344 2960 464 3044 facere
485 2962 583 3029 nolit.
628 2964 667 3027 Si
695 2983 781 3049 quae
812 2967 1013 3029 inimicitiae
1040 2964 1220 3029 Hollandis
1242 2984 1316 3029 cum
1345 2962 1527 3029 Lusitanis

351 3072 616 3154 intercederent,
638 3072 678 3137 ni
695 3072 744 3139 ad
761 3094 794 3138 se
815 3075 906 3138 nihil
917 3078 1114 3159 pertinere:
1126 3094 1183 3139 nea
1195 3094 1271 3142 tera
1283 3093 1425 3159 aequum
1437 3094 1526 3155 esse,

352 3196 390 3247 ut
410 3183 466 3247 illi
485 3184 572 3263 sibi,
597 3182 682 3268 qaid
700 3204 757 3248 sua
778 3188 814 3249 in
835 3206 935 3272 regna
947 3184 1227 3270 faeeredeberrt,
1235 3186 1526 3269 praescriberent:

352 3296 415 3358 ima
443 3296 567 3358 rectius
594 3293 800 3377 Lusitanos,
819 3308 857 3359 at
878 3300 938 3382 qui
957 3296 1153 3361 Malueram
1175 3309 1350 3378 tenerent,
1375 3296 1469 3380 (nam
1493 3310 1527 3363 et

352 3404 436 3469 hanc
467 3404 557 3470 avito
583 3406 657 3489 jure
688 3425 745 3471 rex
776 3405 831 3471 ille
862 3407 926 3473 sibi
950 3406 1120 3490 vindicat,
1144 3406 1204 3473 etsi
1233 3407 1444 3490 possessione
1469 3408 1528 3473 de·

352 3517 485 3599 trusus)
507 3520 575 3612 tuis
599 3517 724 3605 legibus
740 3523 934 3604 parituras.
981 3519 1076 3585 Adeo
1099 3520 1179 3585 haec
1202 3518 1404 3584 offenderant
1431 3538 1528 3585 aures

352 3625 423 3693 veri
451 3626 680 3712 impatientes,
712 3644 751 3695 ut
780 3630 941 3696 continuo
972 3649 1072 3697 naves
1107 3630 1240 3697 bellicae
1259 3643 1324 3696 tres
1354 3645 1386 3695 et
1417 3628 1527 3695 iustae

351 3738 502 3822 quinque
520 3740 561 3806 ad
579 3740 684 3806 amnis
702 3742 774 3825 ejus
790 3741 883 3827 regni
903 3741 987 3807 ostia
1005 3740 1229 3808 mitterentur:
1252 3756 1323 3807 tum
1341 3756 1380 3806 ut
1399 3740 1525 3806 aditum

352 3849 482 3917 batavis
500 3852 765 3934 praecluderent,
787 3867 858 3919 tum
881 3868 918 3919 ut
937 3853 971 3917 in
991 3855 1064 3937 eius
1083 3851 1205 3919 littoris
1224 3854 1350 3919 accolas
1369 3851 1527 3919 caedibus

194 3986 264 4031 Anno
278 3992 339 4043 1⁶03.
353 3980 386 4029 et
405 3963 532 4047 praedis
556 3978 588 4029 et
609 3963 643 4028 in
667 3983 824 4029 summam
857 3962 1051 4030 Lusitanice
1083 3980 1317 4049 grassarentur.
1364 3963 1432 4029 Ista
1450 3964 1526 4028 Res

353 4074 463 4141 omnia
491 4075 532 4139 ad
565 4074 861 4157 Hemslrerckium,
893 4060 952 4157 qui
975 4089 1046 4141 tum
1070 4075 1110 4141 ad
1133 4076 1271 4143 insulam
1297 4075 1453 4140 Tiamaor
1474 4076 1526 4140 ul-

353 4204 448 4254 turus
479 4206 554 4253 suas
587 4187 819 4269 sociorumque
850 4187 987 4271 injurias
1019 4188 1155 4272 agebat,
1190 4187 1304 4254 sedulo
1336 4184 1527 4269 perscripsit

353 4300 489 4385 adiectis
511 4297 687 4384 precibus,
710 4319 751 4366 ne
763 4298 943 4381 beneficia,
966 4320 1051 4384 quae
1063 4298 1097 4363 iu
1111 4298 1296 4364 Hollandos
1308 4298 1525 4378 contulisset,

354 4412 416 4479 sibi
437 4412 538 4479 exitio
558 4430 629 4480 esse
647 4426 821 4496 pateretur.
845 4411 952 4497 Quam
974 4430 1025 4478 res
1043 4424 1154 4477 sancta
1174 4409 1218 4477 sit
1238 4425 1270 4475 et
1283 4422 1373 4494 grata
1382 4428 1525 4493 superno

920 4529 932 4557 1

918 4720 930 4751 Ι
