<?xml version="1.0" encoding="UTF-8"?>
<!DOCTYPE html PUBLIC "-//W3C//DTD XHTML 1.0 Transitional//EN"
    "http://www.w3.org/TR/xhtml1/DTD/xhtml1-transitional.dtd">
<html xmlns="http://www.w3.org/1999/xhtml" xml:lang="en" lang="en">
 <head>
  <title>
</title>
<meta http-equiv="Content-Type" content="text/html;charset=utf-8" />
  <meta name='ocr-system' content='tesseract 3.04.00' />
  <meta name='ocr-capabilities' content='ocr_page ocr_carea ocr_par ocr_line ocrx_word'/>
</head>
<body>
  <div class='ocr_page' id='page_1' title='image "./ledroitdeprised02hamagoog_0028.png"; bbox 0 0 3450 5434; ppageno 0'>
   <div class='ocr_carea' id='block_1_1' title="bbox 355 643 1210 724">
    <p class='ocr_par' dir='ltr' id='par_1_1' title="bbox 355 643 1210 724">
     <span class='ocr_line' id='line_1_1' title="bbox 355 643 1210 724; baseline -0.006 -18"><span class='ocrx_word' id='word_1_1' title='bbox 355 643 376 706; x_wconf 82' lang='lat'>6</span> <span class='ocrx_word' id='word_1_2' title='bbox 672 657 719 704; x_wconf 81' lang='lat' dir='ltr'><strong>nu</strong></span> <span class='ocrx_word' id='word_1_3' title='bbox 742 656 837 724; x_wconf 79' lang='lat' dir='ltr'><strong>June</strong></span> <span class='ocrx_word' id='word_1_4' title='bbox 861 653 1050 703; x_wconf 76' lang='lat' dir='ltr'><strong>enarrate.</strong></span> <span class='ocrx_word' id='word_1_5' title='bbox 1075 652 1158 702; x_wconf 78' lang='lat' dir='ltr'><strong>eae.</strong></span> <span class='ocrx_word' id='word_1_6' title='bbox 1182 655 1210 702; x_wconf 79' lang='lat' dir='ltr'><strong>r.</strong></span> 
     </span>
    </p>
   </div>
   <div class='ocr_carea' id='block_1_2' title="bbox 354 811 1533 4027">
    <p class='ocr_par' dir='ltr' id='par_1_2' title="bbox 354 811 1533 4027">
     <span class='ocr_line' id='line_1_2' title="bbox 355 811 1530 900; baseline -0.005 -18"><span class='ocrx_word' id='word_1_7' title='bbox 355 817 459 900; x_wconf 65' lang='grc' dir='ltr'><strong>ἔχθραν</strong></span> <span class='ocrx_word' id='word_1_8' title='bbox 487 817 648 900; x_wconf 71' lang='grc' dir='ltr'><strong>προέλθωσι.</strong></span> <span class='ocrx_word' id='word_1_9' title='bbox 697 811 826 878; x_wconf 83' lang='lat' dir='ltr'><strong>Eorum</strong></span> <span class='ocrx_word' id='word_1_10' title='bbox 858 831 938 877; x_wconf 79' lang='lat' dir='ltr'><strong>sane</strong></span> <span class='ocrx_word' id='word_1_11' title='bbox 966 831 1051 897; x_wconf 82' lang='lat' dir='ltr'><strong>quoe</strong></span> <span class='ocrx_word' id='word_1_12' title='bbox 1079 813 1209 897; x_wconf 83' lang='lat' dir='ltr'><strong>scripta</strong></span> <span class='ocrx_word' id='word_1_13' title='bbox 1231 825 1309 876; x_wconf 84' lang='lat' dir='ltr'><strong>sunt</strong></span> <span class='ocrx_word' id='word_1_14' title='bbox 1332 811 1421 877; x_wconf 77' lang='lat' dir='ltr'><strong>nihil</strong></span> <span class='ocrx_word' id='word_1_15' title='bbox 1439 812 1530 877; x_wconf 78' lang='lat' dir='ltr'><strong>inter</strong></span> 
     </span>
     <span class='ocr_line' id='line_1_3' title="bbox 356 923 1530 1008; baseline -0.001 -19"><span class='ocrx_word' id='word_1_16' title='bbox 356 927 460 991; x_wconf 78' lang='lat' dir='ltr'><strong>hostes</strong></span> <span class='ocrx_word' id='word_1_17' title='bbox 493 925 610 1008; x_wconf 68' lang='grc' dir='ltr'><strong>ναίεις</strong></span> <span class='ocrx_word' id='word_1_18' title='bbox 657 944 760 990; x_wconf 79' lang='lat' dir='ltr'><strong>mores</strong></span> <span class='ocrx_word' id='word_1_19' title='bbox 794 937 906 989; x_wconf 82' lang='lat' dir='ltr'><strong>autem</strong></span> <span class='ocrx_word' id='word_1_20' title='bbox 937 935 1121 990; x_wconf 70' lang='lat' dir='ltr'><strong>serrantur</strong></span> <span class='ocrx_word' id='word_1_21' title='bbox 1148 923 1190 987; x_wconf 78' lang='lat' dir='ltr'><strong>ab</strong></span> <span class='ocrx_word' id='word_1_22' title='bbox 1222 924 1395 1006; x_wconf 79' lang='lat' dir='ltr'><strong>omnibus,</strong></span> <span class='ocrx_word' id='word_1_23' title='bbox 1428 927 1530 989; x_wconf 81' lang='lat' dir='ltr'><strong>otiam</strong></span> 
     </span>
     <span class='ocr_line' id='line_1_4' title="bbox 355 1033 1530 1123; baseline -0.002 -21"><span class='ocrx_word' id='word_1_24' title='bbox 355 1059 428 1103; x_wconf 83' lang='lat' dir='ltr'><strong>oum</strong></span> <span class='ocrx_word' id='word_1_25' title='bbox 452 1037 500 1102; x_wconf 83' lang='lat' dir='ltr'><strong>ad</strong></span> <span class='ocrx_word' id='word_1_26' title='bbox 520 1051 704 1102; x_wconf 79' lang='lat' dir='ltr'><strong>extremum</strong></span> <span class='ocrx_word' id='word_1_27' title='bbox 727 1036 796 1102; x_wconf 80' lang='lat' dir='ltr'><strong>odii</strong></span> <span class='ocrx_word' id='word_1_28' title='bbox 810 1038 1047 1123; x_wconf 76' lang='lat' dir='ltr'><em>processerint.</em></span> <span class='ocrx_word' id='word_1_29' title='bbox 1093 1033 1163 1100; x_wconf 90' lang='lat' dir='ltr'><strong>Ubi</strong></span> <span class='ocrx_word' id='word_1_30' title='bbox 1183 1054 1289 1100; x_wconf 86' lang='lat' dir='ltr'><strong>mores</strong></span> <span class='ocrx_word' id='word_1_31' title='bbox 1319 1035 1405 1102; x_wconf 89' lang='lat' dir='ltr'><strong>idem</strong></span> <span class='ocrx_word' id='word_1_32' title='bbox 1427 1049 1530 1117; x_wconf 83' lang='lat' dir='ltr'><strong>sunt,</strong></span> 
     </span>
     <span class='ocr_line' id='line_1_5' title="bbox 356 1145 1530 1234; baseline -0.003 -18"><span class='ocrx_word' id='word_1_33' title='bbox 356 1149 447 1233; x_wconf 91' lang='lat' dir='ltr'><strong>quod</strong></span> <span class='ocrx_word' id='word_1_34' title='bbox 467 1148 556 1232; x_wconf 90' lang='lat' dir='ltr'><strong>apud</strong></span> <span class='ocrx_word' id='word_1_35' title='bbox 579 1149 730 1215; x_wconf 87' lang='lat' dir='ltr'><strong>Tullium</strong></span> <span class='ocrx_word' id='word_1_36' title='bbox 755 1155 848 1212; x_wconf 77' lang='lat' dir='ltr'><strong>lnon</strong></span> <span class='ocrx_word' id='word_1_37' title='bbox 871 1151 1000 1234; x_wconf 81' lang='lat' dir='ltr'><strong>scripta</strong></span> <span class='ocrx_word' id='word_1_38' title='bbox 1020 1145 1077 1212; x_wconf 80' lang='lat' dir='ltr'><strong>sed</strong></span> <span class='ocrx_word' id='word_1_39' title='bbox 1099 1161 1183 1211; x_wconf 83' lang='lat' dir='ltr'><strong>nata</strong></span> <span class='ocrx_word' id='word_1_40' title='bbox 1204 1147 1282 1229; x_wconf 79' lang='lat' dir='ltr'><strong>lex,</strong></span> <span class='ocrx_word' id='word_1_41' title='bbox 1308 1161 1342 1212; x_wconf 92' lang='lat' dir='ltr'><strong>et</strong></span> <span class='ocrx_word' id='word_1_42' title='bbox 1360 1147 1448 1230; x_wconf 87' lang='lat' dir='ltr'><strong>apud</strong></span> <span class='ocrx_word' id='word_1_43' title='bbox 1469 1147 1530 1213; x_wconf 84' lang='lat' dir='ltr'><strong>So·</strong></span> 
     </span>
     <span class='ocr_line' id='line_1_6' title="bbox 355 1255 1530 1347; baseline -0.003 -21"><span class='ocrx_word' id='word_1_44' title='bbox 355 1255 537 1344; x_wconf 84' lang='lat' dir='ltr'><strong>phoclem²</strong></span> <span class='ocrx_word' id='word_1_45' title='bbox 560 1261 882 1347; x_wconf 55' lang='lat' dir='ltr'><strong>emmerammum</strong></span> <span class='ocrx_word' id='word_1_46' title='bbox 914 1263 980 1329; x_wconf 76' lang='lat' dir='ltr'><strong>lario</strong></span> <span class='ocrx_word' id='word_1_47' title='bbox 1010 1261 1135 1342; x_wconf 64' lang='lat' dir='ltr'><strong>ripaue,</strong></span> <span class='ocrx_word' id='word_1_48' title='bbox 1159 1279 1223 1323; x_wconf 85' lang='lat' dir='ltr'><strong>non</strong></span> <span class='ocrx_word' id='word_1_49' title='bbox 1250 1261 1379 1345; x_wconf 83' lang='lat' dir='ltr'><strong>scripta</strong></span> <span class='ocrx_word' id='word_1_50' title='bbox 1400 1256 1530 1345; x_wconf 80' lang='lat' dir='ltr'><strong>quidem</strong></span> 
     </span>
     <span class='ocr_line' id='line_1_7' title="bbox 355 1369 1530 1456; baseline -0.001 -19"><span class='ocrx_word' id='word_1_51' title='bbox 355 1372 420 1437; x_wconf 81' lang='lat' dir='ltr'><strong>illo</strong></span> <span class='ocrx_word' id='word_1_52' title='bbox 440 1371 498 1437; x_wconf 80' lang='lat' dir='ltr'><strong>sed</strong></span> <span class='ocrx_word' id='word_1_53' title='bbox 514 1384 610 1436; x_wconf 82' lang='lat' dir='ltr'><strong>certa</strong></span> <span class='ocrx_word' id='word_1_54' title='bbox 632 1371 741 1437; x_wconf 73' lang='lat' dir='ltr'><strong>Derim</strong></span> <span class='ocrx_word' id='word_1_55' title='bbox 764 1372 863 1456; x_wconf 83' lang='lat' dir='ltr'><strong>juro.</strong></span> <span class='ocrx_word' id='word_1_56' title='bbox 910 1369 1104 1436; x_wconf 88' lang='lat' dir='ltr'><strong>Lactantius</strong></span> <span class='ocrx_word' id='word_1_57' title='bbox 1128 1369 1140 1405; x_wconf 87' lang='lat'>⁸</span> <span class='ocrx_word' id='word_1_58' title='bbox 1163 1389 1241 1436; x_wconf 87' lang='lat' dir='ltr'><strong>vero</strong></span> <span class='ocrx_word' id='word_1_59' title='bbox 1264 1369 1361 1437; x_wconf 84' lang='lat' dir='ltr'><strong>etiam</strong></span> <span class='ocrx_word' id='word_1_60' title='bbox 1384 1370 1530 1454; x_wconf 85' lang='lat' dir='ltr'><strong>philoso-</strong></span> 
     </span>
     <span class='ocr_line' id='line_1_8' title="bbox 355 1481 1529 1568; baseline -0.003 -19"><span class='ocrx_word' id='word_1_61' title='bbox 355 1483 441 1568; x_wconf 84' lang='lat' dir='ltr'><strong>phos</strong></span> <span class='ocrx_word' id='word_1_62' title='bbox 461 1483 691 1566; x_wconf 83' lang='lat' dir='ltr'><strong>reprehendit,</strong></span> <span class='ocrx_word' id='word_1_63' title='bbox 717 1482 904 1566; x_wconf 88' lang='lat' dir='ltr'><strong>quodcum</strong></span> <span class='ocrx_word' id='word_1_64' title='bbox 925 1481 966 1548; x_wconf 93' lang='lat' dir='ltr'><strong>de</strong></span> <span class='ocrx_word' id='word_1_65' title='bbox 987 1481 1103 1547; x_wconf 88' lang='lat' dir='ltr'><strong>officiis</strong></span> <span class='ocrx_word' id='word_1_66' title='bbox 1124 1482 1165 1548; x_wconf 88' lang='lat' dir='ltr'><strong>ad</strong></span> <span class='ocrx_word' id='word_1_67' title='bbox 1185 1501 1252 1547; x_wconf 89' lang='lat' dir='ltr'><strong>rem</strong></span> <span class='ocrx_word' id='word_1_68' title='bbox 1272 1481 1446 1549; x_wconf 86' lang='lat' dir='ltr'><strong>militarem</strong></span> <span class='ocrx_word' id='word_1_69' title='bbox 1456 1499 1529 1566; x_wconf 88' lang='lat' dir='ltr'><strong>per·</strong></span> 
     </span>
     <span class='ocr_line' id='line_1_9' title="bbox 356 1593 1531 1679; baseline -0.001 -18"><span class='ocrx_word' id='word_1_70' title='bbox 356 1595 536 1662; x_wconf 87' lang='lat' dir='ltr'><strong>timentibus</strong></span> <span class='ocrx_word' id='word_1_71' title='bbox 558 1595 748 1679; x_wconf 88' lang='lat' dir='ltr'><strong>disputant,</strong></span> <span class='ocrx_word' id='word_1_72' title='bbox 780 1613 849 1660; x_wconf 90' lang='lat' dir='ltr'><strong>eam</strong></span> <span class='ocrx_word' id='word_1_73' title='bbox 880 1612 948 1661; x_wconf 91' lang='lat' dir='ltr'><strong>non</strong></span> <span class='ocrx_word' id='word_1_74' title='bbox 976 1593 1018 1659; x_wconf 89' lang='lat' dir='ltr'><strong>ad</strong></span> <span class='ocrx_word' id='word_1_75' title='bbox 1038 1613 1147 1660; x_wconf 87' lang='lat' dir='ltr'><strong>veram</strong></span> <span class='ocrx_word' id='word_1_76' title='bbox 1166 1593 1325 1679; x_wconf 88' lang='lat' dir='ltr'><strong>justitiam</strong></span> <span class='ocrx_word' id='word_1_77' title='bbox 1347 1611 1531 1661; x_wconf 84' lang='lat' dir='ltr'><strong>accommo-</strong></span> 
     </span>
     <span class='ocr_line' id='line_1_10' title="bbox 356 1706 1530 1794; baseline -0.003 -20"><span class='ocrx_word' id='word_1_78' title='bbox 356 1707 458 1791; x_wconf 88' lang='lat' dir='ltr'><strong>dant,</strong></span> <span class='ocrx_word' id='word_1_79' title='bbox 482 1707 540 1773; x_wconf 85' lang='lat' dir='ltr'><strong>sed</strong></span> <span class='ocrx_word' id='word_1_80' title='bbox 561 1707 603 1773; x_wconf 87' lang='lat' dir='ltr'><strong>ad</strong></span> <span class='ocrx_word' id='word_1_81' title='bbox 622 1707 722 1774; x_wconf 88' lang='lat' dir='ltr'><strong>vitam</strong></span> <span class='ocrx_word' id='word_1_82' title='bbox 743 1725 933 1789; x_wconf 89' lang='lat' dir='ltr'><strong>moremque</strong></span> <span class='ocrx_word' id='word_1_83' title='bbox 953 1706 1096 1773; x_wconf 86' lang='lat' dir='ltr'><strong>civilem.</strong></span> <span class='ocrx_word' id='word_1_84' title='bbox 1140 1707 1237 1794; x_wconf 88' lang='lat' dir='ltr'><strong>Quos</strong></span> <span class='ocrx_word' id='word_1_85' title='bbox 1258 1721 1408 1773; x_wconf 85' lang='lat' dir='ltr'><strong>auctores</strong></span> <span class='ocrx_word' id='word_1_86' title='bbox 1430 1707 1459 1772; x_wconf 87' lang='lat' dir='ltr'><strong>si</strong></span> <span class='ocrx_word' id='word_1_87' title='bbox 1483 1706 1530 1773; x_wconf 90' lang='lat' dir='ltr'><strong>illi</strong></span> 
     </span>
     <span class='ocr_line' id='line_1_11' title="bbox 356 1817 1531 1905; baseline -0.001 -21"><span class='ocrx_word' id='word_1_88' title='bbox 356 1839 422 1887; x_wconf 89' lang='lat' dir='ltr'><strong>non</strong></span> <span class='ocrx_word' id='word_1_89' title='bbox 442 1821 581 1905; x_wconf 82' lang='lat' dir='ltr'><strong>legunt,</strong></span> <span class='ocrx_word' id='word_1_90' title='bbox 605 1834 639 1885; x_wconf 88' lang='lat' dir='ltr'><strong>at</strong></span> <span class='ocrx_word' id='word_1_91' title='bbox 660 1817 820 1885; x_wconf 69' lang='lat' dir='ltr'><strong>baldum*</strong></span> <span class='ocrx_word' id='word_1_92' title='bbox 842 1817 1072 1884; x_wconf 76' lang='lat' dir='ltr'><strong>suum‘audire</strong></span> <span class='ocrx_word' id='word_1_93' title='bbox 1094 1818 1293 1897; x_wconf 79' lang='lat' dir='ltr'><strong>debuerant,</strong></span> <span class='ocrx_word' id='word_1_94' title='bbox 1322 1818 1380 1903; x_wconf 89' lang='lat' dir='ltr'><strong>qui</strong></span> <span class='ocrx_word' id='word_1_95' title='bbox 1403 1818 1531 1902; x_wconf 85' lang='lat' dir='ltr'><strong>sapien-</strong></span> 
     </span>
     <span class='ocr_line' id='line_1_12' title="bbox 356 1927 1531 2014; baseline -0.003 -16"><span class='ocrx_word' id='word_1_96' title='bbox 356 1947 404 1998; x_wconf 85' lang='lat' dir='ltr'><strong>ter</strong></span> <span class='ocrx_word' id='word_1_97' title='bbox 433 1931 549 1998; x_wconf 86' lang='lat' dir='ltr'><strong>docuit</strong></span> <span class='ocrx_word' id='word_1_98' title='bbox 574 1931 658 1998; x_wconf 89' lang='lat' dir='ltr'><strong>inter</strong></span> <span class='ocrx_word' id='word_1_99' title='bbox 687 1949 764 2012; x_wconf 88' lang='lat' dir='ltr'><strong>eos,</strong></span> <span class='ocrx_word' id='word_1_100' title='bbox 789 1929 848 2012; x_wconf 92' lang='lat' dir='ltr'><strong>qui</strong></span> <span class='ocrx_word' id='word_1_101' title='bbox 876 1948 1059 2013; x_wconf 84' lang='lat' dir='ltr'><strong>supremam</strong></span> <span class='ocrx_word' id='word_1_102' title='bbox 1083 1927 1209 2013; x_wconf 90' lang='lat' dir='ltr'><strong>imperii</strong></span> <span class='ocrx_word' id='word_1_103' title='bbox 1242 1943 1437 2014; x_wconf 81' lang='lat' dir='ltr'><strong>potestatem</strong></span> <span class='ocrx_word' id='word_1_104' title='bbox 1468 1929 1531 1995; x_wconf 85' lang='lat' dir='ltr'><strong>sibi</strong></span> 
     </span>
     <span class='ocr_line' id='line_1_13' title="bbox 355 2040 1531 2126; baseline -0.001 -17"><span class='ocrx_word' id='word_1_105' title='bbox 355 2043 550 2125; x_wconf 85' lang='lat' dir='ltr'><strong>vindicant,</strong></span> <span class='ocrx_word' id='word_1_106' title='bbox 585 2041 613 2110; x_wconf 90' lang='lat' dir='ltr'><strong>si</strong></span> <span class='ocrx_word' id='word_1_107' title='bbox 648 2042 729 2126; x_wconf 91' lang='lat' dir='ltr'><strong>quid</strong></span> <span class='ocrx_word' id='word_1_108' title='bbox 759 2040 912 2107; x_wconf 89' lang='lat' dir='ltr'><strong>inciderit</strong></span> <span class='ocrx_word' id='word_1_109' title='bbox 944 2041 1189 2124; x_wconf 87' lang='lat' dir='ltr'><strong>contentionis,</strong></span> <span class='ocrx_word' id='word_1_110' title='bbox 1224 2061 1291 2108; x_wconf 86' lang='lat' dir='ltr'><strong>non</strong></span> <span class='ocrx_word' id='word_1_111' title='bbox 1331 2042 1430 2108; x_wconf 90' lang='lat' dir='ltr'><strong>alium</strong></span> <span class='ocrx_word' id='word_1_112' title='bbox 1462 2041 1531 2108; x_wconf 86' lang='lat' dir='ltr'><strong>dari</strong></span> 
     </span>
     <span class='ocr_line' id='line_1_14' title="bbox 354 2151 1531 2240; baseline 0 -20"><span class='ocrx_word' id='word_1_113' title='bbox 354 2154 523 2240; x_wconf 89' lang='lat' dir='ltr'><strong>judicem,</strong></span> <span class='ocrx_word' id='word_1_114' title='bbox 547 2171 644 2237; x_wconf 86' lang='lat' dir='ltr'><strong>quam</strong></span> <span class='ocrx_word' id='word_1_115' title='bbox 665 2155 843 2220; x_wconf 76' lang='lat' dir='ltr'><strong>naturalem</strong></span> <span class='ocrx_word' id='word_1_116' title='bbox 863 2153 1039 2237; x_wconf 81' lang='lat' dir='ltr'><strong>rationem,</strong></span> <span class='ocrx_word' id='word_1_117' title='bbox 1063 2151 1224 2219; x_wconf 89' lang='lat' dir='ltr'><strong>bonorum</strong></span> <span class='ocrx_word' id='word_1_118' title='bbox 1247 2169 1347 2238; x_wconf 89' lang='lat' dir='ltr'><strong>atque</strong></span> <span class='ocrx_word' id='word_1_119' title='bbox 1370 2156 1531 2220; x_wconf 89' lang='lat' dir='ltr'><strong>malorum</strong></span> 
     </span>
     <span class='ocr_line' id='line_1_15' title="bbox 357 2261 1532 2352; baseline 0.001 -20"><span class='ocrx_word' id='word_1_120' title='bbox 357 2266 531 2333; x_wconf 84' lang='lat' dir='ltr'><strong>arbitram:</strong></span> <span class='ocrx_word' id='word_1_121' title='bbox 567 2265 658 2349; x_wconf 91' lang='lat' dir='ltr'><strong>quod</strong></span> <span class='ocrx_word' id='word_1_122' title='bbox 688 2279 720 2332; x_wconf 91' lang='lat' dir='ltr'><strong>et</strong></span> <span class='ocrx_word' id='word_1_123' title='bbox 751 2263 806 2331; x_wconf 87' lang='lat' dir='ltr'><strong>alii</strong></span> <span class='ocrx_word' id='word_1_124' title='bbox 830 2264 1025 2332; x_wconf 86' lang='lat' dir='ltr'><strong>eruditiores</strong></span> <span class='ocrx_word' id='word_1_125' title='bbox 1045 2263 1059 2300; x_wconf 79' lang='lat'>⁸</span> <span class='ocrx_word' id='word_1_126' title='bbox 1077 2266 1297 2333; x_wconf 81' lang='lat' dir='ltr'><strong>consciscunt.</strong></span> <span class='ocrx_word' id='word_1_127' title='bbox 1343 2261 1414 2331; x_wconf 82' lang='lat' dir='ltr'><strong>Nec</strong></span> <span class='ocrx_word' id='word_1_128' title='bbox 1435 2269 1532 2352; x_wconf 85' lang='lat' dir='ltr'><strong>longe</strong></span> 
     </span>
     <span class='ocr_line' id='line_1_16' title="bbox 356 2376 1532 2463; baseline 0 -19"><span class='ocrx_word' id='word_1_129' title='bbox 356 2379 425 2446; x_wconf 87' lang='lat' dir='ltr'><strong>abit</strong></span> <span class='ocrx_word' id='word_1_130' title='bbox 456 2380 628 2463; x_wconf 85' lang='lat' dir='ltr'><strong>vulgatum</strong></span> <span class='ocrx_word' id='word_1_131' title='bbox 662 2377 768 2459; x_wconf 91' lang='lat' dir='ltr'><strong>illud,</strong></span> <span class='ocrx_word' id='word_1_132' title='bbox 803 2376 992 2444; x_wconf 85' lang='lat' dir='ltr'><strong>intellectus</strong></span> <span class='ocrx_word' id='word_1_133' title='bbox 1017 2377 1152 2461; x_wconf 84' lang='lat' dir='ltr'><strong>penuria</strong></span> <span class='ocrx_word' id='word_1_134' title='bbox 1182 2395 1256 2444; x_wconf 91' lang='lat' dir='ltr'><strong>eum</strong></span> <span class='ocrx_word' id='word_1_135' title='bbox 1279 2379 1450 2460; x_wconf 85' lang='lat' dir='ltr'><strong>laborare,</strong></span> <span class='ocrx_word' id='word_1_136' title='bbox 1467 2377 1532 2461; x_wconf 81' lang='lat' dir='ltr'><strong>‘qui</strong></span> 
     </span>
     <span class='ocr_line' id='line_1_17' title="bbox 356 2487 1533 2574; baseline -0.001 -18"><span class='ocrx_word' id='word_1_137' title='bbox 356 2491 460 2574; x_wconf 78' lang='lat' dir='ltr'><strong>legem</strong></span> <span class='ocrx_word' id='word_1_138' title='bbox 493 2504 628 2572; x_wconf 90' lang='lat' dir='ltr'><strong>quaerat</strong></span> <span class='ocrx_word' id='word_1_139' title='bbox 653 2487 712 2554; x_wconf 89' lang='lat' dir='ltr'><strong>ubi</strong></span> <span class='ocrx_word' id='word_1_140' title='bbox 742 2491 898 2555; x_wconf 89' lang='lat' dir='ltr'><strong>naturalis</strong></span> <span class='ocrx_word' id='word_1_141' title='bbox 920 2503 1074 2572; x_wconf 86' lang='lat' dir='ltr'><strong>suppetat</strong></span> <span class='ocrx_word' id='word_1_142' title='bbox 1102 2489 1197 2556; x_wconf 90' lang='lat' dir='ltr'><strong>ratio.</strong></span> <span class='ocrx_word' id='word_1_143' title='bbox 1253 2490 1400 2556; x_wconf 84' lang='lat' dir='ltr'><strong>Aliunde</strong></span> <span class='ocrx_word' id='word_1_144' title='bbox 1432 2490 1533 2574; x_wconf 80' lang='lat' dir='ltr'><strong>igitur</strong></span> 
     </span>
     <span class='ocr_line' id='line_1_18' title="bbox 357 2601 1532 2685; baseline -0.002 -17"><span class='ocrx_word' id='word_1_145' title='bbox 357 2621 452 2685; x_wconf 89' lang='lat' dir='ltr'><strong>quam</strong></span> <span class='ocrx_word' id='word_1_146' title='bbox 486 2621 526 2667; x_wconf 87' lang='lat' dir='ltr'><strong>ex</strong></span> <span class='ocrx_word' id='word_1_147' title='bbox 558 2603 666 2685; x_wconf 82' lang='lat' dir='ltr'><strong>legum</strong></span> <span class='ocrx_word' id='word_1_148' title='bbox 690 2601 910 2668; x_wconf 86' lang='lat' dir='ltr'><strong>Romanarum</strong></span> <span class='ocrx_word' id='word_1_149' title='bbox 935 2619 1071 2684; x_wconf 84' lang='lat' dir='ltr'><strong>corpore</strong></span> <span class='ocrx_word' id='word_1_150' title='bbox 1098 2601 1237 2684; x_wconf 90' lang='lat' dir='ltr'><strong>petenda</strong></span> <span class='ocrx_word' id='word_1_151' title='bbox 1260 2616 1310 2668; x_wconf 87' lang='lat' dir='ltr'><strong>est</strong></span> <span class='ocrx_word' id='word_1_152' title='bbox 1330 2601 1532 2685; x_wconf 89' lang='lat' dir='ltr'><strong>praestabilis</strong></span> 
     </span>
     <span class='ocr_line' id='line_1_19' title="bbox 359 2710 1530 2796; baseline 0.001 -17"><span class='ocrx_word' id='word_1_153' title='bbox 359 2713 414 2780; x_wconf 88' lang='lat' dir='ltr'><strong>illa</strong></span> <span class='ocrx_word' id='word_1_154' title='bbox 441 2712 603 2795; x_wconf 84' lang='lat' dir='ltr'><strong>seientia,</strong></span> <span class='ocrx_word' id='word_1_155' title='bbox 635 2731 732 2796; x_wconf 89' lang='lat' dir='ltr'><strong>quam</strong></span> <span class='ocrx_word' id='word_1_156' title='bbox 767 2712 888 2778; x_wconf 87' lang='lat' dir='ltr'><strong>Cicero</strong></span> <span class='ocrx_word' id='word_1_157' title='bbox 907 2710 920 2746; x_wconf 83' lang='lat'>⁸</span> <span class='ocrx_word' id='word_1_158' title='bbox 942 2711 1024 2778; x_wconf 85' lang='lat' dir='ltr'><strong>dicit</strong></span> <span class='ocrx_word' id='word_1_159' title='bbox 1050 2713 1227 2779; x_wconf 85' lang='lat' dir='ltr'><strong>consistere</strong></span> <span class='ocrx_word' id='word_1_160' title='bbox 1254 2713 1288 2780; x_wconf 91' lang='lat' dir='ltr'><strong>in</strong></span> <span class='ocrx_word' id='word_1_161' title='bbox 1318 2712 1530 2796; x_wconf 87' lang='lat' dir='ltr'><strong>foederibus,</strong></span> 
     </span>
     <span class='ocr_line' id='line_1_20' title="bbox 356 2823 1532 2912; baseline 0 -22"><span class='ocrx_word' id='word_1_162' title='bbox 356 2823 587 2909; x_wconf 85' lang='lat' dir='ltr'><strong>pactionibus,</strong></span> <span class='ocrx_word' id='word_1_163' title='bbox 622 2824 871 2892; x_wconf 87' lang='lat' dir='ltr'><strong>conditionibus</strong></span> <span class='ocrx_word' id='word_1_164' title='bbox 903 2827 1102 2908; x_wconf 88' lang='lat' dir='ltr'><strong>populorum</strong></span> <span class='ocrx_word' id='word_1_165' title='bbox 1137 2843 1249 2912; x_wconf 76' lang='lat' dir='ltr'><strong>regum</strong></span> <span class='ocrx_word' id='word_1_166' title='bbox 1283 2840 1532 2909; x_wconf 84' lang='lat' dir='ltr'><strong>exterarumque</strong></span> 
     </span>
     <span class='ocr_line' id='line_1_21' title="bbox 357 2935 1532 3020; baseline -0.001 -17"><span class='ocrx_word' id='word_1_167' title='bbox 357 2937 549 3018; x_wconf 87' lang='lat' dir='ltr'><strong>nationum,</strong></span> <span class='ocrx_word' id='word_1_168' title='bbox 574 2937 607 3002; x_wconf 92' lang='lat' dir='ltr'><strong>in</strong></span> <span class='ocrx_word' id='word_1_169' title='bbox 638 2935 727 3002; x_wconf 90' lang='lat' dir='ltr'><strong>omni</strong></span> <span class='ocrx_word' id='word_1_170' title='bbox 756 2936 898 3020; x_wconf 89' lang='lat' dir='ltr'><strong>denique</strong></span> <span class='ocrx_word' id='word_1_171' title='bbox 920 2937 997 3001; x_wconf 91' lang='lat' dir='ltr'><strong>belli</strong></span> <span class='ocrx_word' id='word_1_172' title='bbox 1016 2937 1089 3019; x_wconf 85' lang='lat' dir='ltr'><strong>jure</strong></span> <span class='ocrx_word' id='word_1_173' title='bbox 1114 2955 1152 3000; x_wconf 90' lang='lat' dir='ltr'><strong>ac</strong></span> <span class='ocrx_word' id='word_1_174' title='bbox 1175 2936 1276 3019; x_wconf 80' lang='lat' dir='ltr'><strong>pacis.</strong></span> <span class='ocrx_word' id='word_1_175' title='bbox 1326 2935 1447 3002; x_wconf 83' lang='lat' dir='ltr'><strong>Melius</strong></span> <span class='ocrx_word' id='word_1_176' title='bbox 1473 2937 1532 3002; x_wconf 89' lang='lat' dir='ltr'><strong>ali·</strong></span> 
     </span>
     <span class='ocr_line' id='line_1_22' title="bbox 357 3047 1531 3132; baseline 0 -19"><span class='ocrx_word' id='word_1_177' title='bbox 357 3063 480 3131; x_wconf 88' lang='lat' dir='ltr'><strong>quanto</strong></span> <span class='ocrx_word' id='word_1_178' title='bbox 501 3047 549 3113; x_wconf 92' lang='lat' dir='ltr'><strong>illi</strong></span> <span class='ocrx_word' id='word_1_179' title='bbox 570 3062 602 3113; x_wconf 92' lang='lat' dir='ltr'><strong>et</strong></span> <span class='ocrx_word' id='word_1_180' title='bbox 620 3047 764 3127; x_wconf 72' lang='lat' dir='ltr'><strong>certiuS,</strong></span> <span class='ocrx_word' id='word_1_181' title='bbox 789 3047 847 3131; x_wconf 91' lang='lat' dir='ltr'><strong>qui</strong></span> <span class='ocrx_word' id='word_1_182' title='bbox 870 3068 908 3113; x_wconf 87' lang='lat' dir='ltr'><strong>ex</strong></span> <span class='ocrx_word' id='word_1_183' title='bbox 928 3047 1029 3114; x_wconf 90' lang='lat' dir='ltr'><strong>sacris</strong></span> <span class='ocrx_word' id='word_1_184' title='bbox 1048 3047 1166 3113; x_wconf 87' lang='lat' dir='ltr'><strong>litteris</strong></span> <span class='ocrx_word' id='word_1_185' title='bbox 1181 3047 1242 3114; x_wconf 89' lang='lat' dir='ltr'><strong>ista</strong></span> <span class='ocrx_word' id='word_1_186' title='bbox 1258 3049 1383 3114; x_wconf 88' lang='lat' dir='ltr'><strong>malunt</strong></span> <span class='ocrx_word' id='word_1_187' title='bbox 1404 3047 1531 3132; x_wconf 87' lang='lat' dir='ltr'><strong>discep-</strong></span> 
     </span>
     <span class='ocr_line' id='line_1_23' title="bbox 356 3156 1532 3244; baseline -0.001 -19"><span class='ocrx_word' id='word_1_188' title='bbox 356 3159 441 3241; x_wconf 83' lang='lat' dir='ltr'><strong>tari,</strong></span> <span class='ocrx_word' id='word_1_189' title='bbox 465 3159 528 3225; x_wconf 86' lang='lat' dir='ltr'><strong>nisi</strong></span> <span class='ocrx_word' id='word_1_190' title='bbox 555 3159 646 3242; x_wconf 90' lang='lat' dir='ltr'><strong>quod</strong></span> <span class='ocrx_word' id='word_1_191' title='bbox 672 3158 775 3225; x_wconf 84' lang='lat' dir='ltr'><strong>nudas</strong></span> <span class='ocrx_word' id='word_1_192' title='bbox 796 3160 990 3242; x_wconf 87' lang='lat' dir='ltr'><strong>plerumque</strong></span> <span class='ocrx_word' id='word_1_193' title='bbox 1010 3156 1163 3224; x_wconf 83' lang='lat' dir='ltr'><strong>historias</strong></span> <span class='ocrx_word' id='word_1_194' title='bbox 1186 3173 1243 3224; x_wconf 89' lang='lat' dir='ltr'><strong>aut</strong></span> <span class='ocrx_word' id='word_1_195' title='bbox 1263 3159 1318 3244; x_wconf 85' lang='lat' dir='ltr'><strong>jus</strong></span> <span class='ocrx_word' id='word_1_196' title='bbox 1342 3159 1440 3225; x_wconf 87' lang='lat' dir='ltr'><strong>civile</strong></span> <span class='ocrx_word' id='word_1_197' title='bbox 1464 3159 1532 3224; x_wconf 88' lang='lat' dir='ltr'><strong>He·</strong></span> 
     </span>
     <span class='ocr_line' id='line_1_24' title="bbox 357 3269 1532 3354; baseline 0 -18"><span class='ocrx_word' id='word_1_198' title='bbox 357 3271 526 3336; x_wconf 89' lang='lat' dir='ltr'><strong>braeorum</strong></span> <span class='ocrx_word' id='word_1_199' title='bbox 552 3289 612 3353; x_wconf 92' lang='lat' dir='ltr'><strong>pro</strong></span> <span class='ocrx_word' id='word_1_200' title='bbox 638 3271 710 3354; x_wconf 85' lang='lat' dir='ltr'><strong>jure</strong></span> <span class='ocrx_word' id='word_1_201' title='bbox 739 3269 852 3336; x_wconf 89' lang='lat' dir='ltr'><strong>divino</strong></span> <span class='ocrx_word' id='word_1_202' title='bbox 881 3271 1075 3338; x_wconf 88' lang='lat' dir='ltr'><strong>obtendunt.</strong></span> <span class='ocrx_word' id='word_1_203' title='bbox 1120 3269 1205 3335; x_wconf 89' lang='lat' dir='ltr'><strong>Nam</strong></span> <span class='ocrx_word' id='word_1_204' title='bbox 1231 3289 1313 3353; x_wconf 89' lang='lat' dir='ltr'><strong>quae</strong></span> <span class='ocrx_word' id='word_1_205' title='bbox 1342 3271 1461 3354; x_wconf 85' lang='lat' dir='ltr'><strong>passim</strong></span> <span class='ocrx_word' id='word_1_206' title='bbox 1494 3291 1532 3337; x_wconf 82' lang='lat' dir='ltr'><strong>ex</strong></span> 
     </span>
     <span class='ocr_line' id='line_1_25' title="bbox 356 3381 1531 3476; baseline 0.001 -28"><span class='ocrx_word' id='word_1_207' title='bbox 356 3381 503 3448; x_wconf 89' lang='lat' dir='ltr'><strong>omnium</strong></span> <span class='ocrx_word' id='word_1_208' title='bbox 527 3381 672 3467; x_wconf 86' lang='lat' dir='ltr'><strong>gentium</strong></span> <span class='ocrx_word' id='word_1_209' title='bbox 696 3382 867 3448; x_wconf 83' lang='lat' dir='ltr'><strong>annalibus</strong></span> <span class='ocrx_word' id='word_1_210' title='bbox 895 3381 949 3448; x_wconf 90' lang='lat' dir='ltr'><strong>alii</strong></span> <span class='ocrx_word' id='word_1_211' title='bbox 977 3385 1203 3467; x_wconf 83' lang='lat' dir='ltr'><strong>collegerunt,</strong></span> <span class='ocrx_word' id='word_1_212' title='bbox 1227 3395 1265 3448; x_wconf 93' lang='lat' dir='ltr'><strong>ut</strong></span> <span class='ocrx_word' id='word_1_213' title='bbox 1286 3382 1327 3448; x_wconf 90' lang='lat' dir='ltr'><strong>ad</strong></span> <span class='ocrx_word' id='word_1_214' title='bbox 1349 3401 1417 3448; x_wconf 89' lang='lat' dir='ltr'><strong>rem</strong></span> <span class='ocrx_word' id='word_1_215' title='bbox 1440 3383 1531 3476; x_wconf 70' lang='lat' dir='ltr'><strong>illus7</strong></span> 
     </span>
     <span class='ocr_line' id='line_1_26' title="bbox 356 3493 1531 3586; baseline 0 -26"><span class='ocrx_word' id='word_1_216' title='bbox 356 3494 501 3560; x_wconf 85' lang='lat' dir='ltr'><strong>trandam</strong></span> <span class='ocrx_word' id='word_1_217' title='bbox 533 3493 730 3586; x_wconf 75' lang='lat' dir='ltr'><strong>plurimum,</strong></span> <span class='ocrx_word' id='word_1_218' title='bbox 753 3493 798 3559; x_wconf 92' lang='lat' dir='ltr'><strong>ita</strong></span> <span class='ocrx_word' id='word_1_219' title='bbox 818 3494 858 3559; x_wconf 88' lang='lat' dir='ltr'><strong>ad</strong></span> <span class='ocrx_word' id='word_1_220' title='bbox 878 3493 1121 3576; x_wconf 83' lang='lat' dir='ltr'><strong>dijudicandum</strong></span> <span class='ocrx_word' id='word_1_221' title='bbox 1145 3509 1201 3559; x_wconf 89' lang='lat' dir='ltr'><strong>aut</strong></span> <span class='ocrx_word' id='word_1_222' title='bbox 1232 3493 1316 3559; x_wconf 88' lang='lat' dir='ltr'><strong>nibil</strong></span> <span class='ocrx_word' id='word_1_223' title='bbox 1340 3507 1398 3559; x_wconf 90' lang='lat' dir='ltr'><strong>aut</strong></span> <span class='ocrx_word' id='word_1_224' title='bbox 1418 3513 1531 3578; x_wconf 86' lang='lat' dir='ltr'><strong>parum</strong></span> 
     </span>
     <span class='ocr_line' id='line_1_27' title="bbox 356 3604 1531 3689; baseline 0.001 -18"><span class='ocrx_word' id='word_1_225' title='bbox 356 3607 489 3684; x_wconf 84' lang='lat' dir='ltr'><strong>valent,</strong></span> <span class='ocrx_word' id='word_1_226' title='bbox 523 3625 598 3672; x_wconf 92' lang='lat' dir='ltr'><strong>cum</strong></span> <span class='ocrx_word' id='word_1_227' title='bbox 632 3604 701 3672; x_wconf 89' lang='lat' dir='ltr'><strong>fere</strong></span> <span class='ocrx_word' id='word_1_228' title='bbox 735 3607 819 3672; x_wconf 90' lang='lat' dir='ltr'><strong>idem</strong></span> <span class='ocrx_word' id='word_1_229' title='bbox 842 3605 973 3689; x_wconf 86' lang='lat' dir='ltr'><strong>saepius</strong></span> <span class='ocrx_word' id='word_1_230' title='bbox 991 3605 1068 3676; x_wconf 88' lang='lat' dir='ltr'><strong>fiat.</strong></span> <span class='ocrx_word' id='word_1_231' title='bbox 1103 3604 1194 3688; x_wconf 91' lang='lat' dir='ltr'><strong>quod</strong></span> <span class='ocrx_word' id='word_1_232' title='bbox 1216 3608 1298 3672; x_wconf 91' lang='lat' dir='ltr'><strong>male</strong></span> <span class='ocrx_word' id='word_1_233' title='bbox 1318 3605 1366 3673; x_wconf 81' lang='lat' dir='ltr'><strong>lit.</strong></span> <span class='ocrx_word' id='word_1_234' title='bbox 1411 3605 1531 3672; x_wconf 86' lang='lat' dir='ltr'><strong>Veram</strong></span> 
     </span>
     <span class='ocr_line' id='line_1_28' title="bbox 357 3713 1532 3803; baseline 0.001 -21"><span class='ocrx_word' id='word_1_235' title='bbox 357 3713 459 3802; x_wconf 82' lang='lat' dir='ltr'><strong>igitur</strong></span> <span class='ocrx_word' id='word_1_236' title='bbox 489 3717 584 3783; x_wconf 89' lang='lat' dir='ltr'><strong>nobis</strong></span> <span class='ocrx_word' id='word_1_237' title='bbox 616 3717 703 3784; x_wconf 85' lang='lat' dir='ltr'><strong>viam</strong></span> <span class='ocrx_word' id='word_1_238' title='bbox 732 3717 921 3784; x_wconf 86' lang='lat' dir='ltr'><strong>munierunt</strong></span> <span class='ocrx_word' id='word_1_239' title='bbox 949 3731 1075 3782; x_wconf 87' lang='lat' dir='ltr'><strong>veteres</strong></span> <span class='ocrx_word' id='word_1_240' title='bbox 1108 3717 1158 3783; x_wconf 90' lang='lat' dir='ltr'><strong>illi</strong></span> <span class='ocrx_word' id='word_1_241' title='bbox 1178 3717 1423 3803; x_wconf 83' lang='lat' dir='ltr'><strong>jurisconsulti,</strong></span> <span class='ocrx_word' id='word_1_242' title='bbox 1448 3737 1532 3800; x_wconf 91' lang='lat' dir='ltr'><strong>quo·</strong></span> 
     </span>
     <span class='ocr_line' id='line_1_29' title="bbox 358 3827 1532 3912; baseline 0.001 -18"><span class='ocrx_word' id='word_1_243' title='bbox 358 3848 429 3895; x_wconf 88' lang='lat' dir='ltr'><strong>rum</strong></span> <span class='ocrx_word' id='word_1_244' title='bbox 475 3828 607 3896; x_wconf 77' lang='lat' dir='ltr'><strong>nomina</strong></span> <span class='ocrx_word' id='word_1_245' title='bbox 636 3848 846 3911; x_wconf 84' lang='lat' dir='ltr'><strong>reveremur,</strong></span> <span class='ocrx_word' id='word_1_246' title='bbox 878 3828 937 3912; x_wconf 91' lang='lat' dir='ltr'><strong>qui</strong></span> <span class='ocrx_word' id='word_1_247' title='bbox 968 3827 1155 3911; x_wconf 81' lang='lat' dir='ltr'><strong>saepissime</strong></span> <span class='ocrx_word' id='word_1_248' title='bbox 1186 3842 1287 3896; x_wconf 84' lang='lat' dir='ltr'><strong>artem</strong></span> <span class='ocrx_word' id='word_1_249' title='bbox 1326 3828 1456 3896; x_wconf 87' lang='lat' dir='ltr'><strong>civilem</strong></span> <span class='ocrx_word' id='word_1_250' title='bbox 1491 3830 1532 3895; x_wconf 83' lang='lat' dir='ltr'><strong>td</strong></span> 
     </span>
     <span class='ocr_line' id='line_1_30' title="bbox 358 3938 1531 4027; baseline 0.002 -21"><span class='ocrx_word' id='word_1_251' title='bbox 358 3940 448 4024; x_wconf 85' lang='lat' dir='ltr'><strong>ipsos</strong></span> <span class='ocrx_word' id='word_1_252' title='bbox 478 3955 610 4007; x_wconf 80' lang='lat' dir='ltr'><strong>manuae</strong></span> <span class='ocrx_word' id='word_1_253' title='bbox 640 3938 750 4007; x_wconf 82' lang='lat' dir='ltr'><strong>fontes</strong></span> <span class='ocrx_word' id='word_1_254' title='bbox 769 3954 928 4008; x_wconf 83' lang='lat' dir='ltr'><strong>revocant</strong></span> <span class='ocrx_word' id='word_1_255' title='bbox 948 3941 973 4005; x_wconf 80' lang='lat'><strong>⁷.</strong></span> <span class='ocrx_word' id='word_1_256' title='bbox 1023 3940 1127 4027; x_wconf 87' lang='lat' dir='ltr'><strong>Quod</strong></span> <span class='ocrx_word' id='word_1_257' title='bbox 1156 3955 1190 4006; x_wconf 88' lang='lat' dir='ltr'><strong>et</strong></span> <span class='ocrx_word' id='word_1_258' title='bbox 1228 3941 1317 4024; x_wconf 80' lang='lat' dir='ltr'><strong>apud</strong></span> <span class='ocrx_word' id='word_1_259' title='bbox 1347 3939 1531 4008; x_wconf 86' lang='lat' dir='ltr'><strong>Tullium⁸</strong></span> 
     </span>
    </p>
   </div>
   <div class='ocr_carea' id='block_1_3' title="bbox 357 4123 547 4131">
    <p class='ocr_par' dir='ltr' id='par_1_3' title="bbox 357 4123 547 4131">
     <span class='ocr_line' id='line_1_31' title="bbox 357 4123 547 4131; baseline 0.005 -1"><span class='ocrx_word' id='word_1_260' title='bbox 357 4123 371 4130; x_wconf 73' lang='grc'><strong>.-</strong></span> <span class='ocrx_word' id='word_1_261' title='bbox 400 4123 547 4131; x_wconf 49' lang='grc' dir='ltr'>..ω-...ψ-</span> 
     </span>
    </p>
   </div>
   <div class='ocr_carea' id='block_1_4' title="bbox 359 4189 1558 4641">
    <p class='ocr_par' dir='ltr' id='par_1_4' title="bbox 359 4189 1558 4641">
     <span class='ocr_line' id='line_1_32' title="bbox 393 4189 1558 4276; baseline 0.002 -16"><span class='ocrx_word' id='word_1_262' title='bbox 393 4210 467 4273; x_wconf 87' lang='lat' dir='ltr'><strong>¹pro</strong></span> <span class='ocrx_word' id='word_1_263' title='bbox 494 4211 553 4261; x_wconf 85' lang='lat' dir='ltr'><strong>Mil.</strong></span> <span class='ocrx_word' id='word_1_264' title='bbox 583 4209 619 4276; x_wconf 90' lang='lat' dir='ltr'><strong>[c.</strong></span> <span class='ocrx_word' id='word_1_265' title='bbox 637 4226 662 4273; x_wconf 87' lang='lat'><strong>4,</strong></span> <span class='ocrx_word' id='word_1_266' title='bbox 685 4211 766 4276; x_wconf 85' lang='lat'><strong>§10.]</strong></span> <span class='ocrx_word' id='word_1_267' title='bbox 803 4210 916 4273; x_wconf 56' lang='lat' dir='ltr'><strong>’Antia</strong></span> <span class='ocrx_word' id='word_1_268' title='bbox 935 4211 987 4276; x_wconf 81' lang='lat' dir='ltr'><strong>[vr.</strong></span> <span class='ocrx_word' id='word_1_269' title='bbox 1002 4211 1074 4276; x_wconf 62' lang='lat'><strong>4⁵4]</strong></span> <span class='ocrx_word' id='word_1_270' title='bbox 1110 4211 1444 4263; x_wconf 75' lang='lat' dir='ltr'><strong>⁸1nstit.div.1.o.c.⁶.</strong></span> <span class='ocrx_word' id='word_1_271' title='bbox 1477 4189 1558 4262; x_wconf 39' lang='lat' dir='ltr'><strong>*in&#39;</strong></span> 
     </span>
     <span class='ocr_line' id='line_1_33' title="bbox 359 4302 1529 4369; baseline 0.003 -18"><span class='ocrx_word' id='word_1_272' title='bbox 359 4304 439 4364; x_wconf 83' lang='lat' dir='ltr'><strong>praei.</strong></span> <span class='ocrx_word' id='word_1_273' title='bbox 455 4305 487 4352; x_wconf 86' lang='lat' dir='ltr'><strong>ad</strong></span> <span class='ocrx_word' id='word_1_274' title='bbox 502 4305 567 4354; x_wconf 90' lang='lat' dir='ltr'><strong>Cod.</strong></span> <span class='ocrx_word' id='word_1_275' title='bbox 602 4302 614 4335; x_wconf 80' lang='lat'>⁸</span> <span class='ocrx_word' id='word_1_276' title='bbox 631 4303 707 4364; x_wconf 73' lang='lat' dir='ltr'><strong>vuq.</strong></span> <span class='ocrx_word' id='word_1_277' title='bbox 726 4305 849 4352; x_wconf 80' lang='lat' dir='ltr'><strong>controv.</strong></span> <span class='ocrx_word' id='word_1_278' title='bbox 867 4303 959 4352; x_wconf 83' lang='lat' dir='ltr'><strong>illustr.</strong></span> <span class='ocrx_word' id='word_1_279' title='bbox 975 4316 999 4352; x_wconf 93' lang='lat' dir='ltr'><strong>c.</strong></span> <span class='ocrx_word' id='word_1_280' title='bbox 1016 4313 1056 4359; x_wconf 81' lang='lat'><strong>51.</strong></span> <span class='ocrx_word' id='word_1_281' title='bbox 1071 4317 1096 4352; x_wconf 88' lang='lat' dir='ltr'><strong>n.</strong></span> <span class='ocrx_word' id='word_1_282' title='bbox 1107 4317 1148 4367; x_wconf 75' lang='lat'><strong>29.</strong></span> <span class='ocrx_word' id='word_1_283' title='bbox 1182 4305 1256 4366; x_wconf 73' lang='lat' dir='ltr'><strong>‘pro</strong></span> <span class='ocrx_word' id='word_1_284' title='bbox 1265 4305 1356 4354; x_wconf 85' lang='lat' dir='ltr'><strong>Balbo.</strong></span> <span class='ocrx_word' id='word_1_285' title='bbox 1375 4303 1529 4369; x_wconf 81' lang='lat' dir='ltr'><strong>[c.6.§1s.]</strong></span> 
     </span>
     <span class='ocr_line' id='line_1_34' title="bbox 360 4391 1531 4460; baseline 0.003 -18"><span class='ocrx_word' id='word_1_286' title='bbox 360 4391 371 4428; x_wconf 83' lang='lat'>⁷</span> <span class='ocrx_word' id='word_1_287' title='bbox 388 4395 414 4442; x_wconf 88' lang='lat' dir='ltr'><strong>in</strong></span> <span class='ocrx_word' id='word_1_288' title='bbox 430 4394 480 4442; x_wconf 84' lang='lat' dir='ltr'><strong>titt.</strong></span> <span class='ocrx_word' id='word_1_289' title='bbox 498 4396 529 4443; x_wconf 89' lang='lat' dir='ltr'><strong>de</strong></span> <span class='ocrx_word' id='word_1_290' title='bbox 545 4392 603 4452; x_wconf 82' lang='lat' dir='ltr'><strong>just.</strong></span> <span class='ocrx_word' id='word_1_291' title='bbox 622 4405 646 4444; x_wconf 88' lang='lat' dir='ltr'><strong>et</strong></span> <span class='ocrx_word' id='word_1_292' title='bbox 657 4393 722 4452; x_wconf 80' lang='lat' dir='ltr'><strong>jure.</strong></span> <span class='ocrx_word' id='word_1_293' title='bbox 740 4392 783 4458; x_wconf 87' lang='lat' dir='ltr'><strong>[D.</strong></span> <span class='ocrx_word' id='word_1_294' title='bbox 801 4406 823 4443; x_wconf 91' lang='lat'><strong>1.</strong></span> <span class='ocrx_word' id='word_1_295' title='bbox 845 4393 881 4458; x_wconf 89' lang='lat'><strong>1.]</strong></span> <span class='ocrx_word' id='word_1_296' title='bbox 901 4396 932 4443; x_wconf 88' lang='lat' dir='ltr'><strong>de</strong></span> <span class='ocrx_word' id='word_1_297' title='bbox 947 4407 1004 4456; x_wconf 83' lang='lat' dir='ltr'><strong>aeq.</strong></span> <span class='ocrx_word' id='word_1_298' title='bbox 1022 4406 1071 4443; x_wconf 85' lang='lat' dir='ltr'><strong>rer.</strong></span> <span class='ocrx_word' id='word_1_299' title='bbox 1085 4397 1152 4444; x_wconf 87' lang='lat' dir='ltr'><strong>dom.</strong></span> <span class='ocrx_word' id='word_1_300' title='bbox 1173 4394 1218 4459; x_wconf 84' lang='lat' dir='ltr'><strong>[D.</strong></span> <span class='ocrx_word' id='word_1_301' title='bbox 1229 4409 1271 4456; x_wconf 85' lang='lat'><strong>41.</strong></span> <span class='ocrx_word' id='word_1_302' title='bbox 1292 4394 1327 4460; x_wconf 89' lang='lat' dir='ltr'><strong>r.]</strong></span> <span class='ocrx_word' id='word_1_303' title='bbox 1345 4397 1376 4444; x_wconf 87' lang='lat' dir='ltr'><strong>de</strong></span> <span class='ocrx_word' id='word_1_304' title='bbox 1391 4409 1447 4457; x_wconf 81' lang='lat' dir='ltr'><strong>aeq.</strong></span> <span class='ocrx_word' id='word_1_305' title='bbox 1462 4409 1531 4456; x_wconf 80' lang='lat' dir='ltr'><strong>poss.</strong></span> 
     </span>
     <span class='ocr_line' id='line_1_35' title="bbox 362 4483 1529 4549; baseline 0.002 -16"><span class='ocrx_word' id='word_1_306' title='bbox 362 4483 405 4549; x_wconf 90' lang='lat' dir='ltr'><strong>[D.</strong></span> <span class='ocrx_word' id='word_1_307' title='bbox 418 4498 459 4546; x_wconf 89' lang='lat'><strong>41.</strong></span> <span class='ocrx_word' id='word_1_308' title='bbox 475 4484 510 4548; x_wconf 75' lang='lat' dir='ltr'><strong>m]</strong></span> <span class='ocrx_word' id='word_1_309' title='bbox 525 4496 549 4533; x_wconf 87' lang='lat' dir='ltr'><strong>et</strong></span> <span class='ocrx_word' id='word_1_310' title='bbox 565 4485 626 4533; x_wconf 87' lang='lat' dir='ltr'><strong>alibi</strong></span> <span class='ocrx_word' id='word_1_311' title='bbox 641 4485 750 4546; x_wconf 83' lang='lat' dir='ltr'><strong>passim,</strong></span> <span class='ocrx_word' id='word_1_312' title='bbox 763 4495 789 4534; x_wconf 89' lang='lat' dir='ltr'><strong>ut</strong></span> <span class='ocrx_word' id='word_1_313' title='bbox 808 4485 834 4533; x_wconf 89' lang='lat' dir='ltr'><strong>in</strong></span> <span class='ocrx_word' id='word_1_314' title='bbox 852 4486 870 4533; x_wconf 95' lang='lat' dir='ltr'><strong>l.</strong></span> <span class='ocrx_word' id='word_1_315' title='bbox 886 4486 1085 4546; x_wconf 83' lang='lat' dir='ltr'><strong>proponebatur.</strong></span> <span class='ocrx_word' id='word_1_316' title='bbox 1102 4486 1127 4534; x_wconf 80' lang='lat' dir='ltr'><strong>ff.</strong></span> <span class='ocrx_word' id='word_1_317' title='bbox 1143 4488 1174 4536; x_wconf 90' lang='lat' dir='ltr'><strong>de</strong></span> <span class='ocrx_word' id='word_1_318' title='bbox 1190 4485 1303 4543; x_wconf 85' lang='lat' dir='ltr'><strong>iudiciis.</strong></span> <span class='ocrx_word' id='word_1_319' title='bbox 1330 4484 1375 4549; x_wconf 83' lang='lat' dir='ltr'><strong>[D.</strong></span> <span class='ocrx_word' id='word_1_320' title='bbox 1394 4498 1418 4542; x_wconf 79' lang='lat'><strong>5.</strong></span> <span class='ocrx_word' id='word_1_321' title='bbox 1437 4499 1459 4534; x_wconf 81' lang='grc' dir='ltr'><strong>ι.</strong></span> <span class='ocrx_word' id='word_1_322' title='bbox 1475 4484 1529 4549; x_wconf 70' lang='grc' dir='ltr'><strong>γά]</strong></span> 
     </span>
     <span class='ocr_line' id='line_1_36' title="bbox 360 4575 1529 4641; baseline -0.001 -15"><span class='ocrx_word' id='word_1_323' title='bbox 360 4577 454 4626; x_wconf 89' lang='lat' dir='ltr'><strong>etinl.</strong></span> <span class='ocrx_word' id='word_1_324' title='bbox 471 4585 555 4626; x_wconf 86' lang='lat' dir='ltr'><strong>rerum</strong></span> <span class='ocrx_word' id='word_1_325' title='bbox 569 4575 767 4626; x_wconf 65' lang='lat' dir='ltr'><strong>minemabtde</strong></span> <span class='ocrx_word' id='word_1_326' title='bbox 784 4589 853 4626; x_wconf 79' lang='lat' dir='ltr'><strong>utne.</strong></span> <span class='ocrx_word' id='word_1_327' title='bbox 875 4575 919 4640; x_wconf 85' lang='lat' dir='ltr'><strong>[D.</strong></span> <span class='ocrx_word' id='word_1_328' title='bbox 936 4589 979 4638; x_wconf 77' lang='lat'><strong>4¹·</strong></span> <span class='ocrx_word' id='word_1_329' title='bbox 997 4589 1021 4635; x_wconf 79' lang='lat'><strong>³·</strong></span> <span class='ocrx_word' id='word_1_330' title='bbox 1039 4575 1094 4641; x_wconf 66' lang='lat' dir='ltr'><strong>aa]</strong></span> <span class='ocrx_word' id='word_1_331' title='bbox 1130 4575 1529 4641; x_wconf 69' lang='lat' dir='ltr'><strong>⁸deleg.1.r.[c.3.§17.]</strong></span> 
     </span>
    </p>
   </div>
   <div class='ocr_carea' id='block_1_5' title="bbox 0 0 1733 5434">
    <p class='ocr_par' dir='ltr' id='par_1_5' title="bbox 0 0 1733 5434">
     <span class='ocr_line' id='line_1_37' title="bbox 0 0 1733 5434; baseline 0 0"><span class='ocrx_word' id='word_1_332' title='bbox 0 0 1733 5434; x_wconf 95' lang='lat' dir='ltr'><strong> </strong></span> 
     </span>
    </p>
   </div>
  </div>
 </body>
</html>
