3450 5434
524 622 571 671 DE
593 622 689 690 June
714 622 899 671 PRAEDAE.
924 623 1004 671 CAP.
1028 626 1062 675 x.
1316 625 1375 690 151

206 782 257 847 tls
270 776 361 862 ὅρκον,
382 774 475 841 nibil
487 795 683 862 quemquam
702 796 744 841 ex
759 774 893 862 praeda
909 780 1197 862 iatcrrersurum,
1218 778 1377 865 sedfidcas

207 887 431 975 ecc-religione
451 890 657 952 sacramenti
677 899 904 955 serratorum.
937 888 1016 976 Quo
1035 888 1122 957 forte
1138 890 1251 959 referri
1269 906 1379 975 potest

208 997 350 1065 formula
378 997 594 1082 jurisjurandi
627 998 715 1081 apud
746 996 927 1064 Gellium¹
957 1019 1023 1081 qua
1049 1000 1147 1066 militi
1179 1002 1378 1084 imperatur,

207 1129 251 1177 ne
281 1110 365 1193 quid
393 1111 487 1175 tollat
517 1108 551 1173 in
584 1108 729 1177 exercitu
751 1107 930 1193 decemque
951 1109 1053 1175 millia
1073 1128 1228 1194 passuum
1251 1132 1376 1196 prope,

209 1220 301 1301 quod
317 1218 423 1303 pluris
443 1219 489 1285 sit
505 1219 630 1285 nummi
651 1219 818 1304 argentei,
851 1235 908 1287 aut
929 1220 956 1285 si
980 1222 1171 1303 sustulerit,
1196 1222 1237 1287 ad
1258 1241 1378 1289 consu-

208 1332 271 1396 lem
294 1329 459 1414 proferat,
482 1345 540 1397 aut
562 1330 673 1397 triduo
695 1330 847 1413 proximo
871 1329 1075 1413 profiteatur.
1123 1331 1211 1397 Hinc
1240 1332 1380 1417 intelligi

210 1456 320 1524 potest
340 1441 424 1523 quid
444 1442 511 1523 sit,
537 1441 630 1524 quod
651 1439 998 1509 Modestinus²dicit:
1022 1446 1133 1526 isqui
1147 1444 1314 1529 praedam
1337 1445 1380 1510 ab

210 1552 355 1617 hostibus
386 1555 559 1638 surripuit
583 1551 761 1638 peculatus
791 1566 936 1619 tenetur.
981 1553 1087 1637 Cujus
1110 1553 1175 1619 loci
1204 1555 1258 1619 vel
1281 1552 1380 1619 unico

211 1676 403 1747 argumento
426 1663 538 1729 induci
559 1664 740 1729 debuerant
759 1663 844 1746 juris
872 1661 975 1731 nostri
995 1662 1221 1747 professores,
1251 1679 1289 1729 ut
1311 1683 1381 1729 cre·

210 1773 325 1840 derent
351 1774 501 1856 praedam
522 1774 721 1857 proprietate
741 1772 905 1857 publicam
929 1794 1009 1841 esse.
1055 1774 1142 1841 Nam
1165 1786 1233 1841 noh
1256 1789 1305 1840 est
1325 1794 1382 1857 pe-

211 1886 341 1950 tulatus
370 1883 434 1950 nisi
466 1884 501 1951 in
531 1904 566 1949 re
596 1885 730 1967 publica
757 1900 816 1951 aut
834 1904 925 1952 sacra
945 1900 1002 1951 aut
1022 1884 1179 1971 religiosa
1198 1881 1222 1952 ⁸.
1268 1884 1383 1951 etsie

211 1994 372 2061 Romanis
393 1993 427 2059 in
455 1996 516 2059 hac
545 2010 638 2078 parte
656 2016 731 2063 tum
753 1996 893 2063 Graecis
913 1996 1055 2080 aliisque
1073 1997 1196 2079 optime
1215 1996 1382 2063 convenit.

211 2105 297 2170 Cum
324 2104 426 2189 igitur
453 2105 542 2188 apud
562 2124 676 2171 omnes
695 2106 847 2173 nationes
866 2107 985 2189 praeda
1011 2126 1079 2174 non
1098 2107 1217 2190 privati
1242 2108 1300 2173 sed
1321 2128 1384 2190 pu·

212 2214 291 2281 blici
316 2214 400 2298 juris
429 2216 613 2297 habeatur,
637 2216 763 2283 etiamsi
788 2218 852 2283 hoc
883 2217 989 2300 ipsum
1018 2238 1058 2283 ert
1088 2218 1228 2283 naturali
1258 2218 1384 2285 ratione

211 2326 466 2392 demonstratum
498 2346 565 2392 non
598 2342 707 2408 esset,
740 2342 847 2394 tamen
882 2343 921 2395 ut
951 2330 1022 2413 lege
1056 2343 1222 2411 receptum
1256 2328 1383 2395 admitti
1461 2376 1463 2379 -

212 2436 359 2503 debebat
405 2436 562 2503 Omnium
595 2438 680 2507 enim
709 2438 1022 2522 jurisconsultorum
1053 2440 1178 2505 calculo
1202 2442 1215 2479 ⁴
1235 2458 1385 2522 compro·

211 2548 324 2613 batum
356 2561 407 2615 est
435 2547 476 2614 iis
507 2547 548 2613 de
579 2548 700 2630 rebus,
732 2569 817 2631 quae
849 2549 996 2616 nondum
1031 2549 1184 2632 cuiquam
1218 2549 1384 2632 quaesitae

210 2672 315 2737 sunt,
346 2657 403 2723 sed
434 2657 558 2753 quaerit
578 2658 688 2726 cuivis
713 2674 879 2742 possunt,
911 2658 1112 2725 liberrimum
1135 2676 1205 2725 esse
1226 2660 1385 2743 reipubli-

211 2787 267 2833 cae
300 2768 494 2850 arbitrium,
533 2769 580 2836 ita
612 2784 650 2835 ut
682 2770 789 2852 possit
821 2770 894 2835 illas
927 2770 982 2835 cui
1016 2769 1124 2837 visum
1156 2785 1207 2834 est
1237 2770 1384 2835 addicere

212 2895 270 2945 ant
301 2880 399 2945 etiam
432 2880 495 2947 sibi
531 2878 706 2962 applicare.
763 2880 828 2946 Est
860 2879 946 2945 enirn
978 2880 1033 2964 jus
1068 2881 1159 2947 istud
1192 2879 1384 2961 acquirendi

211 3009 385 3056 commuue
412 2990 676 3073 quodammodo,
708 2990 742 3055 in
773 2991 1095 3057 communicantem
1123 2991 1178 3075 jus
1208 3005 1257 3058 est
1275 2990 1385 3073 reipu-

211 3100 326 3167 blicae
370 3100 419 3166 Ita
440 3099 592 3167 videmus
622 3100 772 3184 plurimis
803 3100 837 3167 iu
867 3101 949 3169 locis
977 3101 1032 3186 jus
1063 3100 1219 3184 aucupii,
1241 3100 1385 3185 piscatu-

211 3230 288 3290 rae,
321 3209 530 3291 venationis‚
573 3212 827 3295 thesaurorum,
862 3212 1092 3278 derelictorum
1127 3227 1161 3279 et
1193 3212 1386 3297 hujusmodi

211 3342 320 3389 rerum
349 3323 540 3389 translatum
573 3323 614 3387 ad
635 3323 890 3407 rempublicam,
922 3336 955 3390 et
972 3343 992 3387 a
1009 3322 1176 3407 republica
1199 3322 1241 3389 ad
1261 3322 1386 3390 Princi-

211 3452 297 3515 pem.
331 3431 476 3498 Omnino
499 3432 600 3517 igitur
619 3433 707 3498 Belli
719 3434 850 3521 publici
870 3438 1058 3519 susceptrix
1079 3433 1267 3522 respublica
1282 3447 1385 3520 prae·
1399 3462 1477 3509 cm,
1492 3461 1538 3509 rr.

212 3543 290 3609 dara
313 3546 465 3629 acquirit
488 3564 591 3629 usque
608 3543 657 3609 ad
666 3545 763 3628 juris
784 3547 838 3609 sui
857 3544 1132 3627 satisfactionem.
1168 3544 1234 3609 Sed
1254 3514 1521 3633 et-huicssillftf‘

211 3672 280 3718 non
301 3652 410 3719 minus
432 3672 529 3736 quam
552 3653 690 3738 privatis
712 3654 792 3721 lieet
813 3656 954 3721 alienare
975 3669 1008 3719 et
1027 3670 1103 3738 post
1125 3671 1157 3720 et
1177 3670 1250 3721 ante
1273 3656 1385 3737 acqui·

212 3763 376 3839 sitionem.
403 3765 484 3830 Post
502 3764 778 3847 acquisitionem,
799 3781 838 3831 ut
857 3785 930 3831 cum
954 3766 1069 3831 emtori
1090 3765 1206 3848 praeda
1229 3786 1247 3833 a
1270 3787 1387 3849 quaes·

212 3889 284 3939 tore
311 3873 474 3940 addicitur
499 3890 557 3942 aut
576 3876 674 3942 alicui
697 3877 859 3957 donatur,
884 3891 922 3940 ut
944 3876 1170 3943 sacerdotibus
1193 3896 1211 3943 a
1232 3876 1385 3958 Doride,

210 3983 372 4051 militibus
402 4005 420 4049 a
450 3985 589 4051 Caesare
618 3986 799 4067 dictatore,
837 3986 1025 4070 imperatori
1055 3988 1261 4071 erepublica
1290 4006 1386 4071 saepe

211 4093 347 4160 virtutis
377 4115 465 4179 ergo.
511 4096 586 4163 Hoc
620 4097 718 4163 modo
750 4095 836 4181 capti
872 4119 910 4163 ex
942 4097 1095 4166 hostibus
1122 4098 1190 4183 agri
1223 4096 1388 4165 veteranis

208 4292 405 4306 m

246 4414 297 4463 ¹1.
323 4416 362 4465 rb.
385 4429 410 4464 c.
434 4430 460 4477 4.
493 4415 546 4466 ¹1.
568 4431 628 4479 pen.
654 4420 685 4467 ad
709 4420 727 4473 ι
750 4420 801 4482 Jul.
827 4432 887 4481 pec.
906 4420 949 4482 [D.
969 4421 1010 4480 48.
1031 4430 1069 4476 1³·
1094 4414 1144 4481 ru]
1181 4415 1388 4467 ⁸1.1.eo.tit·.

210 4503 222 4536 ⁴
239 4507 346 4555 Covarr.
363 4506 390 4555 in
407 4508 433 4558 d.
449 4520 502 4568 reg.
520 4505 662 4569 peccalum.
679 4522 705 4571 p.
723 4521 747 4570 4.
766 4513 788 4569 5.
807 4523 831 4558 a.
848 4509 918 4559 circa
937 4507 1021 4558 linem.
