3450 5434
381 660 441 722 194
689 660 736 707 DE
760 662 853 726 JURE
880 660 1063 709 PRAEDAE.
1088 662 1168 709 CAP.
1195 663 1244 709 xl.

378 812 545 894 venisset,
564 812 608 877 ibi
631 828 743 880 contra
763 830 892 881 veteres
915 814 1077 896 offensas,
1102 816 1335 883 Lusitanorum
1360 820 1554 904 temporaria

378 923 610 1004 simulatione,
633 927 727 990 velut
755 924 913 1010 integrata
937 924 1101 992 amicitiae
1117 926 1202 1011 jura.
1247 927 1312 993 Sed
1333 929 1464 999 hostilis
1488 933 1558 999 ani·

378 1055 475 1115 mus,
499 1050 675 1117 postquam
708 1037 854 1102 navalem
888 1036 1015 1102 turbam
1037 1051 1149 1103 contra
1170 1036 1218 1104 fas
1249 1057 1346 1105 omne
1376 1054 1409 1106 et
1436 1040 1556 1123 iidem,

380 1145 619 1211 Achinensium
649 1145 800 1213 manibus
832 1146 1072 1229 discerpserat,
1107 1166 1147 1212 ne
1176 1162 1263 1214 tanta
1295 1146 1428 1229 quidem
1450 1167 1558 1235 strage

380 1256 514 1323 satiatus
549 1272 608 1323 est.
654 1257 823 1323 Instabant
851 1254 977 1323 feroces
998 1257 1105 1324 adhuc
1128 1258 1305 1340 Lusitani,
1330 1275 1434 1341 utque
1459 1260 1557 1327 linem

380 1366 472 1450 operi
500 1388 560 1451 per
576 1367 657 1469 alios
683 1382 885 1451 praetentato
906 1367 1135 1450 imponerent,
1160 1368 1222 1451 ipsi
1244 1368 1371 1435 infestis
1391 1371 1557 1457 navigiis,

381 1499 523 1561 quorum
547 1481 644 1563 longa
679 1492 770 1545 erant
798 1477 900 1545 ferme
925 1478 1123 1562 duodecim,
1147 1480 1298 1563 expansis
1321 1480 1399 1548 belli
1420 1482 1559 1569 insigni·

381 1592 443 1655 bus
486 1590 685 1656 miserabiles
721 1589 854 1656 navium
888 1604 1127 1673 nautarumque
1174 1590 1329 1674 reliquias
1373 1592 1558 1661 incurrunt.

236 1701 307 1745 Anat
323 1700 372 1747 Μ·
381 1703 444 1769 Vis
474 1717 600 1768 tantum
629 1701 664 1767 vi
696 1702 824 1783 repulsa
857 1715 919 1767 est.
965 1700 1034 1767 Sub
1067 1701 1152 1768 idem
1176 1716 1306 1786 tempus
1328 1702 1446 1771 incidit
1468 1706 1559 1788 prior

383 1814 502 1879 Neclcii
533 1811 718 1896 profectio,
750 1832 848 1894 quern
877 1812 1051 1896 episcopus
1077 1812 1148 1895 ipse
1172 1812 1388 1880 Malaccensis
1419 1830 1560 1882 testatur

382 1926 416 1991 in
437 1925 540 1991 literis
560 1924 601 1990 ad
617 1943 724 2007 regem
747 1921 980 2005 Hispaniarum
1000 1923 1129 2004 missis,
1153 1924 1237 1991 nihil
1259 1924 1453 2006 Lusitanis,
1475 1926 1561 1993 nihil

383 2034 508 2101 bomini
529 2034 681 2116 cuiquam
704 2034 842 2119 injuriae
862 2048 920 2099 aut
936 2034 1124 2101 detrimenti
1145 2035 1306 2103 intulisse.
1329 2036 1442 2120 Hujus
1456 2036 1560 2121 igitur

381 2148 477 2230 jussu
499 2146 611 2225 navis,
633 2144 823 2228 Traiectum
846 2144 1004 2226 nomine,
1036 2145 1243 2226 Ambonam‚
1277 2144 1353 2211 inde
1386 2146 1559 2213 Moluccas

383 2257 478 2324 adiit:
501 2257 559 2323 ubi
575 2271 745 2336 vectores,
777 2256 978 2341 gravissimis
1002 2256 1136 2324 exerciti
1159 2256 1265 2341 gentis
1296 2255 1445 2323 inimicae
1469 2257 1558 2343 inju-

384 2366 440 2432 riis
463 2365 636 2450 (Tidorim
657 2365 741 2432 enim
762 2366 916 2433 Lusitani
937 2369 1166 2435 Moluccarum
1190 2386 1286 2435 unam
1307 2370 1461 2454 tenent),
1481 2389 1558 2434 mox

384 2492 418 2544 et
440 2478 523 2544 illud
554 2478 764 2562 intelligunt,
787 2478 905 2545 missos
928 2480 1106 2546 Malaccam
1130 2494 1164 2545 et
1186 2478 1220 2543 in
1243 2477 1466 2562 Philippinas,
1499 2481 1558 2563 qui

384 2588 504 2656 auxilia
536 2589 726 2671 concirent,
758 2589 801 2656 ad
822 2590 962 2656 Batavos
986 2590 1135 2672 undique
1156 2589 1421 2673 proturbandos,
1444 2592 1558 2673 prohi-

385 2702 577 2783 bendosque
607 2700 641 2765 in
672 2716 839 2783 posterum
872 2700 993 2769 aditus.
1039 2702 1103 2767 sed
1133 2703 1241 2769 elusae
1272 2700 1417 2767 discessu
1440 2700 1557 2768 minae.

227 2818 305 2882 Atta
321 2822 372 2883 ³⁶0¹
386 2811 473 2877 Cum
496 2831 575 2878 vero
599 2812 732 2878 relictus
753 2834 772 2879 a
794 2812 925 2879 Neckio
945 2814 1123 2880 Cornelius
1147 2812 1404 2879 Hemslcerckius
1426 2813 1558 2881 duabus

222 2882 348 2930 prancrpro.

271 3672 320 3713 ayo.

385 2944 460 2989 cum
494 2924 634 2991 navibus
665 2924 708 2990 ad
737 2924 923 2990 Ambonam
950 2940 1156 3004 moraretur,
1191 2923 1240 2991 illi
1271 2938 1386 2991 noctes
1420 2924 1558 3008 diesque

385 3034 582 3101 Batavorum
615 3035 744 3117 scaphis
784 3049 817 3099 et
847 3034 970 3120 cymbis
1003 3035 1228 3103 imminebant.
1286 3036 1332 3103 Et
1363 3052 1440 3120 post
1468 3040 1558 3105 leves

384 3145 587 3227 aliquamdiu
620 3160 781 3226 conatus,
816 3148 987 3214 caracollas
1019 3163 1222 3215 armaverant
1254 3148 1372 3232 viginti
1405 3148 1486 3215 duas
1527 3165 1560 3215 et

385 3256 491 3323 fustas
521 3272 599 3325 tres.
640 3257 707 3322 Sed
740 3277 780 3322 ne
803 3256 850 3321 sic
874 3256 1006 3339 quidem
1040 3258 1111 3325 ausi
1141 3257 1443 3344 oppugnationem,
1466 3274 1559 3327 tene-

385 3369 515 3433 brarum
539 3368 699 3433 beneficio
732 3383 790 3434 aut
821 3368 982 3451 superatis
1006 3370 1142 3437 latenter
1170 3369 1402 3452 promontoriis
1429 3368 1560 3437 fraudes

386 3494 420 3545 et
440 3478 589 3545 incendia
619 3480 809 3559 struebant,
833 3500 918 3561 quae
941 3481 1072 3563 providi
1101 3500 1138 3547 ac
1159 3480 1334 3566 pervigiles
1357 3480 1451 3547 facile
1473 3482 1561 3549 vita-

241 3603 311 3699 ir⁴1''''·'
324 3601 372 3648 aaa.
386 3604 516 3656 verunt.
557 3590 659 3656 Paulo
680 3604 755 3674 post
777 3590 918 3673 accidit,
945 3606 982 3657 ut
1000 3594 1040 3659 ab
1063 3592 1211 3658 Adriano
1233 3592 1345 3659 Venio
1367 3592 1408 3658 ad
1432 3592 1561 3661 Corne-

384 3702 465 3768 lium
487 3703 784 3784 Hemskerckium,
807 3702 917 3771 banda
937 3704 1064 3771 scilicet
1084 3704 1292 3785 Ambonam,
1315 3718 1382 3771 tres
1405 3704 1559 3772 homines

384 3834 485 3897 prava
524 3814 635 3880 Indica
668 3830 758 3879 trans
792 3835 879 3883 mare
912 3815 1146 3896 mitterentur,
1192 3834 1334 3897 quorum
1367 3834 1455 3881 unus
1490 3832 1560 3883 erat

381 3926 548 4011 Jacobus,
577 3925 771 4010 cognomine
795 3928 1073 4007 Watermannus,
1097 3924 1237 3992 artificio
1260 3925 1447 4010 chirurgus
1495 3927 1560 3994 Su-

384 4036 583 4120 perveniunt
613 4036 767 4103 Lusitani
800 4040 909 4121 plures
932 4038 1037 4102 multo
1061 4056 1097 4102 ac
1120 4035 1319 4117 validiores,
1343 4050 1376 4103 et
1395 4037 1558 4105 adversus

385 4169 471 4232 quos
492 4147 570 4233 fuga
590 4162 717 4214 tantum
737 4163 882 4215 restaret.
929 4148 1008 4214 Duo
1034 4147 1089 4215 alii
1113 4148 1251 4233 dejectis
1274 4148 1307 4213 in
1330 4166 1417 4212 mare
1441 4167 1558 4231 corpo-

384 4260 475 4326 ribus
508 4259 589 4325 enisi
621 4260 655 4326 in
688 4260 888 4344 adjacentem
921 4257 1059 4325 insulam
1095 4272 1341 4342 pervenerunt,
1374 4257 1491 4341 ibique
1525 4258 1557 4324 in

383 4370 561 4437 solitudine
581 4373 736 4456 degentes
755 4386 787 4436 et
814 4369 1023 4454 interseras,
1052 4353 1270 4437 mansuetiora
1293 4382 1402 4435 tamen
1424 4370 1556 4451 omnia,

384 4502 479 4563 quam
505 4483 685 4550 Lusitanos
697 4483 905 4549 invenerunt.
931 4482 1068 4549 Tertius
1080 4482 1136 4548 ille
1146 4482 1290 4567 Jacobus
1301 4480 1400 4549 nandi
1414 4482 1557 4549 insciens
