3450 5434
350 629 413 691 234
654 625 702 671 DE
725 625 819 691 JURE
845 624 1030 672 PRAEDAE.
1055 624 1136 671 CAP.
1161 625 1226 671 XII.

350 800 417 847 non
447 794 555 846 autem
588 779 616 844 si
649 798 685 845 ea
707 780 828 846 omissa
849 778 903 845 sit.
950 778 1080 846 Omissa
1102 778 1188 859 enim
1212 797 1278 845 non
1300 780 1436 863 prodest
1464 799 1527 846 nec

351 892 378 957 si
408 912 466 975 per
495 892 585 957 mille
607 910 709 957 annos
737 890 856 956 fuisset
882 890 1096 972 continuata,
1119 906 1158 957 ut
1187 906 1273 957 recte
1296 889 1531 958 animadvertit

351 1004 536 1070 Castrensis
557 1006 582 1067 ¹.
629 1002 676 1067 Et
706 1002 857 1084 quamvis
891 1004 955 1069 hoc
986 1002 1149 1069 voluisset
1183 1002 1397 1084 Marcianus,
1432 1004 1528 1085 quod

351 1114 483 1180 minime
512 1114 692 1180 credendus
715 1129 765 1179 est
785 1113 973 1198 cogitasse,
996 1114 1031 1181 in
1054 1134 1123 1197 quo
1144 1116 1218 1179 loco
1241 1114 1416 1198 occupatio
1444 1134 1528 1181 con-

351 1226 480 1291 ceditur
512 1226 547 1291 in
580 1226 693 1292 eodem
720 1225 1009 1310 praescriptionem
1033 1226 1192 1307 concedi,
1216 1241 1324 1293 tamen
1347 1226 1527 1293 absurdum

351 1352 439 1418 erat,-
463 1336 555 1419 quod
575 1337 615 1403 de
638 1337 772 1404 flumine
794 1338 931 1421 publico
955 1336 1079 1403 dictum
1099 1352 1168 1403 erat
1186 1338 1227 1403 ad
1245 1358 1332 1403 mare
1351 1357 1528 1403 commune

352 1464 384 1514 et
415 1448 507 1530 quod
536 1449 576 1514 de
607 1448 804 1516 diverticulo
826 1450 869 1514 ad
891 1449 999 1515 sinum
1025 1448 1189 1533 proferre,
1213 1469 1287 1514 cum
1319 1450 1399 1514 haec
1432 1468 1528 1532 prae-

349 1559 486 1643 scriptio
506 1577 603 1626 usum
629 1560 688 1643 qui
710 1575 761 1627 est
774 1561 848 1645 jure
869 1560 1014 1645 gentium
1037 1560 1220 1627 communis
1241 1558 1439 1643 impeditura
1461 1559 1528 1640 sit,

352 1671 407 1737 illa
428 1686 538 1737 autem
557 1671 692 1755 publico
715 1670 791 1737 usui
811 1690 878 1737 non
898 1672 1074 1737 admodum
1092 1686 1218 1737 noceat.
1242 1670 1394 1736 Alterum
1417 1686 1528 1736 autern

352 1781 475 1867 Angeli
502 1798 731 1867 argumentum
752 1781 765 1817 ¹
785 1783 878 1865 quod
901 1802 941 1849 ex
969 1802 1072 1866 aquae
1097 1782 1201 1849 ductu
1223 1780 1387 1864 sumitur,
1411 1782 1527 1849 eodem

352 1894 522 1961 Castrensi
540 1909 764 1975 monstrante,
788 1908 826 1961 ut
847 1913 866 1961 a
890 1894 1083 1976 quaestione
1104 1892 1337 1961 alienissimum
1355 1892 1397 1957 ab
1421 1892 1529 1959 omni·

353 2005 417 2070 bus
438 2004 555 2071 merito
578 2005 777 2089 exploditur.
823 2006 956 2073 Falsum
980 2005 1082 2091 igitur
1105 2019 1155 2072 est
1177 2007 1273 2071 talem
1297 2003 1529 2088 praescriptio-

352 2114 544 2181 nemetiam
568 2134 607 2181 eo
628 2130 776 2200 tempore
799 2116 889 2201 gigni
901 2164 913 2198 ,
926 2117 1021 2201 cujus
1042 2116 1173 2183 initium
1190 2134 1318 2183 omnem
1338 2114 1528 2181 memoriam

352 2226 498 2292 excedat.
541 2225 607 2291 Ubi
626 2227 711 2292 enim
727 2228 781 2293 lex
803 2247 932 2295 omnem
956 2227 1090 2294 omnino
1108 2229 1198 2294 tollit
1216 2226 1530 2311 praescriptionem,

353 2355 395 2402 ne
426 2335 517 2402 istud
546 2336 680 2419 quidem
711 2352 842 2422 tempus
869 2338 1075 2419 admittitur,
1109 2340 1171 2404 hoc
1195 2354 1267 2420 cst,
1291 2353 1329 2404 ut
1352 2338 1529 2405 Telmus⁸

355 2448 528 2530 loquitur,
552 2448 685 2516 materia
706 2447 1023 2534 impraescriptibilis
1045 2466 1190 2534 tempore
1214 2450 1439 2517 immemoriali
1461 2469 1531 2517 non

355 2558 393 2624 lit
425 2559 706 2643 praescriptibilis.
753 2561 887 2627 Fatetur
919 2562 997 2628 haec
1031 2581 1108 2627 vcra
1141 2580 1211 2627 esse
1245 2560 1366 2628 Balbus
1402 2560 1435 2626 ⁸:
1471 2564 1532 2629 sed

355 2669 475 2755 Angeli
504 2671 697 2739 sententiam
728 2688 889 2756 receptam
922 2672 1002 2738 dicit
1033 2673 1093 2737 hac
1116 2672 1265 2754 ratione,
1289 2674 1367 2755 quia
1398 2688 1532 2757 tempus

354 2797 443 2847 extra
481 2782 668 2849 memoriam
706 2783 852 2867 positum
888 2783 971 2849 idem
1006 2786 1115 2851 valere
1149 2785 1293 2851 creditur
1325 2783 1529 2869 privilegio,

353 2912 428 2959 cum
458 2883 577 2960 titulus
599 2893 789 2977 aptissimus
811 2915 851 2960 ex
875 2894 931 2961 tali
961 2911 1106 2979 tempore
1129 2910 1365 2979 praesumatur.
1415 2896 1532 2978 Appa-

354 3019 404 3070 ret
428 3004 506 3071 hinc
532 3024 600 3071 non
632 3007 723 3071 aliud
754 3006 830 3071 illos
866 3006 1028 3087 sensisse,
1064 3026 1161 3089 quam
1185 3008 1213 3073 si
1236 3026 1311 3090 pars
1332 3006 1445 3088 aliqua
1467 3006 1530 3072 rei·

353 3116 527 3200 publicae,
565 3130 646 3199 puta
679 3116 806 3201 imperii
842 3116 1011 3200 Romani,
1046 3136 1143 3201 supra
1177 3137 1305 3183 ornnem
1340 3118 1529 3184 memoriam

354 3246 414 3293 usa
444 3241 531 3293 esset
561 3227 618 3292 tali
638 3229 736 3312 jure,
768 3229 798 3295 ei
825 3229 963 3295 dandam
994 3229 1282 3313 praescriptionem
1306 3230 1370 3295 hoc
1393 3232 1529 3312 colore,

355 3341 451 3424 quasi
479 3342 642 3427 Principis
673 3341 843 3407 concessio
878 3339 1057 3425 praeiisset.
1103 3340 1214 3428 Quare
1246 3360 1319 3407 cum
1355 3360 1453 3407 nemo
1486 3340 1530 3407 sit

355 3453 509 3519 dominus
537 3453 641 3519 totius
673 3452 801 3536 generis
823 3452 982 3533 humani,
1010 3451 1067 3534 qui
1096 3452 1151 3536 jus
1181 3452 1265 3517 illud
1288 3451 1447 3518 adversus
1469 3454 1528 3519 ho-

355 3565 459 3630 mines
486 3584 600 3630 omnes
628 3562 754 3630 homini
784 3579 841 3630 aut
873 3566 999 3647 populo
1023 3562 1121 3629 alicui
1144 3563 1309 3645 potuisset
1329 3565 1527 3645 concedere,

354 3677 485 3743 sublato
507 3676 565 3741 illo
588 3678 697 3742 colore
719 3694 851 3743 necesse
877 3689 927 3740 est
950 3673 1046 3740 etiam
1066 3674 1355 3757 praescriptionem
1374 3674 1528 3741 interimi.

355 3789 403 3855 Et
432 3788 480 3854 sic
511 3807 551 3855 eu
580 3788 712 3853 illorum
745 3787 841 3853 etiam
872 3785 1031 3852 sententia
1057 3786 1143 3851 inter
1173 3806 1264 3871 reges
1299 3802 1356 3852 aut
1387 3788 1529 3870 populos

353 3902 477 3969 liberos
496 3900 653 3984 prodesse
675 3898 759 3964 nihil
779 3912 891 3982 potest
912 3899 1024 3981 lapsus
1047 3896 1167 3963 infiniti
1192 3897 1363 3980 temporis.
1411 3897 1529 3965 Vanis·

357 4041 550 4053 w

390 4113 445 4161 ¹in
469 4115 494 4162 d.
518 4114 535 4159 l.
557 4114 602 4159 ult.
619 4122 645 4157 n.
662 4122 687 4171 4.
710 4122 757 4169 per
776 4110 879 4169 Lquod
903 4108 929 4157 in
947 4108 1043 4157 littore.
1060 4106 1087 4156 ff.
1105 4110 1136 4157 de
1155 4121 1209 4168 aeq.
1225 4110 1293 4156 dom.
1311 4106 1356 4171 [D.
1374 4122 1416 4169 4¹·
1436 4122 1458 4157 r.
1477 4108 1529 4173 14]

356 4202 417 4252 ’ex
441 4206 458 4251 l.
478 4215 550 4251 nsum
574 4214 661 4261 aquae.
684 4202 715 4248 C.
740 4202 772 4249 de
790 4202 894 4260 aquaed.
918 4200 961 4261 [C.
989 4212 1026 4247 rr.
1051 4212 1092 4261 42.
1115 4200 1154 4260 4.]
1179 4198 1268 4247 confer
1282 4212 1338 4247 carn
1353 4202 1370 4247 l.
1388 4200 1530 4260 diligenter.

358 4295 388 4357 [l.
401 4294 440 4358 9.]
459 4307 491 4341 eo
504 4294 543 4341 tit.
557 4304 582 4341 et
596 4304 654 4341 cum
669 4294 686 4339 l.
699 4294 748 4339 hoo
761 4287 824 4347 iure.
838 4294 860 4349 l.
874 4293 961 4339 ductus
977 4304 1065 4350 aquae.
1083 4288 1109 4337 n.
1127 4291 1158 4338 de
1173 4304 1236 4350 aqna
1248 4290 1347 4350 quotid.
1365 4300 1390 4338 et
1407 4303 1469 4339 nest.
1487 4290 1529 4353 [D.

357 4398 398 4447 4³·
420 4398 460 4433 ao.
480 4396 503 4441 ³·
527 4388 549 4442 l.
562 4383 600 4445 4]
631 4380 691 4431 ⁸ad
704 4396 727 4431 c.
742 4384 901 4431 accedentes.
919 4383 950 4431 dc
971 4381 1119 4442 praescript.
1137 4382 1315 4443 [Demetrio.
1334 4382 1373 4428 26.
1396 4381 1446 4442 aa]
1472 4381 1483 4412 ⁴
1500 4382 1529 4429 dc

358 4476 507 4537 praescript.
523 4489 547 4535 φ
563 4487 643 4535 parte.
664 4487 686 4530 5.
701 4474 779 4534 partis
796 4473 878 4533 princ.
895 4488 920 4531 q.
938 4474 961 4521 6.
976 4486 1001 4520 n.
1020 4476 1041 4519 ll.
