3450 5434
511 624 559 671 nn
581 622 675 689 June
700 624 887 671 rannone·
910 624 991 673 car.
1015 605 1073 673 xj
1319 627 1379 695 ¹53

137 804 144 817 ·
207 779 347 846 debetur
366 786 400 861 ²,
424 797 493 861 quo
516 774 796 843 benefacientibus
817 776 1007 843 benefacere
1028 776 1172 843 vicissim
1191 792 1338 847 tenemur
1357 781 1380 849 ².

206 891 322 972 Atque
341 888 370 954 ei
389 889 435 954 rei
455 902 648 973 argumento
668 900 738 969 est,
762 889 856 970 quod
872 888 984 953 multis
1003 889 1153 969 casibus,
1178 908 1252 954 cum
1272 890 1381 959 civilis

204 1000 292 1065 actio
312 998 464 1082 deficiat,
488 999 529 1065 ad
560 996 761 1064 referendam
789 1018 849 1081 pro
870 1018 968 1082 opera
991 998 1124 1083 gratiam
1148 1000 1242 1082 quasi
1262 1021 1302 1067 ex
1324 1021 1382 1069 na·

205 1108 305 1175 rurali
326 1109 491 1192 aequitate
515 1122 605 1174 extra
625 1107 772 1175 ordinem
792 1110 997 1177 mandatores
1016 1110 1268 1193 compelluntur.
1292 1112 1381 1180 Hinc

204 1233 284 1285 sunt
312 1238 396 1302 quae
420 1221 665 1306 proxenetica,
694 1220 900 1302 ἑρμηνευτικὲ,
931 1224 1080 1303 μήνυτρα.
1113 1225 1320 1307 praematura,
1349 1238 1381 1290 et

205 1328 278 1396 aliis
297 1329 487 1396 nominibus
507 1342 669 1394 vocantur
691 1327 805 1395 salaria
824 1333 855 1392 ⁸:
879 1329 966 1395 unde
986 1328 1171 1414 colligimus
1191 1329 1225 1397 in
1247 1334 1381 1401 caeteris

206 1440 248 1504 ad
269 1439 465 1525 exigendum
494 1457 561 1504 non
588 1438 674 1523 juris
707 1437 854 1523 gentium
875 1438 1052 1517 rationem,
1075 1440 1133 1504 sed
1154 1441 1379 1509 auctoritatem

204 1549 336 1615 civilem
368 1548 528 1630 deficere,
563 1562 602 1613 ut
632 1548 667 1613 in
696 1548 823 1631 pactis,
853 1548 977 1631 quibus
1007 1549 1098 1615 deest
1117 1538 1287 1633 stipulatio
1307 1554 1380 1637 jure

206 1659 404 1747 Quiritium,
428 1659 462 1726 in
479 1658 693 1740 venditione,
713 1678 798 1741 quae
814 1656 880 1724 fide
890 1657 930 1725 de
940 1658 1046 1741 pretio
1056 1659 1166 1725 habita
1176 1662 1381 1730 contrahitur

204 1770 300 1854 juxta
321 1770 489 1835 Platonem
508 1770 544 1849 ⁴,
568 1770 601 1834 in
622 1769 714 1835 furto
737 1788 798 1835 nec
820 1767 996 1835 manifesto
1016 1768 1106 1853 apud
1125 1769 1322 1854 Spartanos,
1347 1772 1380 1838 in

207 1895 326 1947 mutuo
346 1896 379 1946 et
396 1879 547 1963 deposito
566 1880 644 1946 olim
664 1881 753 1963 apud
771 1879 872 1945 Indos
891 1885 913 1945 ⁸.
937 1878 1074 1958 Multa,
1099 1880 1208 1963 inquit
1226 1881 1380 1963 Seneca⁸,

208 1989 309 2077 legem
328 2012 392 2055 non
410 1990 532 2055 habent
551 2012 608 2056 nec
627 1994 809 2071 actionem,
833 1989 882 2056 ad
901 2010 987 2075 quae
1003 1990 1200 2056 consuetudo
1217 1994 1381 2059 vitaehu-

209 2122 329 2167 manae
348 2102 417 2189 lege
439 2105 527 2166 omni
548 2102 719 2170 valentior
740 2100 802 2167 dat
822 2100 967 2168 aditum.
999 2101 1121 2185 Neque
1142 2102 1226 2169 eninr
1250 2103 1381 2170 creden·

211 2212 275 2279 dus
296 2212 451 2278 estnihil
484 2212 576 2277 alteri
610 2213 791 2295 imputare,
816 2210 875 2293 qui
898 2212 968 2279 suis
990 2214 1184 2296 plerumque
1202 2214 1300 2280 rebus
1324 2234 1382 2283 ne·

210 2322 324 2407 glectis
343 2322 459 2389 alienis
478 2336 590 2403 vacat,
614 2342 689 2388 cum
712 2341 828 2407 magna
849 2322 1018 2390 hominum
1042 2344 1117 2406 pars
1129 2324 1253 2391 victum
1263 2326 1383 2393 habeat

209 2432 243 2497 in
270 2453 369 2516 opera
397 2430 589 2519 quotidiana
606 2433 632 2499 ².
677 2432 757 2499 ldeo
790 2432 913 2499 Seneca
932 2435 945 2469 ⁸
964 2434 1092 2500 medico
1124 2450 1157 2501 et
1178 2437 1381 2520 praeceptori

209 2564 325 2628 operae
353 2544 496 2628 pretium
528 2543 599 2610 sive
619 2543 798 2609 mercedem
817 2543 1044 2626 occupationis
1067 2545 1113 2611 ait
1132 2546 1265 2630 deberi,
1290 2548 1381 2629 quod

209 2655 400 2721 deserviunt
429 2654 547 2737 nobis,
579 2654 711 2737 quoda
732 2654 833 2720 rebus
864 2654 934 2720 suis
962 2654 1091 2721 avocati
1120 2657 1217 2723 nobis
1249 2672 1379 2724 vacant.

207 2766 298 2832 Idem
318 2765 352 2830 in
367 2780 495 2833 oratore
506 2780 539 2831 et
556 2766 682 2848 justum
696 2785 766 2832 esse
777 2780 811 2832 et
822 2764 1039 2831 necessarium
1052 2764 1099 2832 ait
1109 2766 1337 2855 Quintilianus
1347 2770 1380 2849 ¹,

207 2876 287 2960 quia
313 2878 392 2942 haec
423 2875 493 2959 ipsa
523 2896 623 2959 opera
651 2867 849 2961 tempusque
881 2894 976 2942 omne
1007 2875 1122 2943 alienis
1152 2876 1293 2961 negotiis
1324 2876 1383 2943 da·

208 3002 279 3053 tum
311 2985 499 3053 facultatem
533 2987 627 3054 aliter
659 2987 850 3071 acquirendi
884 2987 1047 3053 recidunt
1100 2986 1222 3070 Neque
1255 3007 1379 3054 novum

209 3112 259 3166 cst
287 3098 322 3164 in
342 3100 415 3183 jure
442 3098 477 3165 id
506 3098 598 3182 quod
628 3097 720 3165 fatet
740 3097 776 3165 id
797 3098 890 3181 quod
912 3097 1008 3164 datur
1030 3097 1115 3164 inter
1134 3118 1170 3164 se
1190 3098 1380 3182 comparari.

209 3210 320 3296 Quare
342 3229 417 3275 cum
441 3208 565 3275 mutuis
586 3208 787 3276 utilitatibus
809 3208 970 3275 amicitiae
999 3208 1249 3292 contineantur,
1274 3209 1381 3293 isqui

207 3338 259 3387 rea
279 3319 412 3387 alterius
428 3334 584 3404 procurat
604 3319 750 3386 eumdem
773 3319 836 3385 sibi
857 3334 984 3403 praeter
1007 3318 1248 3387 indemnitatem
1270 3321 1311 3385 ad
1331 3340 1381 3385 re-

208 3430 443 3497 munerandum
466 3431 657 3497 naturaliter
678 3431 779 3496 habet
793 3430 973 3515 obligatum
993 3427 1029 3496 ¹⁰.
1062 3430 1101 3497 ld
1121 3430 1154 3495 in
1178 3450 1276 3499 causa
1296 3430 1381 3513 fnit,

209 3561 270 3607 cur
290 3542 429 3607 Romani
448 3562 500 3607 res
522 3561 561 3608 ex
576 3543 671 3609 hoste
682 3556 791 3624 captas
805 3541 922 3621 sociis,
943 3561 1086 3623 quorum
1098 3539 1243 3621 fuerant,
1266 3561 1382 3628 agnos-

208 3653 359 3718 centibus
380 3652 634 3731 reddiderint¹¹‚
658 3668 691 3718 et
711 3653 843 3719 eosdem
864 3652 977 3735 (utin
1000 3650 1196 3718 Latinorum
1219 3668 1288 3719 erat
1309 3653 1381 3722 soe·

241 3874 250 3907 ¹
275 3877 293 3923 1.
319 3886 342 3923 r.
364 3878 388 3933 a.
408 3877 454 3924 alt.
479 3877 497 3923 l.
522 3873 566 3935 qui
592 3872 1158 3939 mutuam.§.pen.ll.eotit.[D.17.r.]
1195 3871 1319 3925 ¹llllattlr.
1340 3890 1379 3927 ro.

211 3978 251 4014 ro
267 3967 300 4013 v.
323 3965 350 4013 in
374 3978 398 4013 c.
422 3979 446 4014 a.
470 3968 519 4027 leq.
536 3966 561 4014 6.
585 3968 642 4015 sen.
659 3968 691 4015 de
708 3966 793 4015 benef.
811 3968 828 4013 1.
846 3966 871 4015 6.
889 3978 913 4013 c.
934 3976 973 4021 15.
1006 3961 1092 4025 'Dill-
1109 3966 1142 4013 de
1159 3966 1315 4026 proxenetis.
1332 3978 1381 4017 tot.

206 4055 248 4105 tit.
269 4055 371 4119 [1).5ο.
391 4054 443 4121 ι4.]
461 4058 478 4105 1.
497 4059 589 4105 solent.
606 4056 632 4104 fs.
649 4068 759 4118 praescr.
778 4056 874 4105 verbis.
893 4056 938 4119 [D.
958 4067 996 4118 19.
1015 4067 1039 4112 5.
1059 4053 1109 4119 rs.]
1127 4054 1186 4116 Dig.
1201 4058 1232 4105 de
1253 4059 1381 4107 exmord.

208 4159 283 4207 coqu.
305 4157 355 4195 tot.
378 4147 418 4195 tit.
444 4146 489 4210 [D.
514 4158 554 4203 5ο.
582 4145 636 4211 ra]
671 4147 733 4196 ¹de
750 4149 814 4208 legg.
831 4150 849 4195 1.
876 4160 915 4196 rr.
934 4147 973 4209 [p.
991 4158 1049 4208 prs.
1067 4144 1103 4207 e.]
1122 4146 1200 4195 Arist.
1218 4147 1251 4194 de
1268 4158 1331 4195 anor.
1349 4151 1381 4198 ad

207 4238 308 4285 Nicon.
332 4239 351 4285 l.
374 4251 399 4300 9.
423 4250 447 4285 c.
474 4250 496 4285 1.
523 4235 823 4301 [p.1164.1.vs.aa.]
858 4236 958 4285 ‘stob
977 4236 1110 4299 [l.44.n.
1128 4234 1181 4299 4ι.]
1217 4234 1277 4285 ¹de
1295 4236 1381 4288 benef.

207 4330 225 4376 1.
251 4339 274 4383 5.
297 4341 322 4376 e.
346 4340 388 4376 ar.
420 4324 467 4375 ¹1.
485 4326 616 4375 naturalis.
633 4328 655 4385 l.
674 4339 697 4375 a.
715 4339 740 4375 et
758 4339 782 4385 ³·
798 4326 825 4376 ff.
842 4339 952 4388 praescr.
970 4326 1064 4375 verbls.
1084 4326 1129 4387 [D.
1149 4338 1187 4387 19·
1206 4337 1229 4382 5.
1249 4327 1284 4388 5.]
1319 4327 1380 4377 ⁸de

207 4418 293 4467 benef.
310 4419 329 4467 1.
346 4418 370 4465 6.
389 4431 412 4467 c.
432 4429 471 4473 15.
506 4416 616 4466 ’Iastia
633 4420 650 4465 1.
671 4430 710 4466 ra.
728 4431 751 4467 c.
768 4430 793 4476 7.
828 4417 850 4449 ¹¹
867 4420 928 4478 Arg.
946 4420 962 4465 l.
979 4418 1068 4466 sedet
1085 4416 1107 4464 si
1123 4418 1186 4476 lege.
1203 4418 1224 4473 5.
1242 4418 1380 4469 consuluit.

212 4505 257 4573 [D.
275 4521 300 4565 5.
319 4521 342 4567 ³·
360 4520 401 4566 as.
417 4512 440 4567 ς.
460 4506 514 4572 ιι.]
550 4506 569 4540 ¹¹
588 4507 644 4557 Liv.
661 4511 680 4557 l.
697 4524 721 4571 4
742 4510 778 4572 [e.
796 4507 849 4573 ap]
869 4510 899 4556 V.
917 4520 992 4569 supra
1009 4520 1032 4558 c.
1050 4519 1074 4568 4.
1092 4520 1144 4556 non
1161 4510 1253 4569 proctrl
1271 4506 1330 4559 line.
