<?xml version="1.0" encoding="UTF-8"?>
<!DOCTYPE html PUBLIC "-//W3C//DTD XHTML 1.0 Transitional//EN"
    "http://www.w3.org/TR/xhtml1/DTD/xhtml1-transitional.dtd">
<html xmlns="http://www.w3.org/1999/xhtml" xml:lang="en" lang="en">
 <head>
  <title>
</title>
<meta http-equiv="Content-Type" content="text/html;charset=utf-8" />
  <meta name='ocr-system' content='tesseract 3.04.00' />
  <meta name='ocr-capabilities' content='ocr_page ocr_carea ocr_par ocr_line ocrx_word'/>
</head>
<body>
  <div class='ocr_page' id='page_1' title='image "./ledroitdeprised02hamagoog_0017.png"; bbox 0 0 3450 5434; ppageno 0'>
   <div class='ocr_carea' id='block_1_1' title="bbox 708 651 1383 727">
    <p class='ocr_par' dir='ltr' id='par_1_1' title="bbox 708 651 1383 727">
     <span class='ocr_line' id='line_1_1' title="bbox 708 651 1383 727; baseline -0.007 0"><span class='ocrx_word' id='word_1_1' title='bbox 708 685 892 727; x_wconf 78' lang='lat' dir='ltr'>PRAEFATIO.</span> <span class='ocrx_word' id='word_1_2' title='bbox 1351 651 1383 722; x_wconf 76' lang='lat' dir='ltr'>Xi</span> 
     </span>
    </p>
   </div>
   <div class='ocr_carea' id='block_1_2' title="bbox 205 857 1384 4566">
    <p class='ocr_par' dir='ltr' id='par_1_2' title="bbox 211 857 1383 1229">
     <span class='ocr_line' id='line_1_2' title="bbox 211 857 1382 934; baseline -0.005 -17"><span class='ocrx_word' id='word_1_3' title='bbox 211 864 295 934; x_wconf 88' lang='lat' dir='ltr'>plura</span> <span class='ocrx_word' id='word_1_4' title='bbox 322 859 445 932; x_wconf 86' lang='lat' dir='ltr'>excipit.</span> <span class='ocrx_word' id='word_1_5' title='bbox 493 857 591 916; x_wconf 88' lang='lat' dir='ltr'>Multa</span> <span class='ocrx_word' id='word_1_6' title='bbox 623 857 753 927; x_wconf 88' lang='lat' dir='ltr'>viderat,</span> <span class='ocrx_word' id='word_1_7' title='bbox 780 861 888 915; x_wconf 91' lang='lat' dir='ltr'>multos</span> <span class='ocrx_word' id='word_1_8' title='bbox 920 858 997 914; x_wconf 91' lang='lat' dir='ltr'>vitae</span> <span class='ocrx_word' id='word_1_9' title='bbox 1025 873 1105 915; x_wconf 89' lang='lat' dir='ltr'>casus</span> <span class='ocrx_word' id='word_1_10' title='bbox 1137 867 1276 929; x_wconf 86' lang='lat' dir='ltr'>expertus</span> <span class='ocrx_word' id='word_1_11' title='bbox 1303 867 1382 912; x_wconf 86' lang='lat' dir='ltr'>erat:</span> 
     </span>
     <span class='ocr_line' id='line_1_3' title="bbox 212 958 1383 1037; baseline -0.005 -15"><span class='ocrx_word' id='word_1_12' title='bbox 212 965 311 1036; x_wconf 90' lang='lat' dir='ltr'>itaque</span> <span class='ocrx_word' id='word_1_13' title='bbox 339 980 428 1037; x_wconf 92' lang='lat' dir='ltr'>opus,</span> <span class='ocrx_word' id='word_1_14' title='bbox 455 961 535 1037; x_wconf 92' lang='lat' dir='ltr'>quod</span> <span class='ocrx_word' id='word_1_15' title='bbox 561 963 675 1036; x_wconf 76' lang='lat' dir='ltr'>iuvenis</span> <span class='ocrx_word' id='word_1_16' title='bbox 706 962 878 1036; x_wconf 82' lang='lat' dir='ltr'>scripserat,</span> <span class='ocrx_word' id='word_1_17' title='bbox 909 962 1035 1019; x_wconf 86' lang='lat' dir='ltr'>mutavit</span> <span class='ocrx_word' id='word_1_18' title='bbox 1056 973 1145 1035; x_wconf 89' lang='lat' dir='ltr'>prout</span> <span class='ocrx_word' id='word_1_19' title='bbox 1173 971 1300 1018; x_wconf 89' lang='lat' dir='ltr'>mutatus</span> <span class='ocrx_word' id='word_1_20' title='bbox 1320 958 1383 1032; x_wconf 90' lang='lat' dir='ltr'>ejus</span> 
     </span>
     <span class='ocr_line' id='line_1_4' title="bbox 212 1062 1383 1140; baseline -0.004 -15"><span class='ocrx_word' id='word_1_21' title='bbox 212 1068 242 1125; x_wconf 94' lang='lat' dir='ltr'>in</span> <span class='ocrx_word' id='word_1_22' title='bbox 263 1068 362 1125; x_wconf 91' lang='lat' dir='ltr'>multis</span> <span class='ocrx_word' id='word_1_23' title='bbox 382 1067 491 1124; x_wconf 91' lang='lat' dir='ltr'>animus</span> <span class='ocrx_word' id='word_1_24' title='bbox 510 1067 685 1140; x_wconf 89' lang='lat' dir='ltr'>postulabat.</span> <span class='ocrx_word' id='word_1_25' title='bbox 726 1067 768 1124; x_wconf 81' lang='lat' dir='ltr'>At</span> <span class='ocrx_word' id='word_1_26' title='bbox 789 1064 824 1123; x_wconf 91' lang='lat' dir='ltr'>de</span> <span class='ocrx_word' id='word_1_27' title='bbox 845 1066 918 1140; x_wconf 80' lang='lat' dir='ltr'>iuris</span> <span class='ocrx_word' id='word_1_28' title='bbox 939 1065 1092 1139; x_wconf 88' lang='lat' dir='ltr'>principiis</span> <span class='ocrx_word' id='word_1_29' title='bbox 1113 1077 1143 1122; x_wconf 92' lang='lat' dir='ltr'>et</span> <span class='ocrx_word' id='word_1_30' title='bbox 1163 1065 1276 1137; x_wconf 89' lang='lat' dir='ltr'>origine</span> <span class='ocrx_word' id='word_1_31' title='bbox 1285 1062 1383 1121; x_wconf 89' lang='lat' dir='ltr'>eadem</span> 
     </span>
     <span class='ocr_line' id='line_1_5' title="bbox 212 1171 364 1229; baseline 0.007 -2"><span class='ocrx_word' id='word_1_32' title='bbox 212 1171 364 1229; x_wconf 80' lang='lat' dir='ltr'>sentiebat.</span> 
     </span>
    </p>

    <p class='ocr_par' dir='ltr' id='par_1_3' title="bbox 207 1271 1384 3941">
     <span class='ocr_line' id='line_1_6' title="bbox 252 1271 1383 1346; baseline -0.005 -15"><span class='ocrx_word' id='word_1_33' title='bbox 252 1274 510 1332; x_wconf 87' lang='lat' dir='ltr'>ECommentario</span> <span class='ocrx_word' id='word_1_34' title='bbox 531 1271 567 1331; x_wconf 93' lang='lat' dir='ltr'>de</span> <span class='ocrx_word' id='word_1_35' title='bbox 587 1273 651 1346; x_wconf 78' lang='lat' dir='ltr'>iure</span> <span class='ocrx_word' id='word_1_36' title='bbox 672 1271 792 1346; x_wconf 81' lang='lat' dir='ltr'>praedae</span> <span class='ocrx_word' id='word_1_37' title='bbox 810 1273 916 1330; x_wconf 90' lang='lat' dir='ltr'>clarius</span> <span class='ocrx_word' id='word_1_38' title='bbox 937 1288 1023 1346; x_wconf 89' lang='lat' dir='ltr'>quam</span> <span class='ocrx_word' id='word_1_39' title='bbox 1043 1287 1081 1328; x_wconf 87' lang='lat' dir='ltr'>err</span> <span class='ocrx_word' id='word_1_40' title='bbox 1102 1273 1196 1328; x_wconf 89' lang='lat' dir='ltr'>altero</span> <span class='ocrx_word' id='word_1_41' title='bbox 1215 1285 1304 1343; x_wconf 90' lang='lat' dir='ltr'>opere</span> <span class='ocrx_word' id='word_1_42' title='bbox 1321 1284 1383 1326; x_wconf 92' lang='lat' dir='ltr'>cer·</span> 
     </span>
     <span class='ocr_line' id='line_1_7' title="bbox 211 1373 1383 1452; baseline -0.005 -17"><span class='ocrx_word' id='word_1_43' title='bbox 211 1379 322 1452; x_wconf 90' lang='lat' dir='ltr'>nimus,</span> <span class='ocrx_word' id='word_1_44' title='bbox 354 1393 429 1451; x_wconf 89' lang='lat' dir='ltr'>quae</span> <span class='ocrx_word' id='word_1_45' title='bbox 457 1377 607 1450; x_wconf 91' lang='lat' dir='ltr'>scriptoris</span> <span class='ocrx_word' id='word_1_46' title='bbox 635 1381 696 1434; x_wconf 91' lang='lat' dir='ltr'>laus</span> <span class='ocrx_word' id='word_1_47' title='bbox 721 1379 758 1435; x_wconf 93' lang='lat' dir='ltr'>sit</span> <span class='ocrx_word' id='word_1_48' title='bbox 788 1378 864 1434; x_wconf 86' lang='lat' dir='ltr'>circa</span> <span class='ocrx_word' id='word_1_49' title='bbox 893 1377 938 1451; x_wconf 74' lang='lat' dir='ltr'>ius</span> <span class='ocrx_word' id='word_1_50' title='bbox 964 1376 1094 1449; x_wconf 87' lang='lat' dir='ltr'>gentium</span> <span class='ocrx_word' id='word_1_51' title='bbox 1123 1387 1154 1432; x_wconf 90' lang='lat' dir='ltr'>et</span> <span class='ocrx_word' id='word_1_52' title='bbox 1180 1373 1227 1448; x_wconf 85' lang='lat' dir='ltr'>jus</span> <span class='ocrx_word' id='word_1_53' title='bbox 1254 1383 1383 1430; x_wconf 90' lang='lat' dir='ltr'>naturae.</span> 
     </span>
     <span class='ocr_line' id='line_1_8' title="bbox 211 1477 1383 1554; baseline -0.007 -15"><span class='ocrx_word' id='word_1_54' title='bbox 211 1483 310 1554; x_wconf 90' lang='lat' dir='ltr'>Vulgo</span> <span class='ocrx_word' id='word_1_55' title='bbox 336 1481 459 1539; x_wconf 90' lang='lat' dir='ltr'>Grotius</span> <span class='ocrx_word' id='word_1_56' title='bbox 487 1482 535 1538; x_wconf 91' lang='lat' dir='ltr'>has</span> <span class='ocrx_word' id='word_1_57' title='bbox 564 1479 731 1554; x_wconf 89' lang='lat' dir='ltr'>disciplinas</span> <span class='ocrx_word' id='word_1_58' title='bbox 761 1478 927 1538; x_wconf 86' lang='lat' dir='ltr'>condidisse</span> <span class='ocrx_word' id='word_1_59' title='bbox 954 1478 1073 1538; x_wconf 91' lang='lat' dir='ltr'>dicitur.</span> <span class='ocrx_word' id='word_1_60' title='bbox 1118 1479 1161 1536; x_wconf 82' lang='lat' dir='ltr'>At</span> <span class='ocrx_word' id='word_1_61' title='bbox 1185 1478 1207 1534; x_wconf 92' lang='lat' dir='ltr'>si</span> <span class='ocrx_word' id='word_1_62' title='bbox 1235 1477 1285 1548; x_wconf 93' lang='lat' dir='ltr'>qui</span> <span class='ocrx_word' id='word_1_63' title='bbox 1307 1491 1383 1533; x_wconf 90' lang='lat' dir='ltr'>nova</span> 
     </span>
     <span class='ocr_line' id='line_1_9' title="bbox 211 1581 1383 1658; baseline -0.004 -15"><span class='ocrx_word' id='word_1_64' title='bbox 211 1601 275 1643; x_wconf 89' lang='lat' dir='ltr'>eum</span> <span class='ocrx_word' id='word_1_65' title='bbox 296 1585 368 1658; x_wconf 88' lang='lat' dir='ltr'>juris</span> <span class='ocrx_word' id='word_1_66' title='bbox 389 1583 522 1657; x_wconf 83' lang='lat' dir='ltr'>dogmata</span> <span class='ocrx_word' id='word_1_67' title='bbox 539 1585 719 1657; x_wconf 83' lang='lat' dir='ltr'>excogitasse</span> <span class='ocrx_word' id='word_1_68' title='bbox 739 1595 864 1658; x_wconf 90' lang='lat' dir='ltr'>putant,</span> <span class='ocrx_word' id='word_1_69' title='bbox 885 1586 932 1641; x_wconf 91' lang='lat' dir='ltr'>vel</span> <span class='ocrx_word' id='word_1_70' title='bbox 953 1581 1101 1657; x_wconf 87' lang='lat' dir='ltr'>docuisse,</span> <span class='ocrx_word' id='word_1_71' title='bbox 1123 1599 1196 1657; x_wconf 88' lang='lat' dir='ltr'>quae</span> <span class='ocrx_word' id='word_1_72' title='bbox 1218 1599 1302 1640; x_wconf 90' lang='lat' dir='ltr'>nemo</span> <span class='ocrx_word' id='word_1_73' title='bbox 1316 1592 1383 1639; x_wconf 90' lang='lat' dir='ltr'>ante</span> 
     </span>
     <span class='ocr_line' id='line_1_10' title="bbox 211 1685 1383 1761; baseline -0.003 -15"><span class='ocrx_word' id='word_1_74' title='bbox 211 1705 275 1746; x_wconf 90' lang='lat' dir='ltr'>eum</span> <span class='ocrx_word' id='word_1_75' title='bbox 295 1687 451 1756; x_wconf 85' lang='lat' dir='ltr'>docuerat,</span> <span class='ocrx_word' id='word_1_76' title='bbox 473 1688 502 1744; x_wconf 91' lang='lat' dir='ltr'>hi</span> <span class='ocrx_word' id='word_1_77' title='bbox 525 1690 610 1761; x_wconf 92' lang='lat' dir='ltr'>longe</span> <span class='ocrx_word' id='word_1_78' title='bbox 629 1705 645 1744; x_wconf 93' lang='lat' dir='ltr'>a</span> <span class='ocrx_word' id='word_1_79' title='bbox 666 1703 737 1744; x_wconf 90' lang='lat' dir='ltr'>vero</span> <span class='ocrx_word' id='word_1_80' title='bbox 758 1686 873 1745; x_wconf 89' lang='lat' dir='ltr'>absunt.</span> <span class='ocrx_word' id='word_1_81' title='bbox 913 1687 1004 1745; x_wconf 89' lang='lat' dir='ltr'>Nulla</span> <span class='ocrx_word' id='word_1_82' title='bbox 1024 1687 1084 1744; x_wconf 84' lang='lat' dir='ltr'>sere</span> <span class='ocrx_word' id='word_1_83' title='bbox 1104 1685 1239 1760; x_wconf 83' lang='lat' dir='ltr'>dogmata</span> <span class='ocrx_word' id='word_1_84' title='bbox 1259 1687 1383 1760; x_wconf 88' lang='lat' dir='ltr'>promit,</span> 
     </span>
     <span class='ocr_line' id='line_1_11' title="bbox 211 1788 1384 1866; baseline -0.005 -16"><span class='ocrx_word' id='word_1_85' title='bbox 211 1809 285 1866; x_wconf 90' lang='lat' dir='ltr'>quae</span> <span class='ocrx_word' id='word_1_86' title='bbox 314 1808 372 1849; x_wconf 93' lang='lat' dir='ltr'>non</span> <span class='ocrx_word' id='word_1_87' title='bbox 402 1793 474 1849; x_wconf 91' lang='lat' dir='ltr'>alius</span> <span class='ocrx_word' id='word_1_88' title='bbox 501 1790 651 1864; x_wconf 86' lang='lat' dir='ltr'>cujusdam</span> <span class='ocrx_word' id='word_1_89' title='bbox 681 1792 831 1864; x_wconf 92' lang='lat' dir='ltr'>scriptoris</span> <span class='ocrx_word' id='word_1_90' title='bbox 857 1791 1033 1849; x_wconf 89' lang='lat' dir='ltr'>auctoritate</span> <span class='ocrx_word' id='word_1_91' title='bbox 1056 1788 1218 1848; x_wconf 89' lang='lat' dir='ltr'>confirmet.</span> <span class='ocrx_word' id='word_1_92' title='bbox 1264 1790 1297 1847; x_wconf 94' lang='lat' dir='ltr'>In</span> <span class='ocrx_word' id='word_1_93' title='bbox 1325 1789 1384 1845; x_wconf 91' lang='lat' dir='ltr'>illis</span> 
     </span>
     <span class='ocr_line' id='line_1_12' title="bbox 209 1892 1382 1967; baseline -0.003 -13"><span class='ocrx_word' id='word_1_94' title='bbox 209 1912 285 1954; x_wconf 87' lang='lat' dir='ltr'>unus</span> <span class='ocrx_word' id='word_1_95' title='bbox 313 1895 467 1954; x_wconf 88' lang='lat' dir='ltr'>Albericus</span> <span class='ocrx_word' id='word_1_96' title='bbox 496 1896 623 1953; x_wconf 89' lang='lat' dir='ltr'>Gentilis</span> <span class='ocrx_word' id='word_1_97' title='bbox 652 1892 806 1964; x_wconf 88' lang='lat' dir='ltr'>laudatur,</span> <span class='ocrx_word' id='word_1_98' title='bbox 835 1903 980 1967; x_wconf 86' lang='lat' dir='ltr'>tamquam</span> <span class='ocrx_word' id='word_1_99' title='bbox 1006 1892 1070 1951; x_wconf 85' lang='lat' dir='ltr'>dux</span> <span class='ocrx_word' id='word_1_100' title='bbox 1095 1893 1195 1951; x_wconf 92' lang='lat' dir='ltr'>Grotii</span> <span class='ocrx_word' id='word_1_101' title='bbox 1219 1904 1249 1951; x_wconf 92' lang='lat' dir='ltr'>et</span> <span class='ocrx_word' id='word_1_102' title='bbox 1270 1894 1310 1966; x_wconf 91' lang='lat' dir='ltr'>is,</span> <span class='ocrx_word' id='word_1_103' title='bbox 1331 1893 1382 1965; x_wconf 90' lang='lat' dir='ltr'>qui</span> 
     </span>
     <span class='ocr_line' id='line_1_13' title="bbox 210 1995 1382 2073; baseline -0.003 -17"><span class='ocrx_word' id='word_1_104' title='bbox 210 2000 286 2057; x_wconf 88' lang='lat' dir='ltr'>viam</span> <span class='ocrx_word' id='word_1_105' title='bbox 312 2000 339 2056; x_wconf 90' lang='lat' dir='ltr'>ei</span> <span class='ocrx_word' id='word_1_106' title='bbox 365 2000 570 2073; x_wconf 90' lang='lat' dir='ltr'>praemunivit.</span> <span class='ocrx_word' id='word_1_107' title='bbox 613 1997 668 2056; x_wconf 89' lang='lat' dir='ltr'>Sed</span> <span class='ocrx_word' id='word_1_108' title='bbox 689 1999 742 2056; x_wconf 91' lang='lat' dir='ltr'>hac</span> <span class='ocrx_word' id='word_1_109' title='bbox 764 1996 847 2056; x_wconf 92' lang='lat' dir='ltr'>laude</span> <span class='ocrx_word' id='word_1_110' title='bbox 869 2014 1049 2070; x_wconf 84' lang='lat' dir='ltr'>nequaquam</span> <span class='ocrx_word' id='word_1_111' title='bbox 1070 1995 1174 2070; x_wconf 92' lang='lat' dir='ltr'>dignus</span> <span class='ocrx_word' id='word_1_112' title='bbox 1191 2007 1244 2054; x_wconf 89' lang='lat' dir='ltr'>est.</span> <span class='ocrx_word' id='word_1_113' title='bbox 1284 1996 1382 2054; x_wconf 88' lang='lat' dir='ltr'>Multa</span> 
     </span>
     <span class='ocr_line' id='line_1_14' title="bbox 210 2099 1382 2176; baseline -0.003 -16"><span class='ocrx_word' id='word_1_114' title='bbox 210 2104 349 2176; x_wconf 83' lang='lat' dir='ltr'>collegit,</span> <span class='ocrx_word' id='word_1_115' title='bbox 369 2103 398 2160; x_wconf 94' lang='lat' dir='ltr'>in</span> <span class='ocrx_word' id='word_1_116' title='bbox 420 2104 456 2160; x_wconf 92' lang='lat' dir='ltr'>iis</span> <span class='ocrx_word' id='word_1_117' title='bbox 477 2105 584 2176; x_wconf 89' lang='lat' dir='ltr'>multa,</span> <span class='ocrx_word' id='word_1_118' title='bbox 606 2103 712 2176; x_wconf 89' lang='lat' dir='ltr'>quibus</span> <span class='ocrx_word' id='word_1_119' title='bbox 741 2102 864 2160; x_wconf 88' lang='lat' dir='ltr'>Grotius</span> <span class='ocrx_word' id='word_1_120' title='bbox 892 2119 960 2160; x_wconf 90' lang='lat' dir='ltr'>usus</span> <span class='ocrx_word' id='word_1_121' title='bbox 987 2112 1047 2171; x_wconf 94' lang='lat' dir='ltr'>est,</span> <span class='ocrx_word' id='word_1_122' title='bbox 1076 2099 1126 2158; x_wconf 93' lang='lat' dir='ltr'>sed</span> <span class='ocrx_word' id='word_1_123' title='bbox 1150 2099 1261 2174; x_wconf 89' lang='lat' dir='ltr'>judicio</span> <span class='ocrx_word' id='word_1_124' title='bbox 1286 2110 1382 2170; x_wconf 90' lang='lat' dir='ltr'>caret,</span> 
     </span>
     <span class='ocr_line' id='line_1_15' title="bbox 211 2203 1380 2281; baseline -0.003 -16"><span class='ocrx_word' id='word_1_125' title='bbox 211 2224 264 2265; x_wconf 90' lang='lat' dir='ltr'>nec</span> <span class='ocrx_word' id='word_1_126' title='bbox 286 2210 350 2281; x_wconf 92' lang='lat' dir='ltr'>plus</span> <span class='ocrx_word' id='word_1_127' title='bbox 369 2206 455 2265; x_wconf 89' lang='lat' dir='ltr'>habet</span> <span class='ocrx_word' id='word_1_128' title='bbox 476 2223 560 2279; x_wconf 90' lang='lat' dir='ltr'>quam</span> <span class='ocrx_word' id='word_1_129' title='bbox 581 2207 644 2279; x_wconf 90' lang='lat' dir='ltr'>alii,</span> <span class='ocrx_word' id='word_1_130' title='bbox 665 2223 790 2280; x_wconf 91' lang='lat' dir='ltr'>quorum</span> <span class='ocrx_word' id='word_1_131' title='bbox 811 2206 914 2263; x_wconf 89' lang='lat' dir='ltr'>merita</span> <span class='ocrx_word' id='word_1_132' title='bbox 935 2222 1092 2278; x_wconf 89' lang='lat' dir='ltr'>numquam</span> <span class='ocrx_word' id='word_1_133' title='bbox 1111 2203 1275 2262; x_wconf 87' lang='lat' dir='ltr'>laudantur.</span> <span class='ocrx_word' id='word_1_134' title='bbox 1310 2204 1380 2262; x_wconf 91' lang='lat' dir='ltr'>Non</span> 
     </span>
     <span class='ocr_line' id='line_1_16' title="bbox 210 2308 1382 2383; baseline -0.002 -15"><span class='ocrx_word' id='word_1_135' title='bbox 210 2311 279 2368; x_wconf 90' lang='lat' dir='ltr'>huic</span> <span class='ocrx_word' id='word_1_136' title='bbox 307 2314 430 2369; x_wconf 92' lang='lat' dir='ltr'>multum</span> <span class='ocrx_word' id='word_1_137' title='bbox 453 2309 539 2368; x_wconf 91' lang='lat' dir='ltr'>debet</span> <span class='ocrx_word' id='word_1_138' title='bbox 561 2311 700 2381; x_wconf 90' lang='lat' dir='ltr'>Grotius,</span> <span class='ocrx_word' id='word_1_139' title='bbox 722 2308 770 2367; x_wconf 92' lang='lat' dir='ltr'>sed</span> <span class='ocrx_word' id='word_1_140' title='bbox 792 2310 907 2368; x_wconf 92' lang='lat' dir='ltr'>summis</span> <span class='ocrx_word' id='word_1_141' title='bbox 925 2308 1000 2382; x_wconf 91' lang='lat' dir='ltr'>apud</span> <span class='ocrx_word' id='word_1_142' title='bbox 1023 2309 1166 2383; x_wconf 89' lang='lat' dir='ltr'>Hispanos</span> <span class='ocrx_word' id='word_1_143' title='bbox 1188 2309 1332 2381; x_wconf 90' lang='lat' dir='ltr'>theologis</span> <span class='ocrx_word' id='word_1_144' title='bbox 1351 2320 1382 2366; x_wconf 90' lang='lat' dir='ltr'>et</span> 
     </span>
     <span class='ocr_line' id='line_1_17' title="bbox 208 2412 1381 2488; baseline -0.003 -16"><span class='ocrx_word' id='word_1_145' title='bbox 208 2415 441 2488; x_wconf 87' lang='lat' dir='ltr'>jurisconsultis,</span> <span class='ocrx_word' id='word_1_146' title='bbox 472 2415 572 2473; x_wconf 91' lang='lat' dir='ltr'>Caroli</span> <span class='ocrx_word' id='word_1_147' title='bbox 595 2414 622 2470; x_wconf 93' lang='lat' dir='ltr'>V</span> <span class='ocrx_word' id='word_1_148' title='bbox 644 2424 674 2471; x_wconf 92' lang='lat' dir='ltr'>et</span> <span class='ocrx_word' id='word_1_149' title='bbox 694 2413 823 2488; x_wconf 91' lang='lat' dir='ltr'>Philippi</span> <span class='ocrx_word' id='word_1_150' title='bbox 845 2414 874 2471; x_wconf 93' lang='lat' dir='ltr'>ll</span> <span class='ocrx_word' id='word_1_151' title='bbox 895 2412 1078 2486; x_wconf 89' lang='lat' dir='ltr'>aequalibus,</span> <span class='ocrx_word' id='word_1_152' title='bbox 1099 2413 1254 2470; x_wconf 89' lang='lat' dir='ltr'>Fraucisco</span> <span class='ocrx_word' id='word_1_153' title='bbox 1275 2412 1381 2470; x_wconf 93' lang='lat' dir='ltr'>Victo-</span> 
     </span>
     <span class='ocr_line' id='line_1_18' title="bbox 209 2518 1380 2591; baseline -0.001 -16"><span class='ocrx_word' id='word_1_154' title='bbox 209 2519 284 2588; x_wconf 89' lang='lat' dir='ltr'>riae,</span> <span class='ocrx_word' id='word_1_155' title='bbox 311 2519 472 2576; x_wconf 92' lang='lat' dir='ltr'>Dominico</span> <span class='ocrx_word' id='word_1_156' title='bbox 500 2519 587 2586; x_wconf 90' lang='lat' dir='ltr'>Soto‚</span> <span class='ocrx_word' id='word_1_157' title='bbox 608 2518 810 2575; x_wconf 89' lang='lat' dir='ltr'>Covarruviae</span> <span class='ocrx_word' id='word_1_158' title='bbox 834 2528 863 2574; x_wconf 91' lang='lat' dir='ltr'>et</span> <span class='ocrx_word' id='word_1_159' title='bbox 891 2518 1059 2591; x_wconf 88' lang='lat' dir='ltr'>praesertim</span> <span class='ocrx_word' id='word_1_160' title='bbox 1086 2518 1232 2590; x_wconf 88' lang='lat' dir='ltr'>Vasquio‚</span> <span class='ocrx_word' id='word_1_161' title='bbox 1256 2533 1380 2589; x_wconf 89' lang='lat' dir='ltr'>quorum</span> 
     </span>
     <span class='ocr_line' id='line_1_19' title="bbox 209 2621 1380 2696; baseline 0 -18"><span class='ocrx_word' id='word_1_162' title='bbox 209 2623 311 2680; x_wconf 88' lang='lat' dir='ltr'>merita</span> <span class='ocrx_word' id='word_1_163' title='bbox 339 2623 400 2696; x_wconf 89' lang='lat' dir='ltr'>ipse</span> <span class='ocrx_word' id='word_1_164' title='bbox 427 2633 525 2696; x_wconf 91' lang='lat' dir='ltr'>gratus</span> <span class='ocrx_word' id='word_1_165' title='bbox 553 2623 694 2695; x_wconf 90' lang='lat' dir='ltr'>agnoscit.</span> <span class='ocrx_word' id='word_1_166' title='bbox 736 2621 858 2678; x_wconf 89' lang='lat' dir='ltr'>Omnem</span> <span class='ocrx_word' id='word_1_167' title='bbox 889 2621 949 2678; x_wconf 85' lang='lat' dir='ltr'>fere</span> <span class='ocrx_word' id='word_1_168' title='bbox 971 2621 1212 2694; x_wconf 88' lang='lat' dir='ltr'>Dogmaticorum</span> <span class='ocrx_word' id='word_1_169' title='bbox 1233 2622 1380 2679; x_wconf 89' lang='lat' dir='ltr'>materiem</span> 
     </span>
     <span class='ocr_line' id='line_1_20' title="bbox 209 2723 1381 2799; baseline 0.001 -16"><span class='ocrx_word' id='word_1_170' title='bbox 209 2741 245 2783; x_wconf 88' lang='lat' dir='ltr'>ex</span> <span class='ocrx_word' id='word_1_171' title='bbox 266 2727 383 2784; x_wconf 91' lang='lat' dir='ltr'>illorum</span> <span class='ocrx_word' id='word_1_172' title='bbox 410 2726 524 2799; x_wconf 89' lang='lat' dir='ltr'>scriptis</span> <span class='ocrx_word' id='word_1_173' title='bbox 546 2725 682 2798; x_wconf 89' lang='lat' dir='ltr'>collegit,</span> <span class='ocrx_word' id='word_1_174' title='bbox 703 2736 733 2782; x_wconf 94' lang='lat' dir='ltr'>et</span> <span class='ocrx_word' id='word_1_175' title='bbox 754 2725 852 2799; x_wconf 89' lang='lat' dir='ltr'>paucis</span> <span class='ocrx_word' id='word_1_176' title='bbox 871 2726 944 2782; x_wconf 88' lang='lat' dir='ltr'>aliis.</span> <span class='ocrx_word' id='word_1_177' title='bbox 986 2723 1042 2783; x_wconf 88' lang='lat' dir='ltr'>Sed</span> <span class='ocrx_word' id='word_1_178' title='bbox 1063 2725 1132 2782; x_wconf 89' lang='lat' dir='ltr'>haec</span> <span class='ocrx_word' id='word_1_179' title='bbox 1152 2726 1285 2782; x_wconf 90' lang='lat' dir='ltr'>materies</span> <span class='ocrx_word' id='word_1_180' title='bbox 1303 2724 1381 2799; x_wconf 92' lang='lat' dir='ltr'>apud</span> 
     </span>
     <span class='ocr_line' id='line_1_21' title="bbox 209 2827 1380 2903; baseline 0.002 -17"><span class='ocrx_word' id='word_1_181' title='bbox 209 2831 275 2887; x_wconf 90' lang='lat' dir='ltr'>illos</span> <span class='ocrx_word' id='word_1_182' title='bbox 299 2833 381 2888; x_wconf 93' lang='lat' dir='ltr'>nullo</span> <span class='ocrx_word' id='word_1_183' title='bbox 409 2828 511 2887; x_wconf 91' lang='lat' dir='ltr'>ordine</span> <span class='ocrx_word' id='word_1_184' title='bbox 540 2827 681 2903; x_wconf 87' lang='lat' dir='ltr'>disposita</span> <span class='ocrx_word' id='word_1_185' title='bbox 709 2829 817 2886; x_wconf 89' lang='lat' dir='ltr'>latebat</span> <span class='ocrx_word' id='word_1_186' title='bbox 838 2829 916 2885; x_wconf 91' lang='lat' dir='ltr'>inter</span> <span class='ocrx_word' id='word_1_187' title='bbox 937 2829 1068 2901; x_wconf 90' lang='lat' dir='ltr'>ingentes</span> <span class='ocrx_word' id='word_1_188' title='bbox 1090 2844 1185 2886; x_wconf 92' lang='lat' dir='ltr'>rerum</span> <span class='ocrx_word' id='word_1_189' title='bbox 1207 2831 1301 2889; x_wconf 90' lang='lat' dir='ltr'>minus</span> <span class='ocrx_word' id='word_1_190' title='bbox 1321 2832 1380 2888; x_wconf 91' lang='lat' dir='ltr'>uti·</span> 
     </span>
     <span class='ocr_line' id='line_1_22' title="bbox 209 2930 1379 3004; baseline 0 -13"><span class='ocrx_word' id='word_1_191' title='bbox 209 2933 280 2991; x_wconf 91' lang='lat' dir='ltr'>lium</span> <span class='ocrx_word' id='word_1_192' title='bbox 315 2935 455 2991; x_wconf 91' lang='lat' dir='ltr'>cumulos.</span> <span class='ocrx_word' id='word_1_193' title='bbox 508 2935 623 2991; x_wconf 90' lang='lat' dir='ltr'>Summa</span> <span class='ocrx_word' id='word_1_194' title='bbox 652 2935 712 2990; x_wconf 90' lang='lat' dir='ltr'>laus</span> <span class='ocrx_word' id='word_1_195' title='bbox 745 2932 844 2988; x_wconf 91' lang='lat' dir='ltr'>Grotii</span> <span class='ocrx_word' id='word_1_196' title='bbox 875 2942 932 3000; x_wconf 89' lang='lat' dir='ltr'>est,</span> <span class='ocrx_word' id='word_1_197' title='bbox 963 2930 1058 3004; x_wconf 93' lang='lat' dir='ltr'>quod,</span> <span class='ocrx_word' id='word_1_198' title='bbox 1089 2947 1162 3004; x_wconf 90' lang='lat' dir='ltr'>quae</span> <span class='ocrx_word' id='word_1_199' title='bbox 1192 2931 1228 2989; x_wconf 87' lang='lat' dir='ltr'>ad</span> <span class='ocrx_word' id='word_1_200' title='bbox 1263 2950 1379 2991; x_wconf 91' lang='lat' dir='ltr'>manum</span> 
     </span>
     <span class='ocr_line' id='line_1_23' title="bbox 210 3033 1379 3111; baseline 0 -17"><span class='ocrx_word' id='word_1_201' title='bbox 210 3049 307 3107; x_wconf 88' lang='lat' dir='ltr'>erant,</span> <span class='ocrx_word' id='word_1_202' title='bbox 333 3038 452 3111; x_wconf 86' lang='lat' dir='ltr'>collegit</span> <span class='ocrx_word' id='word_1_203' title='bbox 476 3049 506 3096; x_wconf 92' lang='lat' dir='ltr'>et</span> <span class='ocrx_word' id='word_1_204' title='bbox 529 3038 570 3095; x_wconf 92' lang='lat' dir='ltr'>ita</span> <span class='ocrx_word' id='word_1_205' title='bbox 597 3035 758 3109; x_wconf 88' lang='lat' dir='ltr'>disposuit,</span> <span class='ocrx_word' id='word_1_206' title='bbox 784 3047 818 3094; x_wconf 92' lang='lat' dir='ltr'>ut</span> <span class='ocrx_word' id='word_1_207' title='bbox 839 3034 907 3093; x_wconf 94' lang='lat' dir='ltr'>inde</span> <span class='ocrx_word' id='word_1_208' title='bbox 926 3052 1002 3093; x_wconf 89' lang='lat' dir='ltr'>nova</span> <span class='ocrx_word' id='word_1_209' title='bbox 1029 3035 1102 3109; x_wconf 81' lang='lat' dir='ltr'>iuris</span> <span class='ocrx_word' id='word_1_210' title='bbox 1134 3033 1287 3110; x_wconf 91' lang='lat' dir='ltr'>disciplina</span> <span class='ocrx_word' id='word_1_211' title='bbox 1317 3055 1379 3094; x_wconf 93' lang='lat' dir='ltr'>nas·</span> 
     </span>
     <span class='ocr_line' id='line_1_24' title="bbox 209 3139 1378 3214; baseline 0.001 -16"><span class='ocrx_word' id='word_1_212' title='bbox 209 3152 335 3199; x_wconf 89' lang='lat' dir='ltr'>ceretur.</span> <span class='ocrx_word' id='word_1_213' title='bbox 385 3142 465 3199; x_wconf 89' lang='lat' dir='ltr'>Ante</span> <span class='ocrx_word' id='word_1_214' title='bbox 502 3157 566 3199; x_wconf 89' lang='lat' dir='ltr'>eum</span> <span class='ocrx_word' id='word_1_215' title='bbox 608 3157 693 3198; x_wconf 91' lang='lat' dir='ltr'>nemo</span> <span class='ocrx_word' id='word_1_216' title='bbox 731 3139 846 3199; x_wconf 87' lang='lat' dir='ltr'>viderat</span> <span class='ocrx_word' id='word_1_217' title='bbox 886 3141 958 3214; x_wconf 85' lang='lat' dir='ltr'>juris</span> <span class='ocrx_word' id='word_1_218' title='bbox 995 3141 1127 3214; x_wconf 88' lang='lat' dir='ltr'>gentium</span> <span class='ocrx_word' id='word_1_219' title='bbox 1168 3142 1319 3214; x_wconf 71' lang='lat' dir='ltr'>originem</span> <span class='ocrx_word' id='word_1_220' title='bbox 1348 3142 1378 3199; x_wconf 94' lang='lat' dir='ltr'>in</span> 
     </span>
     <span class='ocr_line' id='line_1_25' title="bbox 208 3243 1379 3319; baseline 0.001 -17"><span class='ocrx_word' id='word_1_221' title='bbox 208 3245 272 3319; x_wconf 78' lang='lat' dir='ltr'>iure</span> <span class='ocrx_word' id='word_1_222' title='bbox 304 3257 423 3303; x_wconf 91' lang='lat' dir='ltr'>naturae</span> <span class='ocrx_word' id='word_1_223' title='bbox 453 3244 643 3318; x_wconf 90' lang='lat' dir='ltr'>quaerendam</span> <span class='ocrx_word' id='word_1_224' title='bbox 673 3261 749 3313; x_wconf 90' lang='lat' dir='ltr'>esse,</span> <span class='ocrx_word' id='word_1_225' title='bbox 781 3260 866 3302; x_wconf 89' lang='lat' dir='ltr'>nemo</span> <span class='ocrx_word' id='word_1_226' title='bbox 884 3245 929 3318; x_wconf 79' lang='lat' dir='ltr'>ius</span> <span class='ocrx_word' id='word_1_227' title='bbox 961 3245 1021 3318; x_wconf 91' lang='lat' dir='ltr'>ipse</span> <span class='ocrx_word' id='word_1_228' title='bbox 1042 3243 1109 3303; x_wconf 90' lang='lat' dir='ltr'>inde</span> <span class='ocrx_word' id='word_1_229' title='bbox 1130 3243 1273 3302; x_wconf 90' lang='lat' dir='ltr'>deducere</span> <span class='ocrx_word' id='word_1_230' title='bbox 1292 3261 1379 3303; x_wconf 87' lang='lat' dir='ltr'>cona-</span> 
     </span>
     <span class='ocr_line' id='line_1_26' title="bbox 209 3347 1380 3423; baseline 0.001 -15"><span class='ocrx_word' id='word_1_231' title='bbox 209 3362 255 3408; x_wconf 91' lang='lat' dir='ltr'>tus</span> <span class='ocrx_word' id='word_1_232' title='bbox 276 3361 348 3408; x_wconf 90' lang='lat' dir='ltr'>erat.</span> <span class='ocrx_word' id='word_1_233' title='bbox 369 3350 540 3423; x_wconf 89' lang='lat' dir='ltr'>Dogmatica</span> <span class='ocrx_word' id='word_1_234' title='bbox 561 3347 596 3406; x_wconf 90' lang='lat' dir='ltr'>de</span> <span class='ocrx_word' id='word_1_235' title='bbox 617 3348 680 3421; x_wconf 84' lang='lat' dir='ltr'>jure</span> <span class='ocrx_word' id='word_1_236' title='bbox 702 3347 822 3422; x_wconf 88' lang='lat' dir='ltr'>praedae</span> <span class='ocrx_word' id='word_1_237' title='bbox 843 3349 967 3422; x_wconf 89' lang='lat' dir='ltr'>primum</span> <span class='ocrx_word' id='word_1_238' title='bbox 989 3348 1050 3421; x_wconf 90' lang='lat' dir='ltr'>ejus</span> <span class='ocrx_word' id='word_1_239' title='bbox 1072 3349 1113 3406; x_wconf 93' lang='lat' dir='ltr'>rei</span> <span class='ocrx_word' id='word_1_240' title='bbox 1134 3350 1280 3421; x_wconf 88' lang='lat' dir='ltr'>specimen</span> <span class='ocrx_word' id='word_1_241' title='bbox 1302 3362 1380 3409; x_wconf 90' lang='lat' dir='ltr'>sunt.</span> 
     </span>
     <span class='ocr_line' id='line_1_27' title="bbox 208 3450 1379 3526; baseline 0 -14"><span class='ocrx_word' id='word_1_242' title='bbox 208 3452 382 3524; x_wconf 87' lang='lat' dir='ltr'>Methodus‚</span> <span class='ocrx_word' id='word_1_243' title='bbox 407 3469 492 3526; x_wconf 91' lang='lat' dir='ltr'>quam</span> <span class='ocrx_word' id='word_1_244' title='bbox 519 3453 559 3510; x_wconf 92' lang='lat' dir='ltr'>ibi</span> <span class='ocrx_word' id='word_1_245' title='bbox 577 3453 709 3526; x_wconf 90' lang='lat' dir='ltr'>sequitur</span> <span class='ocrx_word' id='word_1_246' title='bbox 729 3464 845 3526; x_wconf 90' lang='lat' dir='ltr'>auctor,</span> <span class='ocrx_word' id='word_1_247' title='bbox 871 3464 901 3511; x_wconf 92' lang='lat' dir='ltr'>et</span> <span class='ocrx_word' id='word_1_248' title='bbox 928 3450 1147 3526; x_wconf 89' lang='lat' dir='ltr'>argumentandi</span> <span class='ocrx_word' id='word_1_249' title='bbox 1169 3454 1244 3510; x_wconf 91' lang='lat' dir='ltr'>ratio</span> <span class='ocrx_word' id='word_1_250' title='bbox 1271 3471 1379 3512; x_wconf 91' lang='lat' dir='ltr'>summa</span> 
     </span>
     <span class='ocr_line' id='line_1_28' title="bbox 208 3556 1378 3631; baseline -0.001 -15"><span class='ocrx_word' id='word_1_251' title='bbox 208 3556 292 3616; x_wconf 90' lang='lat' dir='ltr'>laude</span> <span class='ocrx_word' id='word_1_252' title='bbox 313 3556 399 3631; x_wconf 88' lang='lat' dir='ltr'>digna</span> <span class='ocrx_word' id='word_1_253' title='bbox 415 3568 468 3614; x_wconf 90' lang='lat' dir='ltr'>est.</span> <span class='ocrx_word' id='word_1_254' title='bbox 500 3557 524 3614; x_wconf 91' lang='lat' dir='ltr'>E</span> <span class='ocrx_word' id='word_1_255' title='bbox 551 3557 658 3630; x_wconf 90' lang='lat' dir='ltr'>regulis</span> <span class='ocrx_word' id='word_1_256' title='bbox 676 3558 824 3615; x_wconf 91' lang='lat' dir='ltr'>nonnullis</span> <span class='ocrx_word' id='word_1_257' title='bbox 842 3567 872 3614; x_wconf 92' lang='lat' dir='ltr'>et</span> <span class='ocrx_word' id='word_1_258' title='bbox 897 3556 1025 3630; x_wconf 90' lang='lat' dir='ltr'>legibus,</span> <span class='ocrx_word' id='word_1_259' title='bbox 1045 3573 1115 3629; x_wconf 91' lang='lat' dir='ltr'>quas</span> <span class='ocrx_word' id='word_1_260' title='bbox 1136 3567 1280 3630; x_wconf 91' lang='lat' dir='ltr'>tamquam</span> <span class='ocrx_word' id='word_1_261' title='bbox 1297 3559 1378 3615; x_wconf 89' lang='lat' dir='ltr'>axio·</span> 
     </span>
     <span class='ocr_line' id='line_1_29' title="bbox 207 3658 1377 3735; baseline 0 -16"><span class='ocrx_word' id='word_1_262' title='bbox 207 3673 282 3720; x_wconf 86' lang='lat' dir='ltr'>mata</span> <span class='ocrx_word' id='word_1_263' title='bbox 311 3661 489 3735; x_wconf 90' lang='lat' dir='ltr'>praemittit,</span> <span class='ocrx_word' id='word_1_264' title='bbox 517 3663 611 3718; x_wconf 90' lang='lat' dir='ltr'>multo</span> <span class='ocrx_word' id='word_1_265' title='bbox 632 3662 762 3718; x_wconf 89' lang='lat' dir='ltr'>acumine</span> <span class='ocrx_word' id='word_1_266' title='bbox 784 3671 813 3718; x_wconf 94' lang='lat' dir='ltr'>et</span> <span class='ocrx_word' id='word_1_267' title='bbox 837 3658 948 3733; x_wconf 87' lang='lat' dir='ltr'>judicio</span> <span class='ocrx_word' id='word_1_268' title='bbox 979 3660 1148 3717; x_wconf 90' lang='lat' dir='ltr'>universum</span> <span class='ocrx_word' id='word_1_269' title='bbox 1176 3659 1222 3732; x_wconf 88' lang='lat' dir='ltr'>jus</span> <span class='ocrx_word' id='word_1_270' title='bbox 1250 3661 1320 3718; x_wconf 93' lang='lat' dir='ltr'>belli</span> <span class='ocrx_word' id='word_1_271' title='bbox 1347 3673 1377 3720; x_wconf 97' lang='lat' dir='ltr'>et</span> 
     </span>
     <span class='ocr_line' id='line_1_30' title="bbox 207 3762 1377 3840; baseline 0.002 -18"><span class='ocrx_word' id='word_1_272' title='bbox 207 3763 327 3840; x_wconf 87' lang='lat' dir='ltr'>praedae</span> <span class='ocrx_word' id='word_1_273' title='bbox 348 3765 462 3838; x_wconf 89' lang='lat' dir='ltr'>colligit</span> <span class='ocrx_word' id='word_1_274' title='bbox 484 3775 515 3822; x_wconf 91' lang='lat' dir='ltr'>et</span> <span class='ocrx_word' id='word_1_275' title='bbox 531 3765 679 3838; x_wconf 84' lang='lat' dir='ltr'>explicat:</span> <span class='ocrx_word' id='word_1_276' title='bbox 699 3767 789 3838; x_wconf 89' lang='lat' dir='ltr'>leges,</span> <span class='ocrx_word' id='word_1_277' title='bbox 810 3764 985 3833; x_wconf 91' lang='lat' dir='ltr'>sententias,</span> <span class='ocrx_word' id='word_1_278' title='bbox 1005 3762 1231 3822; x_wconf 89' lang='lat' dir='ltr'>consuetudines</span> <span class='ocrx_word' id='word_1_279' title='bbox 1250 3764 1377 3824; x_wconf 90' lang='lat' dir='ltr'>secundo</span> 
     </span>
     <span class='ocr_line' id='line_1_31' title="bbox 207 3865 1377 3941; baseline 0 -13"><span class='ocrx_word' id='word_1_280' title='bbox 207 3871 273 3928; x_wconf 90' lang='lat' dir='ltr'>loco</span> <span class='ocrx_word' id='word_1_281' title='bbox 293 3867 427 3935; x_wconf 89' lang='lat' dir='ltr'>adhibet,</span> <span class='ocrx_word' id='word_1_282' title='bbox 447 3878 481 3926; x_wconf 90' lang='lat' dir='ltr'>ut</span> <span class='ocrx_word' id='word_1_283' title='bbox 502 3883 598 3925; x_wconf 88' lang='lat' dir='ltr'>earum</span> <span class='ocrx_word' id='word_1_284' title='bbox 618 3883 674 3941; x_wconf 92' lang='lat' dir='ltr'>ope</span> <span class='ocrx_word' id='word_1_285' title='bbox 694 3865 862 3937; x_wconf 86' lang='lat' dir='ltr'>confirmet,</span> <span class='ocrx_word' id='word_1_286' title='bbox 883 3884 956 3939; x_wconf 91' lang='lat' dir='ltr'>quae</span> <span class='ocrx_word' id='word_1_287' title='bbox 977 3883 1014 3924; x_wconf 87' lang='lat' dir='ltr'>ex</span> <span class='ocrx_word' id='word_1_288' title='bbox 1036 3867 1096 3939; x_wconf 88' lang='lat' dir='ltr'>ipsa</span> <span class='ocrx_word' id='word_1_289' title='bbox 1117 3877 1220 3924; x_wconf 89' lang='lat' dir='ltr'>natura</span> <span class='ocrx_word' id='word_1_290' title='bbox 1240 3866 1377 3928; x_wconf 88' lang='lat' dir='ltr'>defluant.</span> 
     </span>
    </p>

    <p class='ocr_par' dir='ltr' id='par_1_4' title="bbox 205 3969 1377 4566">
     <span class='ocr_line' id='line_1_32' title="bbox 247 3969 1377 4045; baseline 0.001 -15"><span class='ocrx_word' id='word_1_291' title='bbox 247 3973 359 4031; x_wconf 89' lang='lat' dir='ltr'>Merito</span> <span class='ocrx_word' id='word_1_292' title='bbox 375 3971 514 4030; x_wconf 92' lang='lat' dir='ltr'>Fruinius</span> <span class='ocrx_word' id='word_1_293' title='bbox 534 3970 758 4042; x_wconf 90' lang='lat' dir='ltr'>animadvertit,</span> <span class='ocrx_word' id='word_1_294' title='bbox 773 3988 846 4045; x_wconf 90' lang='lat' dir='ltr'>opus</span> <span class='ocrx_word' id='word_1_295' title='bbox 868 3969 942 4029; x_wconf 95' lang='lat' dir='ltr'>illud</span> <span class='ocrx_word' id='word_1_296' title='bbox 959 3973 1156 4045; x_wconf 89' lang='lat' dir='ltr'>conscriptum</span> <span class='ocrx_word' id='word_1_297' title='bbox 1174 3989 1233 4031; x_wconf 93' lang='lat' dir='ltr'>esse</span> <span class='ocrx_word' id='word_1_298' title='bbox 1253 3972 1289 4030; x_wconf 89' lang='lat' dir='ltr'>ab</span> <span class='ocrx_word' id='word_1_299' title='bbox 1310 3972 1377 4031; x_wconf 79' lang='lat' dir='ltr'>ado</span> 
     </span>
     <span class='ocr_line' id='line_1_33' title="bbox 207 4074 1377 4149; baseline -0.002 -14"><span class='ocrx_word' id='word_1_300' title='bbox 207 4081 332 4136; x_wconf 89' lang='lat' dir='ltr'>lescente</span> <span class='ocrx_word' id='word_1_301' title='bbox 363 4092 504 4134; x_wconf 89' lang='lat' dir='ltr'>annorum</span> <span class='ocrx_word' id='word_1_302' title='bbox 535 4075 640 4149; x_wconf 91' lang='lat' dir='ltr'>viginti</span> <span class='ocrx_word' id='word_1_303' title='bbox 662 4086 692 4133; x_wconf 91' lang='lat' dir='ltr'>et</span> <span class='ocrx_word' id='word_1_304' title='bbox 713 4074 782 4133; x_wconf 92' lang='lat' dir='ltr'>duo.</span> <span class='ocrx_word' id='word_1_305' title='bbox 824 4076 967 4134; x_wconf 89' lang='lat' dir='ltr'>Summam</span> <span class='ocrx_word' id='word_1_306' title='bbox 985 4089 1114 4134; x_wconf 90' lang='lat' dir='ltr'>recenset</span> <span class='ocrx_word' id='word_1_307' title='bbox 1133 4093 1250 4147; x_wconf 90' lang='lat' dir='ltr'>eorum,</span> <span class='ocrx_word' id='word_1_308' title='bbox 1271 4076 1377 4149; x_wconf 90' lang='lat' dir='ltr'>quibus</span> 
     </span>
     <span class='ocr_line' id='line_1_34' title="bbox 205 4175 1377 4255; baseline -0.002 -17"><span class='ocrx_word' id='word_1_309' title='bbox 205 4197 281 4255; x_wconf 90' lang='lat' dir='ltr'>opus</span> <span class='ocrx_word' id='word_1_310' title='bbox 294 4183 296 4188; x_wconf 84' lang='lat'>&#39;</span> <span class='ocrx_word' id='word_1_311' title='bbox 308 4179 364 4239; x_wconf 90' lang='lat' dir='ltr'>fuit</span> <span class='ocrx_word' id='word_1_312' title='bbox 395 4190 429 4238; x_wconf 92' lang='lat' dir='ltr'>ut</span> <span class='ocrx_word' id='word_1_313' title='bbox 456 4175 597 4252; x_wconf 91' lang='lat' dir='ltr'>ejusmodi</span> <span class='ocrx_word' id='word_1_314' title='bbox 625 4179 730 4237; x_wconf 91' lang='lat' dir='ltr'>librum</span> <span class='ocrx_word' id='word_1_315' title='bbox 752 4177 896 4237; x_wconf 85' lang='lat' dir='ltr'>conficere</span> <span class='ocrx_word' id='word_1_316' title='bbox 914 4191 1027 4253; x_wconf 93' lang='lat' dir='ltr'>posset,</span> <span class='ocrx_word' id='word_1_317' title='bbox 1047 4181 1223 4254; x_wconf 88' lang='lat' dir='ltr'>scriptores,</span> <span class='ocrx_word' id='word_1_318' title='bbox 1243 4196 1317 4254; x_wconf 93' lang='lat' dir='ltr'>quos</span> <span class='ocrx_word' id='word_1_319' title='bbox 1337 4182 1377 4237; x_wconf 93' lang='lat' dir='ltr'>le-</span> 
     </span>
     <span class='ocr_line' id='line_1_35' title="bbox 206 4283 1375 4360; baseline 0.001 -18"><span class='ocrx_word' id='word_1_320' title='bbox 206 4286 279 4360; x_wconf 90' lang='lat' dir='ltr'>gisse</span> <span class='ocrx_word' id='word_1_321' title='bbox 310 4301 374 4342; x_wconf 92' lang='lat' dir='ltr'>eum</span> <span class='ocrx_word' id='word_1_322' title='bbox 401 4299 515 4341; x_wconf 89' lang='lat' dir='ltr'>necesse</span> <span class='ocrx_word' id='word_1_323' title='bbox 545 4294 622 4353; x_wconf 92' lang='lat' dir='ltr'>erat,</span> <span class='ocrx_word' id='word_1_324' title='bbox 650 4283 750 4341; x_wconf 93' lang='lat' dir='ltr'>Latini</span> <span class='ocrx_word' id='word_1_325' title='bbox 778 4285 916 4340; x_wconf 91' lang='lat' dir='ltr'>sermonis</span> <span class='ocrx_word' id='word_1_326' title='bbox 943 4285 1129 4358; x_wconf 89' lang='lat' dir='ltr'>elegantiam,</span> <span class='ocrx_word' id='word_1_327' title='bbox 1156 4283 1375 4357; x_wconf 85' lang='lat' dir='ltr'>argumentandi</span> 
     </span>
     <span class='ocr_line' id='line_1_36' title="bbox 206 4386 1376 4462; baseline 0.001 -17"><span class='ocrx_word' id='word_1_328' title='bbox 206 4387 374 4458; x_wconf 89' lang='lat' dir='ltr'>artificium,</span> <span class='ocrx_word' id='word_1_329' title='bbox 406 4388 537 4462; x_wconf 90' lang='lat' dir='ltr'>inprimis</span> <span class='ocrx_word' id='word_1_330' title='bbox 568 4402 640 4445; x_wconf 88' lang='lat' dir='ltr'>vero</span> <span class='ocrx_word' id='word_1_331' title='bbox 670 4386 775 4461; x_wconf 87' lang='lat' dir='ltr'>judicii</span> <span class='ocrx_word' id='word_1_332' title='bbox 804 4389 1018 4456; x_wconf 88' lang='lat' dir='ltr'>maturitatem,</span> <span class='ocrx_word' id='word_1_333' title='bbox 1056 4387 1139 4461; x_wconf 89' lang='lat' dir='ltr'>cujus</span> <span class='ocrx_word' id='word_1_334' title='bbox 1170 4389 1223 4446; x_wconf 82' lang='lat' dir='ltr'>vix</span> <span class='ocrx_word' id='word_1_335' title='bbox 1253 4389 1376 4447; x_wconf 86' lang='lat' dir='ltr'>alterum</span> 
     </span>
     <span class='ocr_line' id='line_1_37' title="bbox 206 4490 1377 4566; baseline 0 -16"><span class='ocrx_word' id='word_1_336' title='bbox 206 4495 368 4566; x_wconf 82' lang='lat' dir='ltr'>exemplum</span> <span class='ocrx_word' id='word_1_337' title='bbox 398 4493 427 4550; x_wconf 92' lang='lat' dir='ltr'>in</span> <span class='ocrx_word' id='word_1_338' title='bbox 455 4492 517 4564; x_wconf 84' lang='lat' dir='ltr'>ejus</span> <span class='ocrx_word' id='word_1_339' title='bbox 533 4493 634 4550; x_wconf 88' lang='lat' dir='ltr'>aetatis</span> <span class='ocrx_word' id='word_1_340' title='bbox 654 4490 836 4550; x_wconf 89' lang='lat' dir='ltr'>adolescente</span> <span class='ocrx_word' id='word_1_341' title='bbox 858 4492 1049 4565; x_wconf 89' lang='lat' dir='ltr'>conspicitur.</span> <span class='ocrx_word' id='word_1_342' title='bbox 1080 4491 1218 4552; x_wconf 90' lang='lat' dir='ltr'>Profecto</span> <span class='ocrx_word' id='word_1_343' title='bbox 1239 4493 1377 4562; x_wconf 90' lang='lat' dir='ltr'>Grotius,</span> 
     </span>
    </p>
   </div>
   <div class='ocr_carea' id='block_1_3' title="bbox 0 0 1730 5434">
    <p class='ocr_par' dir='ltr' id='par_1_5' title="bbox 0 0 1730 5434">
     <span class='ocr_line' id='line_1_38' title="bbox 0 0 1730 5434; baseline 0 2"><span class='ocrx_word' id='word_1_344' title='bbox 0 0 1730 5434; x_wconf 95' lang='lat' dir='ltr'> </span> 
     </span>
    </p>
   </div>
  </div>
 </body>
</html>
