3450 5434
528 661 574 709 DE
598 663 693 731 June
718 661 902 710 PRAEDAE.
928 664 1008 711 CAP.
1033 666 1066 712 X.
1321 670 1381 736 143

249 814 322 881 Nec
346 830 461 899 postea
481 816 660 885 discessum
679 818 720 882 ab
741 818 804 883 hoc
826 836 935 883 more:
960 818 1052 900 quod
1072 818 1126 887 hic
1144 820 1303 887 duntaxat
1322 842 1381 889 no-

206 924 330 992 bilibus
349 928 508 1012 exemplis
519 928 735 994 confirmabo.
769 927 925 993 Praedam
938 929 1180 997 Marathoniam
1193 932 1356 1000 Aristides
1369 934 1380 971 ¹

205 1038 395 1105 asservavit
434 1039 516 1105 Post
532 1038 690 1123 praelium
712 1038 752 1103 ad
773 1038 919 1107 Plataeas
940 1040 1060 1107 Graeci
1077 1041 1225 1121 edixere,
1248 1062 1289 1110 ne
1305 1044 1381 1126 quis

205 1148 246 1213 de
276 1149 394 1231 praeda
423 1150 605 1233 quidquam
636 1147 790 1233 privatim
816 1152 946 1217 tolleret
965 1149 994 1215 ²:
1027 1150 1085 1217 sed
1114 1171 1151 1215 ea
1179 1171 1240 1233 pro
1263 1153 1405 1235 populi'

126 1300 133 1311 ·
204 1259 367 1343 qu'usque
397 1261 514 1327 merito
544 1259 609 1327 fuit
628 1260 816 1327 distributa.
862 1260 1018 1327 Devictis
1041 1262 1213 1346 Lysander
1238 1244 1381 1329 Athenis

205 1389 424 1452 quaecunque
451 1386 584 1455 ceperat
611 1370 796 1455 publicavit
814 1377 837 1438 ³.
883 1372 918 1437 Si
937 1373 1046 1456 placet
1068 1373 1109 1437 ad
1129 1372 1243 1440 Asiam
1266 1373 1381 1441 venire

206 1479 344 1547 Troiani
361 1481 473 1563 soliti,
497 1497 535 1549 ut
552 1482 608 1550 ille
630 1481 642 1519 ⁴
667 1482 800 1565 inquit,
820 1481 972 1567 praedae
994 1482 1114 1548 ducere
1136 1496 1268 1551 sortem.
1314 1485 1379 1550 At·

205 1590 338 1658 bitrium
369 1593 440 1677 ejus
460 1613 560 1677 penes
577 1594 715 1661 ducem:
739 1592 866 1675 alioqui
889 1613 949 1658 nec
971 1593 1084 1661 Dolon
1106 1612 1210 1675 equos
1237 1595 1381 1663 Achillis

204 1702 352 1784 petiisset
372 1704 412 1769 ab
436 1703 604 1786 Hectore,
627 1724 687 1769 nec
710 1703 836 1770 Hector
854 1704 1081 1787 promisisset,
1099 1704 1192 1785 quod
1209 1706 1296 1787 apud
1307 1706 1380 1772 Ho-

204 1833 327 1881 merum
350 1829 383 1880 et
410 1814 602 1898 Euripidem
633 1830 683 1881 est
705 1820 728 1881 ⁸.
772 1814 943 1902 Quantum
975 1829 1081 1881 autem
1111 1815 1153 1879 ad
1174 1815 1300 1899 Cyrum
1324 1816 1380 1882 de-

203 1924 292 1991 victa
325 1926 430 2008 Asia,
463 1940 623 2008 quantum
653 1926 695 1993 ad
722 1925 945 1993 Alexandrum
979 1926 1129 2009 pervenit
1156 1925 1196 1992 ⁸?
1231 1925 1378 1993 Africam

204 2036 300 2101 etiam
323 2036 516 2120 inspicimus
535 2052 568 2103 et
587 2036 744 2104 Poenos?
770 2036 899 2105 Scimus
920 2036 951 2116 ⁷,
972 2036 1053 2119 quid
1073 2035 1257 2121 Agrigento
1280 2052 1377 2121 capto

202 2146 342 2229 aliisque
353 2147 514 2228 urbibus,
537 2148 679 2228 scimus,
700 2147 835 2230 quidex
847 2147 1013 2215 Cannensi
1025 2166 1134 2232 pugna
1147 2146 1377 2233 Carthaginem

202 2257 397 2339 pervenerit
443 2258 507 2323 Sed
536 2257 720 2343 dignissimi
741 2259 888 2326 omniurn
922 2257 981 2340 qui
1004 2278 1079 2325 cunt
1102 2258 1135 2323 in
1157 2258 1286 2341 reliquo
1306 2261 1379 2345 J'ure

201 2382 272 2433 tum
301 2368 381 2434 belli
410 2368 551 2434 maxime
573 2368 748 2435 audiantur
772 2368 938 2449 Romani,
963 2370 1052 2454 apud
1070 2388 1155 2451 quos
1176 2368 1264 2436 haud
1287 2370 1380 2453 equi·

202 2478 274 2543 dem
306 2479 432 2562 primus
450 2479 524 2545 dico
544 2482 557 2517 ⁸
579 2481 728 2563 praedam
749 2500 899 2561 omnem,
935 2480 1029 2546 etiam
1054 2500 1161 2547 rerum
1183 2480 1378 2564 mobilium,

201 2609 269 2655 non
296 2589 393 2656 militi
425 2587 566 2673 capienti
587 2590 803 2674 acquisitam,
827 2610 869 2658 ne
893 2591 971 2657 duci
995 2590 1126 2672 quidem
1148 2592 1300 2675 proprie,
1323 2593 1381 2659 sed

201 2701 326 2782 populo
347 2702 509 2767 Romano.
534 2701 600 2768 Cui
620 2702 803 2769 sententiae
823 2702 953 2768 obstare
973 2702 1106 2767 videtur
1124 2703 1215 2782 quod
1227 2722 1245 2766 a
1258 2702 1379 2769 Celso⁸

200 2812 357 2895 scriptum
381 2827 448 2878 est:
472 2812 523 2881 Er
546 2833 632 2899 qaae
648 2835 701 2879 res
713 2813 848 2878 hostiles
862 2812 957 2898 apud
965 2832 1021 2877 nos
1033 2826 1111 2877 suat
1124 2832 1188 2877 aaa
1203 2812 1379 2898 publicae,

199 2923 258 2989 rad
275 2928 506 3009 occupantium
525 2922 626 3008 fiunt.
651 2924 718 2990 Sed
736 2938 964 3007 praeterquam
985 2922 1076 3004 quod
1094 2937 1164 2990 tota
1184 2923 1261 3004 lex,
1283 2924 1381 3008 cujus

199 3032 261 3100 ista
289 3054 365 3117 pars
386 3050 458 3117 est,
486 3035 532 3101 ita
552 3038 666 3103 avulsa
690 3050 785 3101 esta
806 3053 867 3100 suo
890 3054 1047 3118 corpote,
1070 3049 1108 3100 ut
1130 3054 1198 3114 quo
1221 3033 1381 3116 pertineat

199 3146 355 3228 cognosci
386 3146 443 3213 vix
472 3147 602 3231 possit,
637 3146 722 3212 illud
747 3165 823 3213 sane
845 3146 945 3212 verba
967 3146 1040 3228 ipsa
1059 3144 1228 3227 indicant,
1252 3146 1380 3212 nonde

197 3255 296 3322 rebus
325 3256 471 3323 hostium
500 3278 598 3325 manu
625 3257 751 3340 captis,
773 3257 814 3323 de
841 3257 967 3339 quibus
987 3278 1048 3325 nos
1073 3256 1222 3341 agimus,
1244 3256 1379 3324 Celsum

198 3366 317 3448 loqui,
348 3368 407 3433 sed
435 3368 592 3434 derebus
620 3368 792 3449 hostium,
831 3368 1012 3435 mobilibus
1046 3383 1084 3435 ut
1115 3368 1380 3449 arbitr0r‚„quae

196 3478 448 3559 superveniente
475 3480 562 3545 bello
592 3480 678 3562 apud
709 3498 770 3545 nos
808 3479 1101 3562 deprehenduntur
1133 3478 1170 3545 ¹⁰.
1216 3477 1380 3546 Videntur

198 3586 307 3668 enim,
346 3589 423 3669 quia
454 3604 565 3656 sumtu
597 3589 732 3673 publico
764 3590 932 3671 quaesitae
966 3608 1033 3655 non
1068 3605 1166 3671 sunt,
1201 3589 1296 3673 quasi
1328 3609 1380 3657 res

197 3714 371 3779 vacantes,
404 3700 580 3784 occupanti
612 3701 745 3784 cedere,
776 3720 843 3767 non
876 3716 941 3765 tarn
972 3701 1046 3784 jure
1082 3700 1249 3785 gentium,
1282 3721 1379 3785 quarn

199 3886 393 3897 m..

232 4005 240 4039 ¹
258 4008 324 4055 Plut.
340 4007 416 4056 Arist.
435 4009 474 4070 [p.
493 4021 550 4066 aar.
568 4010 605 4071 d]
640 4004 765 4057 'Herod
783 4012 800 4057 1.
818 4022 842 4072 9.
861 4010 898 4071 [c.
916 4012 956 4057 80.
973 4019 999 4056 et
1013 4008 1065 4072 sq]
1099 4006 1110 4039 ¹
1128 4010 1193 4057 Plut.
1200 4008 1259 4067 Lys.
1271 4008 1310 4069 [p.
1318 4020 1378 4069 442.

197 4096 236 4161 a]
272 4090 374 4158 ⁴Virg.
402 4098 480 4161 [Aen.
503 4101 520 4147 1.
545 4112 570 4162 9.
594 4112 633 4148 us.
655 4098 724 4160 adh]
760 4098 855 4147 ⁶11.1.
878 4112 916 4149 ro.
939 4097 1154 4162 [vs.319.sqq.]
1173 4098 1261 4158 Eurlp.
1281 4098 1377 4146 Rheso.

199 4188 252 4249 [vs.
273 4190 329 4236 181.
346 4187 414 4251 sqq]
449 4187 460 4220 ⁶
478 4190 542 4237 Plin.
558 4192 576 4237 l.
592 4202 632 4247 3³·
651 4203 674 4239 c.
691 4202 714 4247 s.
732 4191 798 4238 Plut.
814 4189 889 4239 Alex.
908 4189 946 4252 [p.
961 4190 1018 4238 686.
1036 4188 1071 4252 c.]
1092 4201 1116 4237 et
1131 4190 1193 4237 Curt
1220 4188 1376 4249 [l.5.c.ao.]

197 4278 276 4327 Diod.
291 4281 309 4327 l.
326 4290 363 4337 17.
380 4280 413 4340 [c.
427 4279 482 4341 66.]
502 4276 589 4328 Strabo
604 4281 621 4328 l.
638 4292 675 4336 1⁵·
694 4280 731 4341 [p.
748 4281 820 4329 1062.
834 4294 857 4329 c.
874 4283 898 4330 d.
913 4294 938 4329 et
956 4280 1026 4337 1063.
1039 4282 1110 4329 aed.
1120 4275 1235 4341 caseth]
1273 4274 1284 4310 ⁷
1300 4277 1378 4327 Diod.

192 4368 216 4415 l.
233 4380 272 4425 13.
288 4368 323 4430 [c.
341 4382 381 4428 ⁵7·
396 4370 437 4419 62.
451 4369 507 4435 oo]
526 4371 583 4420 Liv.
601 4373 619 4419 l.
635 4384 676 4428 23.
693 4372 728 4433 [e.
746 4372 797 4433 ra]
831 4370 843 4403 ⁸
860 4372 934 4420 Fabri
944 4374 1007 4419 Sem.
1016 4373 1033 4419 l.
1048 4384 1071 4419 a.
1090 4384 1112 4417 e.
1130 4380 1221 4429 3.et4.
1255 4366 1377 4417 ⁹ltmns-

197 4458 292 4519 sugam.
312 4464 334 4519 5.
361 4460 423 4509 1.11“.
442 4463 473 4511 de
488 4474 544 4521 aeq.
556 4475 606 4509 rer.
617 4464 685 4510 dom.
701 4460 746 4525 [D.
761 4475 802 4524 41.
822 4476 843 4511 1.
863 4460 916 4526 sn]
954 4460 974 4494 ¹⁰
992 4462 1008 4509 l.
1025 4461 1051 4509 in
1067 4461 1145 4509 bello.
1160 4460 1186 4509 in
1202 4458 1285 4520 princ.
1302 4458 1327 4507 ll'.
1346 4460 1377 4509 de

197 4562 265 4610 capt.
282 4548 328 4613 [D.
343 4565 385 4613 49.
404 4565 442 4608 15.
461 4552 513 4615 ra]
534 4554 564 4600 V.
580 4552 668 4610 cujac.
686 4552 746 4602 obs.
761 4555 778 4600 l.
794 4566 818 4613 4.
835 4567 857 4601 c.
874 4566 898 4615 9.
915 4552 940 4599 in
956 4550 1014 4599 line.
