3450 5434
343 584 405 663 316
632 601 679 646 ns
702 598 796 665 Juns
823 597 1008 644 rnnsuns.
1035 597 1115 643 cnr.
1141 599 1217 646 xrv.

341 756 459 821 horum
492 755 691 836 subtilitati,
724 769 950 838 praeterquam
986 755 1079 836 quod
1110 755 1236 822 ratione
1258 758 1349 822 nulla
1370 755 1515 834 nititur,

197 883 251 947 cap,
266 887 292 926 x.
304 882 328 927 tn
340 867 385 932 ita
406 868 668 934 commodissime
691 868 819 933 occurri
838 883 970 951 potest,
995 868 1022 932 si
1052 867 1221 951 dicamus,
1247 867 1339 951 quod
1362 867 1439 934 alibi
1462 868 1517 933 de-

195 947 267 1037 io'riiis
283 939 327 1036 lii?
342 994 556 1045 monstratum
579 995 650 1061 est,
674 981 780 1064 primo
805 1001 841 1044 ac
861 1001 919 1064 per
942 1002 1000 1061 se,
1024 1001 1064 1047 ex
1086 982 1172 1047 bello
1186 981 1276 1063 quod
1289 981 1441 1046 mandato
1453 1001 1515 1062 pu-

342 1092 429 1157 blico
449 1092 716 1173 administratur,
736 1093 886 1176 praedam
911 1093 950 1158 ad
974 1093 1206 1176 rempublicam
1226 1093 1404 1176 pertinere:
1428 1092 1516 1159 sicut

342 1221 449 1269 autem
482 1206 565 1270 hanc
597 1204 698 1286 ipsam
722 1225 740 1269 a
764 1205 932 1288 republica
956 1225 1084 1286 emere,
1109 1205 1153 1270 ita
1174 1206 1263 1271 dono
1287 1204 1432 1287 accipere
1454 1206 1515 1269 ho-

342 1332 470 1382 nestum
493 1295 550 1381 est‘.
584 1317 630 1382 Et
652 1317 739 1398 apud
762 1316 944 1382 Homerum
966 1320 1026 1383 hac
1048 1318 1088 1382 de
1108 1337 1225 1400 causa,
1239 1318 1331 1399 quod
1347 1318 1387 1382 de
1398 1317 1515 1399 praeda

342 1429 473 1513 publica
496 1428 635 1513 singulis
648 1428 782 1494 virtutis
795 1449 873 1513 ergo
886 1429 1080 1495 attributum
1101 1443 1168 1506 est,
1182 1430 1281 1494 modo
1293 1435 1393 1506 κῦδος,
1417 1429 1517 1494 modo

341 1546 429 1624 γέρας
463 1541 704 1626 honestissimis
736 1540 909 1607 vocabulis
944 1541 1077 1608 dicitur.
1136 1543 1246 1629 Quare
1276 1562 1349 1607 cum
1373 1540 1516 1606 Ordines

342 1654 579 1719 mercatoribus
604 1654 754 1738 praedam
785 1654 994 1720 concedendo
1018 1653 1129 1720 testati
1150 1653 1216 1719 sint
1238 1675 1272 1721 se
1296 1653 1340 1719 ita
1361 1673 1517 1732 censere,

343 1766 490 1848 ipsorum
522 1785 599 1831 cura
634 1781 732 1847 atque
767 1765 924 1848 impensis
959 1767 1119 1851 egregiam
1151 1786 1281 1850 operam
1316 1764 1517 1848 reipublicae

343 1893 492 1944 navatam
523 1897 612 1957 esse,
636 1879 713 1943 dum
739 1878 826 1944 hosti
850 1878 1016 1944 communi
1035 1877 1123 1945 vires
1145 1879 1356 1959 adimuntur,
1381 1897 1517 1958 eamque

343 1990 476 2055 obrem
500 1992 584 2055 velle
606 2009 640 2054 se
662 1989 873 2074 gratitudinis
896 2011 991 2056 causa
1022 1991 1113 2073 ipsos
1137 1991 1244 2056 cadem
1269 1991 1387 2072 praeda
1411 2009 1516 2054 remu·

342 2102 467 2183 neraei,
498 2121 607 2167 nonne
630 2102 796 2183 quidquid
816 2101 892 2167 inde
915 2103 1121 2185 pervenerit,
1146 2103 1209 2167 hoc
1231 2103 1410 2186 praemium
1434 2103 1516 2167 bene

342 2213 449 2279 meriti
469 2213 502 2278 in
530 2213 666 2296 patriam
690 2213 940 2280 existimandum
966 2231 1036 2297 est,
1062 2235 1131 2297 quo
1150 2214 1232 2298 quid
1254 2216 1384 2281 tandem
1408 2228 1517 2298 potest

342 2345 411 2392 esse
435 2324 659 2408 praeclarius?
684 2325 851 2391 Praeterea
881 2347 959 2392 vero
982 2347 1065 2409 quae
1107 2327 1233 2393 invidia
1256 2341 1305 2393 est
1325 2341 1451 2392 tantum
1476 2346 1515 2392 ex

342 2437 495 2503 hostibus
525 2438 708 2519 consequi,
742 2459 810 2520 quo
843 2439 959 2503 damna
991 2453 1023 2504 et
1043 2438 1207 2522 impensae
1240 2439 1280 2504 ad
1310 2438 1515 2504 instruendas

341 2550 577 2632 armandosque
604 2569 703 2615 naves
732 2549 838 2616 iactae
861 2564 895 2616 et
915 2570 1013 2633 porro
1035 2549 1202 2617 faciendae
1223 2550 1263 2616 ab
1285 2549 1398 2617 iisdem
1421 2569 1515 2615 tecu-

341 2678 517 2744 petentur,
542 2663 613 2727 sine
637 2663 759 2744 quibus
781 2646 925 2730 esset'ut
954 2683 1006 2728 eas
1029 2663 1190 2746 impensas
1210 2663 1318 2728 facere
1340 2683 1436 2729 nemo
1459 2682 1515 2728 co-

342 2774 498 2858 geretur?
524 2773 610 2839 Nam
634 2773 662 2839 si
686 2774 760 2856 quis
783 2774 830 2838 rei
853 2789 1001 2840 naturam
1023 2775 1195 2860 diligenter
1214 2775 1418 2856 consideret,
1432 2775 1515 2840 nihil

342 2887 405 2949 hoc
434 2885 565 2951 differre
598 2886 745 2951 inveniet
774 2888 814 2951 ab
846 2887 922 2967 his,
948 2907 1031 2969 quae
1052 2908 1195 2970 petrem
1218 2887 1396 2973 judicatam
1417 2886 1515 2952 nobis

342 2995 563 3080 adjiciuntur,
597 2997 630 3063 in
658 3018 756 3081 quam
785 2997 925 3064 veniunt
958 3013 990 3064 et
1022 2999 1136 3064 damna
1164 3014 1197 3065 et
1220 2999 1407 3083 impensae,
1431 3017 1514 3081 quae

341 3128 406 3175 non
430 3129 502 3174 raro
528 3109 730 3176 exsecutoris
760 3108 859 3176 manu
892 3109 987 3176 etiam
1012 3127 1132 3176 armata
1164 3112 1391 3194 consequenda
1423 3126 1513 3176 sunt.

341 3220 428 3285 Illud
461 3219 562 3305 igitur
592 3222 809 3288 constitutum
843 3220 909 3304 sit,
933 3223 1020 3288 sicut
1041 3223 1216 3305 acquisitio
1247 3225 1335 3307 justa
1358 3221 1446 3305 fuit,
1471 3223 1516 3288 ita

342 3330 425 3396 nihil
446 3352 516 3398 esse
535 3352 592 3398 cur
614 3335 779 3415 possessio
803 3333 913 3400 minus
932 3335 1071 3400 honesta
1092 3335 1268 3420 judic-etur.

831 3527 1028 3538 *ιι-

740 3655 987 3721 CAPUT
1033 3657 1109 3722 XV.

344 3815 441 3881 Pnu's
473 3815 500 3881 I.
527 3815 684 3880 Urraam
706 3835 790 3882 assa
814 3836 987 3882 annuntia
1011 3837 1125 3904 nujus
1140 3837 1366 3901 cnrrunnn,
1389 3839 1514 3904 nequa

522 3947 768 3994 rnsununrun
794 3947 1054 3996 prostremam.

522 4064 547 4130 I.
595 4063 709 4129 Omns
729 4085 877 4150 Jusrom
903 4085 1029 4131 urus.

519 4201 563 4268 ΙΙ.
596 4200 709 4266 Omns
735 4221 936 4270 nonasrum
960 4223 1088 4271 umas.

526 4338 584 4404 ΙΙΙ.
603 4339 728 4405 Urrca
754 4361 964 4408 pausemus
990 4364 1085 4428 ouon
1106 4365 1243 4412 srnrur
1268 4363 1518 4411 narruurrcnr

594 4471 801 4518 conventa.
