3450 5434
699 639 909 681 nocumento.
1331 637 1387 697 353

211 810 292 870 dedit
321 811 479 880 Brutamo,
508 809 584 870 haud
615 815 700 887 longe
721 829 736 870 a
759 828 848 888 regno
880 813 964 886 Jorae
996 829 1117 872 carasca
1141 813 1254 871 obviam
1279 812 1331 882 lit,
1352 811 1388 872 de

210 935 266 990 qua
295 936 374 978 nunc
404 915 588 990 disputatur,
615 919 687 975 viris
714 919 905 991 septingentis
932 917 1047 976 armatis
1070 918 1231 988 instructa,
1252 918 1386 977 omnibus

212 1023 377 1091 Lusitanis,
408 1022 430 1078 sl
459 1038 568 1095 paucos
589 1021 734 1094 excipias,
764 1033 795 1079 et
815 1021 947 1079 hostibus
968 1022 1078 1094 patriae
1099 1032 1234 1089 nostrae,
1264 1022 1389 1079 maxime

211 1143 281 1183 vero
301 1125 414 1183 infestis
435 1125 647 1198 negotiationi,
669 1142 754 1198 quam
766 1125 814 1183 hic
826 1141 1003 1183 exercemus.
1024 1123 1113 1203 Quod
1130 1141 1197 1182 cum
1209 1125 1386 1198 intelligeret

213 1230 454 1297 Hemslrerclrius,
483 1225 532 1306 (et
560 1227 653 1302 probe
683 1228 793 1286 sciebat
824 1227 949 1285 Ordines
971 1226 1134 1286 foederatos
1156 1227 1255 1286 edicto
1277 1229 1385 1286 consti-

211 1332 315 1402 tuisse,
346 1343 380 1390 ut
400 1333 496 1389 omnia
517 1332 593 1389 bona
614 1328 798 1390 subditorum
820 1333 895 1406 regis
918 1333 1094 1406 Hispaniae,
1116 1348 1296 1406 quocunque
1318 1334 1386 1389 loco

211 1451 256 1492 eas
277 1436 307 1492 in
328 1446 501 1509 potestatem
523 1446 649 1494 nostram
672 1433 882 1509 redegerimus,
904 1433 1008 1509 praeda
1021 1445 1119 1493 nostra
1130 1433 1207 1513 sint)
1220 1451 1386 1504 camenam,

211 1549 247 1595 ut
267 1539 475 1608 constituerat,
495 1555 642 1612 aggressus
663 1551 707 1598 est
728 1550 757 1597 et
773 1539 971 1612 expugnavit,
993 1539 1123 1596 homines
1135 1539 1247 1596 illaesos
1259 1536 1386 1606 dimisit,

211 1642 300 1714 ipsam
320 1658 423 1700 nauem
445 1642 502 1700 huc
519 1639 661 1711 adduxit,
681 1658 845 1715 mercesque
854 1643 964 1715 exponi
977 1653 1006 1700 et
1017 1641 1120 1700 ordine
1132 1643 1239 1700 servari
1252 1643 1383 1700 curavit:

211 1745 242 1801 ln
264 1745 307 1802 his
328 1745 470 1803 mercibus
490 1757 573 1803 erant
593 1756 687 1804 vestes
707 1757 738 1804 et
759 1762 802 1804 res
823 1743 961 1819 quaedam
974 1757 1144 1814 nautarum,
1165 1761 1240 1818 quos
1251 1746 1385 1803 Lusitani

210 1847 368 1906 Macaimte
389 1845 544 1921 suspendio
565 1848 783 1908 interfecerant.
805 1846 907 1907 lndica
930 1849 1056 1906 Societas
1078 1850 1148 1906 haec
1170 1850 1267 1906 omnia
1285 1865 1386 1906 secun·

210 1947 280 2008 durn
313 1951 515 2009 liemslrerclril
546 1953 740 2010 narrationem
773 1951 984 2010 Admiralitatis
1017 1953 1144 2025 collegio
1176 1953 1331 2025 exposuit,
1352 1963 1386 2010 ut

211 2070 255 2111 res
285 2052 389 2112 ordine
420 2053 578 2128 procedere
608 2067 722 2129 posset,
753 2068 782 2114 et
813 2072 879 2113 cum
901 2071 985 2113 nemo
1006 2053 1134 2124 adesset,
1164 2057 1214 2128 qui
1237 2072 1382 2114 taraucam

209 2160 258 2214 vel
289 2157 365 2215 bona
396 2155 465 2215 inde
495 2170 587 2216 sumta
620 2172 751 2233 repetere
781 2170 956 2227 conaretur,
977 2159 1134 2232 petitores,
1155 2160 1177 2216 si
1201 2160 1252 2232 qui
1273 2169 1385 2229 essent,

210 2261 261 2333 qui
282 2259 312 2318 id
333 2260 428 2319 facere
447 2260 649 2331 intenderent,
671 2264 713 2321 bis
735 2274 770 2321 ut
787 2264 874 2321 moris
899 2263 989 2320 estin
1009 2260 1220 2320 Admiralitatis
1240 2263 1383 2335 collegi0‚

212 2365 306 2437 spatio
326 2364 551 2438 quatuordecem
572 2364 684 2424 dierum
706 2368 899 2440 interposito,
926 2377 971 2424 ter
997 2363 1072 2422 diem
1094 2365 1310 2439 predixerunt:
1333 2363 1382 2422 sed

211 2484 296 2525 nemo
316 2465 426 2525 adfuit:
448 2468 547 2540 itaque
568 2481 671 2540 rogatu
692 2470 869 2542 petitorum,
890 2485 956 2527 cum
977 2469 1120 2526 neminem
1131 2466 1228 2526 adesse
1239 2479 1385 2526 constaret

212 2587 266 2628 nec
296 2571 387 2644 prima
417 2587 472 2628 nec
504 2571 589 2629 tertia
620 2568 686 2642 die,
706 2572 771 2628 illos
793 2587 918 2644 quorum
939 2581 1001 2628 etat
1023 2587 1166 2628 caraccam
1188 2583 1217 2628 et
1237 2570 1314 2628 bona
1335 2569 1385 2628 de·

211 2671 348 2743 fendere,
378 2686 562 2731 contumaces
593 2673 732 2731 declarari
764 2690 817 2731 nec
849 2677 937 2732 ullam
959 2675 993 2731 ils
1015 2675 1218 2748 exceptionem
1242 2675 1382 2748 reliquam

210 2777 303 2834 facere
330 2777 450 2850 placuit.
492 2776 594 2850 ltaque
624 2778 698 2835 nihil
730 2789 894 2851 supererat,
916 2794 1001 2850 quam
1023 2789 1056 2835 ut
1078 2779 1217 2850 petitores
1240 2778 1383 2834 actionem

211 2877 398 2937 intenderent
418 2891 448 2938 et
468 2880 656 2952 documenta,
677 2897 750 2955 quae
771 2880 807 2939 ad
828 2897 888 2938 rern
904 2882 1102 2954 pertinerent,
1122 2881 1219 2937 omnia
1230 2878 1384 2938 afferrent:

211 2998 266 3040 nec
287 2980 317 3040 id
339 2982 434 3040 iacere
453 2985 630 3043 omiserunt:
651 3002 711 3057 quo
731 2986 810 3043 facto
830 2985 986 3057 collegium
1003 2982 1152 3053 decrevit,
1172 2982 1284 3042 dictum
1304 2998 1385 3058 prae·

211 3085 319 3143 fectum
349 3086 414 3159 jure
444 3104 478 3145 ac
510 3089 614 3147 merito
644 3105 789 3146 caraccam
810 3100 841 3146 et
860 3089 955 3158 bona,
982 3086 1018 3145 de
1040 3087 1148 3161 quibus
1170 3103 1247 3146 nunc
1269 3088 1384 3160 agitur,

211 3190 335 3262 cepisse,
372 3191 507 3262 quoniam
539 3191 747 3250 Lusitanorum
780 3191 920 3258 fuissent,
961 3191 1012 3264 qui
1045 3189 1153 3248 subditi
1185 3201 1279 3248 essent
1310 3191 1384 3264 regis

213 3293 386 3366 Hispaniae,
417 3294 506 3352 hostis
533 3295 748 3367 provinciarum
770 3293 981 3354 foederatarum
1002 3305 1031 3352 et
1055 3293 1152 3356 infesti
1175 3294 1385 3366 negotiationi,

211 3412 295 3469 quam
326 3408 483 3467 exercent,
513 3408 543 3455 et
571 3415 656 3472 quam
686 3416 738 3458 rex
759 3400 893 3458 omnibus
915 3398 1006 3456 modis
1029 3398 1057 3455 io
1082 3395 1164 3455 India
1187 3397 1331 3455 Orientali
1353 3407 1382 3455 et

211 3497 396 3557 Occidentali
418 3498 558 3574 impedire
578 3500 693 3561 studet:
715 3503 894 3576 praefectum
914 3501 1026 3560 veroid
1038 3511 1117 3559 recte
1128 3501 1224 3559 facere
1235 3502 1383 3575 potuisse,

211 3619 270 3658 non
292 3614 404 3660 tantum
426 3605 536 3676 legibus
557 3605 673 3678 scriptis
684 3617 714 3663 et
728 3606 792 3678 jure
803 3607 950 3678 gentium,
972 3604 1020 3662 sed
1032 3605 1116 3662 etiam
1129 3603 1227 3663 edicto
1238 3603 1383 3662 Ordinum

211 3703 423 3763 foederatorum
444 3717 474 3764 et
494 3703 637 3764 codicillis
660 3707 820 3782 Principis,
840 3710 917 3766 sicut
938 3709 1071 3766 Lusitani
1093 3708 1194 3781 etipse
1205 3708 1382 3782 gubernator

210 3808 358 3867 Malaccae
390 3811 481 3883 palam
511 3821 712 3883 agnoverunt,
743 3827 888 3869 caraccam
919 3811 954 3868 ab
987 3811 1196 3869 Hemslrerckio
1227 3811 1290 3883 jure
1311 3810 1381 3868 belli

210 3923 322 3985 captam
353 3929 422 3970 esse.
463 3912 606 3972 Petitores
637 3915 787 3988 quomagis
815 3916 886 3973 haec
909 3915 950 3973 ita
971 3931 999 3972 se
1021 3914 1125 3972 babere
1146 3926 1176 3972 et
1196 3915 1292 3972 omnia
1313 3929 1380 3972 vera

210 4031 269 4073 esse
301 4027 469 4089 appareret,
499 4018 578 4074 varia
609 4015 799 4086 documenta,
830 4029 894 4076 acta
926 4029 955 4076 et
987 4017 1097 4076 litteras
1129 4016 1324 4076 exhibuerunt
1352 4029 1381 4076 et

211 4121 414 4191 postularunt,
450 4129 484 4178 ut
516 4118 727 4180 Admiralitatis
769 4123 923 4196 collegium
955 4119 1099 4194 judicaret
1141 4137 1287 4180 caraccam
1318 4121 1382 4195 jure

210 4231 322 4295 captam
352 4219 445 4280 videri
466 4235 496 4281 et
516 4224 661 4296 publicam
692 4224 824 4299 praedam
852 4241 921 4283 esse.
963 4225 1127 4299 Collegium
1151 4223 1379 4296 Admiralitatis,

211 4341 242 4382 re
272 4323 324 4382 diu
355 4327 536 4399 multumque
565 4325 761 4395 considerata,
792 4327 925 4387 decrevit
955 4344 1098 4387 caraccam
1131 4345 1198 4387 cum
1229 4328 1382 4400 omnibus,

210 4446 282 4501 quae
313 4430 443 4499 inerant,
473 4431 576 4500 bonis,
597 4431 742 4504 publicam
764 4431 897 4506 praedam
920 4447 978 4491 esse
1001 4444 1030 4490 et
1051 4432 1114 4504 jure
1136 4444 1247 4506 captam
1269 4431 1381 4504 videri,

1221 4551 1256 4608 23
