3450 5434
502 659 547 702 DE
571 658 665 724 JURE
693 657 878 703 PRAEDAE·
905 657 988 703 CAP.
1013 657 1073 701 XV.
1308 659 1367 720 341

201 831 266 891 que
298 829 365 876 non
400 825 525 875 tanturn
557 811 794 894 turpitudinem
827 811 925 874 habet
950 811 1095 888 nullam,
1119 809 1175 875 sed
1198 810 1370 893 praecipue

201 923 394 1003 honestum,
408 921 474 986 imo
495 942 575 987 vero
600 921 779 1006 gloriosum
802 920 925 985 censeri
943 921 1062 1001 debet,
1085 920 1118 985 in
1140 941 1207 1002 quo
1229 921 1370 1004 denique

200 1032 283 1098 nihil
315 1033 539 1112 incommodi,
564 1033 689 1097 utilitas
717 1048 829 1098 contra
859 1052 926 1113 qua
950 1031 1126 1114 privatim,
1151 1053 1216 1114 qua
1240 1033 1370 1116 publice

201 1143 338 1207 maxima
359 1158 417 1208 est.
463 1144 685 1224 Frequentent
708 1160 843 1223 sancta,
863 1144 926 1209 hoc
949 1158 1019 1224 est,
1040 1143 1160 1208 Batava
1182 1142 1270 1224 fide,
1293 1145 1371 1210 ulti·

200 1273 269 1318 mas
285 1270 416 1339 gentes,
441 1254 493 1319 fas
517 1255 600 1319 illud
621 1255 888 1320 commerciorum
913 1254 952 1319 ab
975 1255 1063 1320 ornni
1086 1253 1263 1320 defendant
1285 1255 1372 1339 inju-

200 1365 267 1446 ria,
289 1365 460 1447 acquirant
480 1365 602 1448 patriae
625 1380 658 1431 et
677 1365 752 1430 sibi.
786 1365 928 1430 Ordines
948 1382 1054 1430 autern
1075 1386 1147 1430 curn
1170 1366 1370 1450 singularum

199 1475 470 1555 nationum,tum
493 1477 597 1541 totius
620 1475 760 1541 foederis
784 1477 983 1556 universos,
997 1491 1139 1542 rectores
1162 1498 1198 1542 ac
1222 1477 1372 1544 dominos

201 1586 351 1668 publicae
374 1586 557 1665 libertatis,
590 1607 649 1651 oro
683 1599 896 1668 quaesoque,
929 1588 978 1652 uti
1008 1588 1261 1671 negotiationem
1290 1590 1372 1655 hanc

202 1696 516 1780 opportunissimam
532 1696 694 1778 tempori,
716 1697 804 1762 hosti
827 1698 982 1778 noriam,
1004 1701 1128 1780 populo
1150 1699 1287 1778 utilem,
1312 1700 1372 1765 ho·

201 1806 369 1871 noriiicam
403 1807 489 1888 sibi,
512 1829 578 1889 quo
600 1823 779 1890 coeperunt
799 1807 911 1874 favore
939 1809 1122 1890 provehant
1142 1824 1174 1874 et
1195 1824 1371 1890 tueantur,

200 1936 307 1998 neque
329 1938 408 1984 vero
433 1918 540 1985 sinant
563 1919 674 1984 deesse
697 1919 864 1985 laboribus
884 1920 1048 2001 praemia,
1069 1920 1184 1986 virtuti
1206 1921 1370 2002 honores,

201 2029 355 2109 periculis
376 2031 565 2110 commoda,
589 2030 754 2095 sumtibus
777 2031 965 2096 mercedem.
1011 2031 1119 2096 Deum
1140 2053 1219 2098 vero
1241 2032 1372 2098 immor-

203 2139 322 2220 talem,
357 2154 521 2205 auctorem
564 2143 669 2206 solum
707 2141 980 2223 educatorenrque
1020 2142 1218 2225 reipublicae
1252 2143 1372 2222 istitrS,

204 2269 302 2329 quem
337 2250 379 2314 ob
414 2253 616 2317 voluntatem
650 2251 845 2335 Optimum,
882 2253 924 2318 ob
963 2267 1156 2350 potestatem
1189 2254 1372 2320 Maximum

203 2360 367 2440 dicimus,
391 2364 530 2444 supplex
560 2382 674 2445 precor
710 2379 742 2428 et
772 2383 932 2446 veneror,
969 2365 1101 2446 quando
1124 2365 1173 2430 illi
1195 2365 1303 2430 visum
1325 2380 1374 2431 est

204 2471 344 2538 Batavos
372 2471 581 2554 potissimum
614 2472 777 2556 deligere,
811 2495 868 2556 per
900 2493 986 2556 quos
1012 2477 1197 2541 ostenderet
1218 2477 1374 2542 adversus

127 2569 130 2573 ’
203 2581 270 2646 vim
288 2601 377 2647 suam
402 2582 562 2648 infirmam
586 2602 655 2648 esse
675 2599 963 2666 quantamcunque
984 2585 1156 2651 humanam
1177 2586 1373 2671 magnitudi-

203 2713 296 2774 nem,
321 2708 419 2774 atque
443 2693 577 2776 insuper
610 2694 715 2778 gentis
746 2695 881 2779 gloriam
906 2697 993 2778 apud
1023 2697 1257 2762 remotissimos
1283 2698 1373 2763 orbis

203 2823 275 2868 ase
296 2803 421 2869 conditi
443 2805 599 2870 terminos
632 2805 818 2884 illustrare,
851 2806 991 2889 primum
1022 2823 1060 2873 ut
1087 2828 1194 2874 mores
1216 2810 1270 2875 det
1293 2829 1372 2891 eos,

203 2915 261 2995 qui
284 2915 420 2980 deceant
439 2935 557 2981 nornen
581 2915 829 2996 Christianum,
850 2936 891 2981 ne
918 2937 1030 2983 eorum
1053 2918 1134 2984 vitia
1155 2920 1242 3003 apud
1263 2919 1373 3002 profa-

201 3044 260 3090 nas
279 3025 428 3091 nationes
452 3047 547 3091 verae
580 3025 730 3111 religioni
749 3025 870 3092 faciant
893 3028 1071 3111 invidiam3
1098 3030 1214 3096 deinde
1238 3046 1275 3096 ut
1298 3051 1373 3097 cru·

202 3136 287 3201 delia
306 3136 511 3202 inimicorum
533 3137 671 3202 consilia
682 3137 862 3220 disturbet,
877 3159 983 3221 neque
995 3140 1076 3206 velit
1096 3141 1241 3206 insontes
1261 3161 1372 3206 eorum

202 3246 323 3312 feritati
349 3249 584 3327 succumbere,
619 3248 675 3312 sed
699 3247 774 3314 illos
797 3250 922 3315 damnis
945 3271 980 3315 ac
1002 3251 1172 3333 cladibus,
1197 3254 1258 3318 hos
1278 3254 1374 3318 laude

203 3372 301 3439 atque
331 3358 446 3423 adorea
475 3372 617 3439 mactet,
643 3359 797 3440 remimat
817 3361 992 3444 pestiferos
1014 3382 1030 3428 a
1051 3363 1156 3446 patria
1178 3364 1371 3431 dissentien-

203 3468 284 3534 tium
307 3467 457 3548 furores;
482 3468 664 3535 errantibus
681 3469 773 3535 indat
794 3472 912 3537 bonam
934 3488 1098 3555 mentem;
1124 3475 1276 3541 omnibus
1293 3497 1371 3542 vero

205 3579 259 3642 det
275 3599 344 3643 earn
363 3579 572 3661 sapientiam,
587 3594 623 3643 ut
635 3580 790 3661 victoria,
806 3603 903 3663 quarn
921 3587 1057 3650 caeleste
1074 3587 1195 3652 donum
1214 3587 1371 3666 fatemur,

205 3689 320 3754 animis
342 3709 408 3755 non
432 3689 539 3754 nrinus
562 3689 660 3774 gratis
677 3677 779 3772 ¹quam
802 3691 938 3777 integris
961 3695 1057 3761 liceat
1079 3698 1127 3762 uti
1152 3697 1297 3779 fruique.
