3450 5434
514 636 561 681 ns
583 637 678 701 June
704 636 890 685 rannone.
916 634 997 684 cnr.
1023 640 1058 685 x.
1311 636 1369 703 133

201 793 235 856 in
259 791 346 857 bello
366 789 497 873 privato
516 788 675 855 ultionem
690 808 757 857 non
776 789 945 875 permitti,
966 788 1187 876 captivitatem
1200 810 1265 858 non
1279 811 1373 857 usur-

196 902 320 985 pariet
341 900 480 981 similia,
503 899 587 967 ratio
609 900 679 984 ipsa
699 916 731 967 et
752 904 901 969 locorum
922 901 1062 987 diligens
1083 903 1215 969 collatio
1238 918 1270 968 et
1289 923 1373 986 quae

198 1032 297 1095 supra
317 1011 499 1079 dictasunt
519 1011 744 1077 demonstrant
762 1012 974 1097 intelligenda
994 1013 1033 1080 de
1060 1014 1150 1079 bello
1178 1013 1306 1097 privato
1331 1014 1375 1079 ob

197 1121 360 1189 defectum
387 1121 510 1208 iudicis
537 1136 813 1188 momentaneum.
869 1124 946 1189 Huc
974 1124 1069 1190 etiarn
1103 1124 1251 1206 accedit,
1284 1124 1375 1207 quod

155 1224 160 1229 ⁷
199 1233 297 1299 iidem
310 1236 322 1274 1
333 1233 485 1314 tradunt,
503 1232 531 1297 si
548 1213 673 1298 cui'res
691 1231 782 1301 furto
801 1249 858 1299 aut
873 1234 1030 1301 violentia
1054 1236 1185 1319 abrepta
1197 1235 1260 1315 sit,
1280 1256 1377 1318 posse

199 1365 273 1410 eum
290 1344 492 1411 tantumdem
512 1344 676 1428 recipere,
696 1342 868 1411 addicente
877 1365 953 1411 mox
966 1346 1142 1429 superiore.
1166 1346 1377 1428 Numquam·

202 1475 300 1538 quam
316 1455 422 1539 primo
440 1454 609 1540 spoliatori
623 1456 680 1539 jus
696 1454 883 1521 vindicandi
900 1471 1062 1539 competat
1072 1454 1102 1537 ²,
1118 1456 1255 1523 dandam
1271 1470 1378 1522 tamen

200 1566 347 1633 secundo
367 1566 591 1649 exceptionem
611 1565 887 1649 compensationis
911 1565 1112 1647 intantum,
1146 1583 1304 1649 quantum
1329 1584 1378 1633 est

201 1677 344 1760 spolium
367 1680 420 1744 vel
443 1677 563 1762 injuria
584 1677 727 1745 alterius.
761 1677 904 1744 Videtur
927 1677 1038 1760 itaque
1056 1679 1112 1763 jus
1131 1678 1263 1760 quidem
1287 1693 1379 1744 antea

201 1788 348 1873 pignoris
379 1787 412 1853 in
444 1788 543 1854 rebus
574 1787 640 1855 illis
661 1787 839 1869 habuisse,
862 1804 976 1872 postea
998 1808 1076 1855 vero
1097 1790 1153 1873 jus
1176 1788 1313 1854 dominii
1338 1809 1377 1854 ex

201 1900 370 1965 sententia.
409 1898 456 1965 Et
473 1899 550 1965 hinc
571 1899 678 1982 ipsum
700 1918 820 1966 nomen
843 1899 1081 1984 pignerationis
1104 1899 1294 1981 descendit,
1318 1919 1378 1966 nec
1458 1908 1461 1913 “

201 2011 288 2076 alius
311 2010 392 2077 ordo
416 2024 546 2076 tenetur
569 2010 603 2075 in
626 2010 826 2093 repressaliis
846 2010 869 2075 ⁸.
899 2010 964 2076 Sed
985 2020 1047 2077 ltoc
1070 2011 1166 2078 etiam
1188 2030 1287 2092 casu,
1311 2032 1379 2094 quo

201 2121 355 2205 privatim
378 2136 508 2206 captum
535 2122 669 2204 publice
689 2120 895 2204 adiudicatur
915 2120 948 2185 in
967 2123 1112 2186 solutum
1133 2129 1163 2203 ⁴,
1188 2122 1377 2187 tentandum

199 2231 341 2297 arbitror
370 2247 408 2297 ut
434 2233 570 2314 praedae
592 2232 792 2297 vocabulum
820 2231 1058 2313 repudiandum
1079 2250 1145 2298 non
1166 2232 1226 2297 sit:
1251 2253 1323 2298 nam
1348 2248 1379 2297 et

202 2343 266 2408 hoc
287 2343 395 2426 ipsum
415 2344 507 2425 quod
525 2342 646 2428 togatis
662 2342 798 2427 judiciis
809 2342 1062 2424 consequimur,
1082 2358 1120 2408 ut
1130 2343 1234 2408 nostri
1247 2344 1380 2408 tradunt

202 2453 373 2538 doctores,
407 2473 474 2520 non
496 2474 514 2518 a
538 2453 651 2538 judice
673 2452 817 2536 accipere
845 2453 997 2520 videmur
1027 2454 1084 2519 sed
1113 2454 1153 2519 ab
1183 2453 1378 2520 adversario.

204 2564 378 2630 Caeterum
402 2564 430 2630 si
446 2564 648 2648 judiciorum
672 2564 828 2630 continua
851 2562 894 2629 sit
917 2564 1075 2647 penuria,
1097 2579 1134 2629 ut
1154 2580 1233 2647 puta
1247 2564 1274 2629 si
1286 2568 1380 2631 locus

203 2677 237 2740 in
253 2675 378 2742 nullius
397 2676 441 2742 sit
454 2675 703 2762 jurisdictione,
721 2675 775 2742 hic
796 2695 871 2741 cum
890 2676 986 2758 plane
1004 2675 1154 2740 veniatur
1174 2675 1214 2740 ad
1230 2677 1285 2759 jus
1297 2675 1381 2742 illud

200 2800 359 2866 naturae,
383 2788 475 2868 quod
498 2787 643 2853 nondum
665 2785 826 2851 institutis
853 2784 988 2869 judiciis
1014 2784 1138 2866 ubique
1159 2784 1246 2865 fuit,
1271 2786 1379 2851 statim

202 2898 309 2962 hostis
323 2898 363 2963 ab
378 2899 475 2963 hoste
492 2913 586 2980 capta
598 2898 639 2962 ad
651 2897 784 2964 modum
794 2894 930 2978 crediti,
951 2898 1044 2961 velut
1056 2914 1091 2960 se
1103 2895 1215 2981 Judice
1228 2895 1378 2977 acquirit.

200 3009 323 3090 Neque
343 3024 457 3091 postea
476 3028 550 3075 cnm
575 3009 678 3092 judex
697 3007 778 3074 adiri
799 3020 910 3092 potest
934 3006 974 3073 ad
994 3005 1233 3073 restitutionem
1255 3006 1379 3072 tenebi-

201 3135 276 3201 tur,
301 3120 344 3185 ob
365 3140 433 3185 eam
454 3120 611 3185 rationem
642 3140 738 3202 quarn
769 3119 893 3186 dictant
910 3117 1099 3185 scholastici
1119 3121 1130 3154 ⁸
1152 3117 1186 3183 in
1210 3116 1307 3183 simili
1331 3138 1379 3183 ar·

202 3246 374 3313 gumento.
394 3232 463 3297 Res
482 3230 586 3310 enim,
607 3230 783 3313 inquiunt,
801 3231 926 3296 habens
942 3248 1032 3295 suam
1051 3227 1305 3311 perfectionem,
1320 3248 1379 3295 nec

202 3342 376 3408 continens
392 3358 499 3407 actum
516 3342 739 3408 successivum
758 3360 825 3407 non
843 3356 1035 3421 revocatur,
1057 3340 1133 3406 licet
1149 3355 1263 3423 postea
1277 3354 1381 3407 cesset

202 3470 297 3518 causa
330 3452 389 3519 rei.
436 3453 483 3518 Et
509 3452 537 3518 si
565 3452 690 3517 accidat
716 3467 754 3518 ut
781 3453 845 3518 hoc
873 3452 968 3519 etiem
989 3471 1066 3520 casu
1083 3453 1156 3535 jure
1175 3450 1289 3531 civili,
1314 3472 1379 3517 non

201 3562 371 3648 gentium,
402 3564 563 3630 sententia
583 3562 679 3645 sequi
700 3563 836 3643 debeat,
872 3584 909 3629 ea
932 3578 1126 3629 tamennon
1149 3576 1198 3627 est
1220 3563 1380 3628 censenda

197 3676 254 3759 jus
273 3674 409 3739 dominii
431 3673 590 3759 adJicere,
614 3674 670 3739 sed
692 3674 876 3757 quaesitum
900 3674 1062 3739 declarare
1080 3668 1110 3738 ⁸:
1136 3674 1229 3755 quod
1248 3688 1317 3738 tum
1340 3674 1381 3739 ad

201 3785 412 3850 excutiendas
441 3784 572 3851 fraudes
601 3785 824 3868 improborum
860 3784 1083 3851 introductum
1118 3782 1222 3849 videri
1247 3800 1379 3867 potest,

200 3911 270 3961 turn
300 3911 338 3962 ut
365 3896 505 3963 tutiores
535 3895 625 3978 sint,
659 3897 719 3979 qui
751 3911 837 3962 recte
864 3908 1044 3979 ceperunt,
1077 3894 1201 3961 indicto
1227 3895 1380 3962 omnibus

200 4058 392 4072 ———...—-

235 4170 243 4203 ¹
263 4172 317 4219 lnn.
334 4171 362 4219 in
380 4172 404 4219 d.
419 4185 441 4219 e.
460 4171 530 4219 olim.
548 4185 573 4219 n.
591 4174 614 4219 8.
633 4184 657 4219 et
676 4170 742 4219 ind.
760 4184 782 4219 c.
800 4171 875 4219 sicut.
888 4184 913 4218 n.
926 4170 950 4218 ό.
967 4180 991 4217 et
1005 4168 1042 4217 ibi
1058 4170 1116 4217 Pan.
1133 4168 1194 4215 silv.
1202 4168 1228 4216 in
1238 4182 1263 4215 v.
1273 4168 1379 4219 Bellum.

200 4265 222 4319 ς.
242 4274 265 4319 ³·
300 4261 311 4293 ¹
328 4263 389 4310 Silv.
406 4260 442 4310 ibi
461 4266 483 4321 5.
503 4276 541 4312 10.
557 4263 648 4311 Palma.
682 4262 693 4295 ⁸
710 4264 776 4310 liant.
793 4262 819 4310 in
834 4274 907 4310 tract.
922 4262 953 4309 de
972 4272 1079 4320 repress.
1095 4273 1119 4321 9.
1134 4274 1159 4319 q.
1183 4271 1203 4307 r.
1219 4259 1250 4306 ad
1268 4271 1291 4306 2.
1314 4270 1338 4306 et
1354 4271 1377 4315 3.

200 4352 290 4400 ⁴silu.
311 4354 337 4401 in
354 4368 380 4402 v.
409 4353 594 4414 Repressaliae.
610 4356 636 4403 in
655 4352 714 4403 line.
749 4352 838 4401 ‘Sllu
854 4353 881 4401 in
901 4366 926 4401 v.
952 4352 1063 4399 Furtum.
1086 4353 1107 4408 5.
1131 4363 1168 4397 10.
1191 4348 1263 4397 Adde
1285 4362 1308 4396 c.
1328 4348 1377 4397 iao-

199 4456 253 4492 tum
267 4444 389 4505 legitime.
405 4446 436 4493 de
452 4459 503 4505 reg.
517 4442 566 4501 jur.
580 4444 606 4493 in
621 4444 661 4494 6⁰.
681 4443 820 4508 [Decretal.
843 4444 869 4492 in
887 4454 970 4491 sexto.
986 4454 1009 4499 5.
1027 4456 1065 4490 12.
1079 4454 1130 4501 reg.
1147 4438 1199 4501 73.]
1234 4437 1245 4470 ⁰
1263 4440 1279 4486 l.
1296 4437 1370 4487 sicuti

200 4538 222 4593 ξ.
239 4536 285 4584 sed
302 4535 324 4583 ti
338 4548 479 4596 quaeratur.
497 4535 522 4584 ff.
538 4535 561 4584 si
577 4549 643 4585 serv.
658 4536 728 4584 vind.
749 4533 792 4599 [D.
811 4537 834 4581 8.
851 4548 873 4589 ⁵·
892 4536 915 4581 8.
929 4537 950 4593 ξ.
968 4531 1004 4595 3.]
