3450 5434
370 601 429 679 138
684 615 731 661 urs
755 616 848 680 June
875 614 1060 664 ressone,
1084 616 1164 663 css.
1187 617 1224 663 x.

366 788 487 853 perse
516 783 629 836 contra
655 768 893 837 adversariuma
927 786 959 837 et
990 768 1036 836 sic
1067 788 1134 837 non
1165 768 1341 853 acquisitio
1363 769 1451 836 foret
1480 771 1539 836 sed

365 881 478 964 rapina
498 896 556 946 aut
574 880 711 948 furtum.
736 882 820 947 Nam
842 882 991 965 praedam
1014 882 1083 948 sine
1106 901 1203 949 causa
1225 882 1341 948 crediti
1363 881 1539 965 procedere

365 992 569 1076 negavimus.
615 992 707 1080 Quin
735 1008 769 1059 et
794 993 973 1059 Abrahumi
1005 993 1142 1059 historia
1160 1004 1169 1037 ¹
1190 994 1230 1058 ab
1262 994 1329 1058 illis
1353 991 1540 1059 transmissa

365 1104 589 1186 temporibus,
603 1105 726 1186 quibus
745 1106 802 1189 J‘us
824 1120 958 1171 naturae
979 1105 1189 1187 purissimum
1209 1103 1364 1190 vigebat,
1378 1104 1461 1169 illud
1478 1121 1539 1169 no-

365 1214 499 1280 tandum
530 1216 700 1299 suggerit,
732 1217 823 1299 quod
844 1215 966 1283 fatetur
988 1216 1041 1284 vir
1062 1232 1215 1297 sanctus,
1239 1215 1275 1282 id
1296 1236 1336 1281 ex
1357 1214 1475 1299 praeda
1498 1214 1541 1279 ad

367 1344 401 1392 se
419 1325 601 1409 pertinere,
615 1326 706 1409 quod
721 1326 879 1393 ministris
902 1327 1045 1394 dedisset
1068 1342 1100 1393 et
1120 1328 1210 1409 quod
1226 1326 1326 1394 sociis
1344 1326 1540 1392 distribuere

365 1439 475 1503 vellet.
521 1437 585 1502 His
605 1438 690 1503 enim
712 1439 855 1522 exceptis
876 1439 959 1505 nihil
978 1440 1063 1505 ultra
1081 1438 1164 1505 dicit
1181 1438 1229 1505 ad
1244 1458 1277 1503 tc
1294 1452 1539 1521 perventurum.

365 1548 475 1615 Primo
506 1548 607 1634 igitur
634 1549 707 1634 jure
736 1568 803 1616 non
836 1551 983 1631 subditi,
1017 1570 1083 1616 non
1118 1548 1348 1631 auxiliatores,
1381 1548 1438 1613 sed
1469 1547 1541 1629 ipse

222 1682 352 1731 canaan.
366 1660 445 1725 balli
472 1663 609 1746 privati
630 1675 752 1726 auctor
776 1661 983 1748 principalis
1007 1661 1172 1747 praedam
1195 1663 1347 1746 acquirit
1371 1658 1543 1745 usquead

215 1737 329 1853 {gith
357 1772 454 1856 juris
488 1771 763 1855 satisfactionem.
810 1769 875 1838 Rei
908 1792 987 1839 vero
1020 1791 1097 1837 suae
1134 1789 1235 1855 penes
1269 1788 1540 1852 unumquemque

220 1869 342 1969 ξῖξζξηξῗ
366 1881 535 1948 arbitrium
557 1897 606 1949 est
624 1884 646 1950 ³.
691 1882 790 1949 Unde
809 1883 900 1965 quod
920 1882 995 1966 quis
1012 1883 1112 1949 habet
1132 1882 1312 1948 dominium
1331 1896 1418 1947 recte
1437 1894 1542 1946 trans-

365 1991 444 2058 fert:
468 1992 534 2059 imo
553 1992 648 2058 etiam
668 1994 759 2075 quod
776 1993 949 2060 habiturus
969 2008 1027 2060 est.
1072 1994 1111 2059 Id
1129 1993 1214 2060 enim
1235 1994 1327 2075 quod
1346 2011 1454 2058 meum
1474 2009 1540 2058 non

367 2103 473 2169 estin
496 2124 570 2169 eum
593 2123 724 2187 casum,
750 2125 817 2187 quo
837 2125 946 2171 meum
968 2105 1117 2172 futurum
1139 2120 1211 2187 est,
1242 2118 1330 2169 recte
1362 2084 1540 2171 transfero.

365 2213 479 2280 Potest
498 2230 606 2281 autem
628 2215 779 2296 idem‚in
792 2235 888 2298 quem
909 2236 961 2282 res
982 2214 1044 2282 ista
1062 2219 1221 2283 translata¹
1234 2231 1298 2295 est,
1317 2232 1389 2281 meo
1408 2214 1542 2281 nomine

366 2339 404 2390 ut
436 2340 628 2407 procurator
660 2326 899 2409 possessionem
923 2328 1176 2411 apprehendere.
1224 2326 1313 2393 Haec
1336 2326 1407 2411 ipsa
1434 2340 1541 2392 autem

365 2435 532 2518 possessio
564 2437 738 2503 accedente
768 2456 840 2504 mea
867 2438 1076 2505 concessione
1099 2438 1167 2505 vim
1190 2438 1376 2505 traditionis
1398 2436 1542 2519 accipit,

367 2562 404 2613 ut
422 2548 455 2612 in
475 2567 514 2613 eo
534 2547 592 2630 qui
611 2548 850 2615 commodatum
870 2548 958 2615 dono
978 2550 1033 2614 dat
1052 2565 1108 2615 aut
1125 2565 1242 2616 mutuo
1258 2547 1280 2615 ³.
1326 2548 1422 2614 Prius
1442 2547 1544 2631 igitur

366 2678 521 2743 prome,
550 2660 668 2725 deinde
697 2680 754 2743 per
782 2678 834 2726 me
863 2659 928 2726 sibi
957 2660 1124 2745 possidere
1152 2660 1295 2743 incipiet.
1340 2660 1420 2746 Quo
1443 2660 1542 2725 modo

365 2769 520 2840 creditori
540 2790 599 2854 per
621 2770 801 2837 debitorem
824 2785 973 2837 nostrum
995 2771 1175 2839 solvimus:
1200 2772 1383 2854 quodcum
1408 2769 1446 2837 fit
1463 2784 1543 2835 sunt

367 2881 499 2964 quidem
519 2882 755 2964 acquisitiones
774 2883 879 2966 duae,
903 2883 961 2948 sed
982 2885 1101 2964 altera,
1125 2898 1163 2949 ut
1180 2883 1365 2965 Ulpianus*
1377 2880 1541 2964 loquitur,

366 2993 530 3060 celeritate
556 2993 856 3077 conjungendarum
890 2992 974 3058 inter
1005 3012 1041 3059 se
1069 2990 1233 3060 actionu'm
1258 2996 1451 3059 occultatur.
1497 2992 1544 3059 Et

366 3104 430 3168 hoc
454 3117 504 3169 est
526 3104 619 3185 quod
641 3103 675 3168 in
702 3104 775 3187 iure
803 3103 955 3170 Romano
985 3104 1079 3173 breti
1101 3126 1202 3169 mana
1222 3110 1233 3143 ⁸
1253 3104 1402 3171 dicimus.
1449 3103 1544 3169 Sicut

366 3213 467 3298 igitur
488 3214 659 3295 praedam,
683 3229 857 3297 postquam
877 3215 958 3281 mihi
975 3214 1062 3282 facta
1093 3230 1142 3281 est
1163 3216 1315 3299 propria,
1339 3231 1397 3281 aut
1422 3215 1544 3281 donare

367 3323 458 3390 alteri
480 3338 537 3389 aut
559 3324 592 3390 in
615 3324 760 3391 solutum
784 3326 858 3392 dare
881 3346 1015 3410 possum
1039 3341 1095 3392 aut
1119 3326 1239 3410 quovis
1261 3326 1360 3392 modo
1384 3325 1542 3407 alienare,

365 3434 414 3500 sic
438 3434 533 3499 etiam
555 3434 630 3501 dare
652 3436 742 3501 alteri
762 3437 1002 3519 acquirendam.
1049 3438 1152 3527 Quod
1170 3458 1244 3503 cum
1265 3437 1349 3503 fitis
1368 3437 1415 3503 rei
1435 3452 1544 3520 gestae

367 3545 449 3611 ordo
470 3560 537 3626 est,
561 3561 599 3612 ut
618 3567 717 3630 opera
737 3546 827 3614 iilius
847 3549 959 3615 adme
978 3548 1096 3632 praeda
1114 3548 1300 3633 perveniat,
1323 3550 1416 3615 nullo
1434 3562 1543 3613 tamen

366 3672 532 3723 momento
543 3678 643 3741 penes
654 3679 705 3724 me
716 3659 920 3740 substitura,
938 3660 1041 3726 sedin
1053 3659 1160 3743 ipsum
1173 3659 1333 3726 continuo
1345 3658 1543 3742 transitura,

367 3782 405 3835 ut
428 3768 486 3850 qui
502 3770 567 3853 jam
590 3770 831 3853 possessionem
852 3772 969 3837 habeat
991 3786 1023 3837 et
1043 3790 1172 3837 causam
1193 3770 1329 3836 dominii
1348 3771 1544 3854 praeceden-

368 3896 444 3947 tem.
467 3880 642 3963 Propterea
660 3881 803 3947 diximus
822 3882 899 3947 belii
920 3896 1140 3965 susceptorem
1159 3880 1327 3948 dominum
1346 3881 1415 3948 fieri
1437 3881 1544 3964 primo

369 4012 405 4057 ac
424 4012 480 4075 per
498 4012 533 4057 se
553 4007 586 4057 et
603 3990 668 4057 nisi
689 3992 780 4058 aliter
797 3992 1016 4059 convenisset.
1063 3993 1149 4059 Nam
1171 4007 1229 4059 aut
1247 3993 1316 4077 ipse
1333 3992 1372 4059 fit
1390 3991 1545 4060 dominus

370 4148 559 4159 ...—

402 4241 410 4274 ¹
430 4242 494 4289 Gen.
513 4253 550 4301 14
565 4254 603 4289 vs.
619 4240 666 4287 ult.
700 4236 710 4270 ²
727 4240 758 4286 V.
772 4253 796 4288 c.
814 4253 837 4287 a.
853 4241 885 4289 ad
900 4251 951 4301 reg.
971 4252 994 4298 ³·
1012 4240 1072 4290 Inar.
1090 4241 1121 4289 de
1137 4253 1186 4289 rer.
1202 4240 1256 4289 div.
1271 4244 1293 4298 5.
1310 4252 1356 4301 per
1372 4238 1545 4289 traditionem.

370 4335 402 4397 [l.
424 4347 447 4382 a.
473 4346 494 4380 1.
513 4334 535 4390 5.
557 4331 612 4392 4ο.]
648 4328 740 4379 'Insa
761 4332 792 4379 de
816 4345 864 4378 rer.
890 4332 943 4381 div.
962 4332 1134 4391 §.interdum
1154 4330 1187 4395 [1.
1205 4346 1228 4379 o.
1248 4346 1269 4379 1.
1287 4329 1379 4395 5.44.]
1414 4329 1464 4378 ⁴1.
1484 4344 1507 4389 ³·
1524 4334 1546 4390 5.

366 4438 427 4487 pcn.
444 4424 470 4471 is.
487 4424 519 4471 de
535 4424 595 4471 don.
612 4411 679 4471 inte'r
700 4422 783 4472 virum
801 4434 826 4471 et
845 4436 888 4472 ux.
908 4424 952 4485 [D.
970 4438 1009 4485 aq.
1030 4438 1051 4472 1.
1068 4436 1090 4482 3.
1108 4428 1129 4483 5.
1150 4424 1200 4487 rm]
1246 4422 1257 4455 ⁸
1275 4425 1292 4471 Ι.
1309 4422 1377 4473 licet.
1393 4424 1414 4481 5.
1435 4434 1456 4471 1.
1474 4421 1499 4470 ff.
1515 4424 1546 4472 de

367 4516 423 4574 iure
439 4517 490 4564 doc.
509 4512 552 4577 [D·
570 4528 610 4574 2³·
627 4528 650 4574 s·
666 4514 720 4579 as]
