3450 5434
356 620 416 666 ιιι
656 617 703 666 oa
726 616 821 686 Juaa
844 616 1030 667 nunaunt.
1053 618 1135 667 css.
1160 618 1242 666 vnr.

351 792 428 857 gum
449 771 572 856 peritos
583 778 605 839 ¹.
649 771 802 839 Tradunt
821 772 930 855 enim,
953 771 990 838 id
1007 770 1100 856 quod
1118 771 1242 840 dicimur
1263 772 1413 855 praedam
1434 773 1527 859 justo

352 886 439 951 bello
454 882 613 968 capientis
629 881 723 966 fieri,
748 883 788 950 de
811 883 907 951 bonis
923 883 1173 970 intelligendum
1192 904 1259 951 non
1272 886 1342 970 ejus
1354 884 1455 952 modo
1468 884 1528 967 qui

353 995 474 1082 injuste
496 1010 645 1081 pugnat,
667 995 726 1061 sed
757 996 903 1062 omnium
944 994 1049 1079 ipsius
1071 994 1281 1063 subditorum
1303 1014 1370 1061 non
1402 994 1530 1063 feminis

350 1126 418 1174 non
441 1105 620 1174 infantibus
648 1107 815 1191 exceptis,
840 1107 946 1173 donec
973 1108 1063 1192 juste
1085 1106 1246 1193 pugnanti
1269 1106 1446 1175 de·debito
1466 1125 1529 1175 suo

352 1220 406 1285 vel
426 1218 546 1304 inJuria
576 1220 630 1284 vel
657 1217 839 1285 offensione
869 1218 958 1285 illata
990 1220 1045 1285 vel
1074 1218 1193 1285 damno
1220 1218 1283 1285 sibi
1318 1218 1431 1285 suisve
1451 1216 1529 1284 dato

352 1344 451 1413 atque
481 1348 519 1394 eo
550 1328 642 1413 quod
670 1328 799 1397 intersit
826 1328 961 1396 omnino
983 1327 1185 1397 satisfactum
1209 1328 1274 1411 sit,
1300 1328 1450 1397 hostisve
1471 1346 1530 1412 pa·

352 1455 443 1507 ratus
475 1439 521 1506 sit
552 1437 737 1508 satisfacere
768 1452 826 1505 aut
853 1440 920 1525 juri
950 1459 985 1506 se
1016 1440 1199 1524 pariturum
1229 1439 1356 1507 offerat.
1406 1438 1529 1522 Neque

352 1551 393 1618 de
415 1566 548 1617 caetero
566 1550 620 1617 hic
643 1549 798 1634 spectari,
822 1568 901 1616 num
924 1568 1063 1635 persona
1086 1551 1130 1619 sit
1152 1551 1326 1631 innocens,
1349 1550 1529 1636 Caietanus

353 1678 387 1731 ct
407 1662 493 1729 inter
515 1661 680 1745 Hispanos
704 1660 911 1727 Covarruvia
930 1660 942 1696 ²
963 1676 1111 1727 testatur.
1143 1661 1190 1727 Et
1211 1663 1294 1728 alter
1315 1660 1526 1745 Hispanus⁸s

352 1776 382 1838 si
397 1773 501 1839 hostes
519 1771 637 1837 nolunt
654 1774 831 1838 restituere
848 1791 902 1837 res
918 1773 1054 1858 injuria
1071 1772 1205 1840 ablatas
1221 1786 1252 1837 et
1271 1792 1336 1837 non
1346 1776 1452 1860 possit
1470 1775 1529 1859 qui

352 1881 461 1949 laesus
491 1896 539 1949 est
567 1881 706 1949 aliunde
733 1882 894 1949 commode
923 1898 1146 1970 recuperare,
1173 1897 1282 1969 potest
1313 1883 1529 1971 undecunque

353 1994 616 2078 satisfactionem
644 2007 762 2078 capere
790 1997 858 2061 sire
887 2014 909 2059 a
928 1994 1116 2059 nocentibus
1134 1997 1202 2062 siue
1219 1994 1262 2060 ab
1282 1996 1528 2076 innocentibus,

353 2108 406 2171 ita
439 2118 479 2170 ut
500 2125 565 2168 non
595 2117 795 2169 mercatores
824 2123 889 2168 non
920 2103 1090 2189 agricolae
1111 2107 1339 2192 excipiantur.
1383 2106 1433 2171 Ita
1456 2105 1527 2174 iile:

353 2215 446 2301 qupd
465 2228 574 2281 autem
603 2212 658 2279 alii
677 2220 688 2257 ⁴
710 2215 771 2280 hac
807 2213 903 2281 etiam
927 2213 961 2279 in
983 2229 1076 2298 parte
1098 2214 1331 2300 navigantibus
1353 2230 1386 2281 ct
1407 2235 1529 2284 merca·

352 2325 481 2393 toribus
511 2324 759 2409 temperandum
791 2338 933 2410 putant,
961 2325 995 2392 id
1018 2325 1063 2393 ita
1083 2324 1147 2409 ipsi
1169 2326 1353 2410 explicant,
1377 2342 1416 2393 ut
1437 2328 1529 2395 navi·

354 2453 466 2523 gantes
498 2456 554 2503 eos
586 2436 888 2519 comprehendant,
921 2436 980 2520 qui
1013 2436 1048 2502 vi
1082 2436 1286 2520 tempestatis
1317 2437 1459 2504 alienum
1495 2436 1528 2503 in

353 2548 447 2614 littus
464 2546 684 2630 abripiuntur,
705 2562 738 2613 et
753 2562 950 2615 mercatores
969 2562 1122 2614 externos
1139 2547 1298 2615 duntaxat
1313 2548 1529 2633 publicasque

353 2660 396 2726 ad
422 2658 586 2725 nundinas
616 2658 796 2725 venientes.
839 2658 1085 2725 Mercatoribus
1113 2673 1221 2727 autem
1255 2658 1396 2726 subditis
1417 2680 1458 2727 ne
1477 2680 1529 2727 re-

353 2769 528 2854 pressaliae
558 2769 692 2853 quidem
722 2760 900 2837 abstinent.
946 2770 993 2836 Et
1022 2770 1103 2836 haee
1132 2789 1210 2838 vera
1240 2784 1339 2851 sunt,
1373 2769 1437 2837 nisi
1472 2786 1529 2837 aut

353 2882 502 2965 personis
532 2880 731 2963 quibusdam
758 2894 815 2947 aut
844 2880 954 2946 ordini
976 2880 1147 2947 hominum
1179 2894 1236 2947 aut
1268 2882 1342 2948 loco
1376 2882 1422 2950 sit
1451 2902 1529 2965 pro-

352 2994 451 3059 missa
468 2992 626 3059 securitas
644 2994 656 3029 ⁸
673 2990 778 3074 pactis
796 3004 854 3056 aut
875 2990 977 3057 tacito
997 2990 1162 3073 utrimque
1178 3010 1264 3073 usu,
1282 3008 1418 3076 propter
1429 2991 1528 3059 fidem

352 3102 502 3184 scilicet,
535 3102 576 3168 de
607 3121 672 3183 qua
698 3119 776 3166 mox
806 3120 952 3186 agemus.
999 3102 1050 3167 lta
1078 3100 1216 3187 legimus
1248 3102 1349 3171 Indos
1377 3102 1530 3191 agricolis

352 3213 548 3297 pepercisse.
581 3212 629 3279 Et
648 3212 682 3278 in
703 3211 845 3279 concilio
863 3211 1317 3297 Lateranensi⁸praeceptum
1341 3229 1380 3280 ut
1392 3216 1529 3301 presby·

353 3328 437 3403 teri,
458 3325 628 3403 monachi,
648 3327 813 3403 conuersi,
828 3328 1021 3411 peregrini,
1040 3338 1256 3405 mercatores,
1276 3328 1400 3392 rustici
1416 3338 1529 3392 euntes

353 3434 408 3503 tel
428 3434 600 3501 redeuntes
622 3434 679 3503 rel
697 3434 918 3523 agricultura
939 3439 1139 3519 existentes,
1164 3449 1196 3503 et
1217 3436 1385 3503 animalia
1408 3438 1528 3525 quibus

387 3786 506 3837 l'l'trom
533 3787 858 3847 mandamento
878 3787 1528 3855 1.nat.denutrioinc.onm.deremspot.

355 3879 492 3942 [Demetai.
502 3891 525 3928 a.
537 3891 577 3938 rs.
587 3877 639 3942 ta]
655 3879 729 3928 Host.
740 3880 773 3928 ad
786 3877 827 3927 tlt.
837 3880 870 3928 de
883 3878 1011 3939 poenam
1028 3882 1130 3929 summe
1145 3892 1171 3930 et
1188 3881 1529 3947 postiliamjoh.1.upusin

352 3980 427 4019 macc.
453 3970 485 4018 de
511 3970 580 4019 belia
606 3973 629 4028 ς.
648 3969 753 4019 sibene
777 3969 911 4019 advertisti
929 3966 1036 4032 [Oceafi.
1051 3972 1105 4035 Jur.
1122 3974 1177 4021 vol.
1197 3973 1235 4022 16.
1252 3987 1276 4034 p.
1296 3974 1366 4037 aaa]
1385 3976 1440 4027 lun.
1457 3976 1485 4025 in
1503 3978 1530 4027 d.

353 4074 375 4109 c.
393 4059 467 4109 olim.
483 4061 542 4124 Job.
562 4059 643 4109 Faber
660 4061 693 4110 ad
709 4064 732 4121 ἦ.
750 4059 812 4109 item
829 4060 898 4109 bello
917 4072 999 4122 capta.
1016 4063 1077 4111 inst.
1095 4064 1127 4113 de
1144 4076 1194 4113 rer.
1212 4064 1265 4113 dlv.
1285 4065 1317 4127 [1.
1335 4066 1408 4131 a.1.]
1426 4064 1531 4126 'cajet

352 4150 380 4200 in
404 4154 493 4199 smum.
516 4163 590 4212 pecc.
614 4149 642 4199 in
665 4165 692 4199 v.
715 4150 781 4199 Belli
805 4152 902 4200 damna.
928 4153 1036 4201 conam.
1060 4154 1092 4202 sd
1116 4167 1168 4215 reg.
1193 4166 1334 4216 peccatum.
1359 4171 1385 4218 p.
1403 4161 1468 4219 Μ.
1489 4172 1530 4213 rt.

353 4237 449 4289 ⁸vict.
465 4254 491 4289 ιι.
510 4253 552 4305 ³9.
577 4252 660 4304 et41.
694 4240 790 4291 ⁴Bart.
816 4242 848 4291 de
866 4254 976 4303 repreas.
994 4254 1019 4301 7.
1033 4242 1114 4304 prino.
1130 4256 1156 4293 n.
1176 4256 1215 4301 ις.
1233 4246 1298 4296 Bell.
1316 4257 1339 4304 s.
1358 4258 1439 4299 contr.
1457 4261 1482 4309 a.
1505 4263 1530 4301 e.

357 4340 396 4387 rs.
413 4330 475 4380 Sllv.
490 4325 521 4379 in'
534 4345 560 4380 v.
578 4330 765 4394 Represssiice.
780 4334 803 4390 ς.
821 4334 845 4380 8.
880 4330 890 4363 ¹
908 4332 986 4381 wilh.
1005 4334 1086 4383 Mutis.
1103 4336 1135 4384 de
1152 4334 1222 4384 bello
1239 4334 1310 4394 iusto
1327 4348 1353 4387 et
1371 4338 1452 4390 licito.
1475 4354 1531 4402 req.

357 4436 382 4469 a.
400 4435 427 4484 p.
443 4434 468 4482 4.
486 4419 569 4479 cajet.
587 4420 614 4471 in
638 4426 733 4473 summ.
758 4436 833 4484 pecc.
855 4422 883 4473 in
900 4438 927 4475 v.
943 4422 1008 4473 ueni
1026 4426 1122 4475 damna.
1156 4425 1208 4476 ⁸c.
1227 4442 1251 4478 a.
1269 4430 1300 4479 de
1318 4442 1403 4493 treuga
1417 4442 1443 4480 et
1460 4444 1531 4493 paee.

356 4508 495 4574 [Deermal.
517 4526 538 4562 r.
557 4511 610 4579 ³4]
971 4514 975 4521 '
