3450 5434
483 642 530 687 DE
553 642 646 708 JURE
673 642 858 689 PRAEDAE.
886 645 967 690 CAP.
993 644 1060 690 ΧΠ.
1298 646 1357 691 211

188 799 301 877 beret,
325 816 394 863 eam
417 812 525 863 tamen
548 815 615 863 non
638 811 725 862 recte
748 796 991 878 exerciturum,
1014 816 1088 863 cum
1116 798 1277 879 spirituali
1302 818 1360 865 sua

181 908 413 994 iurisdictione
436 921 613 974 contentus
635 926 704 974 esse
727 907 841 973 debeat
862 909 891 971 ¹:
916 908 1118 975 secularibus
1138 923 1246 975 autem
1265 908 1358 974 Prin-

182 1019 314 1103 cipibus
347 1039 415 1085 eam
448 1019 627 1086 concedere
657 1020 752 1085 nullo
783 1020 883 1085 modo
909 1018 1051 1115 posse’.
1098 1019 1188 1085 Tum
1224 1022 1357 1088 verosi

185 1151 283 1215 quam
306 1132 425 1197 habeat
443 1144 638 1213 potestatem
661 1131 893 1213 temporalem,
917 1131 1139 1212 eamhabere,
1163 1134 1356 1213 utloquuu-

184 1256 261 1323 tur,
294 1241 328 1307 in
360 1241 473 1307 ordine
505 1242 544 1307 ad
575 1240 777 1323 spiritualia:
810 1241 965 1323 quocirca
995 1243 1118 1307 nullam
1139 1242 1187 1307 illi
1208 1262 1278 1309 esse
1297 1264 1356 1326 po-

184 1367 336 1420 testatem
364 1352 398 1417 in
425 1353 569 1435 populos
597 1350 768 1433 infideles,
800 1366 839 1417 ut
862 1352 920 1434 qui
943 1353 984 1418 ad
1007 1353 1173 1420 ecclesiam
1196 1372 1263 1419 non
1281 1374 1357 1436 per·

182 1464 320 1531 tineam.
365 1463 464 1530 Unde
485 1463 637 1546 sequitur
660 1484 700 1530 ex
722 1464 884 1531 sententia
915 1464 1064 1550 Cajetani
1086 1479 1118 1531 et
1136 1464 1305 1531 Victoriae
1325 1481 1356 1551 qt

183 1574 326 1657 potioris
357 1574 462 1657 partis
495 1590 560 1641 tam
588 1576 822 1661 theologorum
848 1595 945 1658 quarn
965 1575 1209 1642 canonistarum
1229 1576 1264 1659 ³,
1288 1596 1355 1643 non

186 1705 258 1753 esse
281 1685 438 1754 idoneum
460 1685 595 1752 titulum
618 1686 777 1753 adversus
800 1685 922 1769 Indos,
946 1689 1000 1754 vel
1025 1687 1103 1769 quia
1124 1686 1212 1771 Papa
1231 1686 1358 1754 dederit

184 1797 374 1881 provincias
406 1798 478 1862 illas
511 1812 677 1879 tamquam
709 1795 864 1864 dominus
896 1797 1068 1881 absolute,
1100 1800 1155 1865 vel
1190 1798 1356 1883 quianon

185 1923 426 1994 recognoscunt
459 1907 641 1975 dominium
678 1908 802 1992 Papae:
846 1923 947 1991 atque
989 1908 1070 1977 adeo
1103 1929 1144 1977 ne
1179 1910 1357 1979 Saracenos

186 2020 321 2103 quidem
353 2019 418 2087 isto
450 2018 550 2087 titulo
582 2039 727 2102 unquam
758 2020 931 2103 spoliatos.
1258 2016 1260 2021 ’

230 2130 296 2196 His
318 2130 421 2215 igitur
443 2130 604 2214 sublatis,
627 2152 704 2197 cum
722 2130 931 2197 manifestum
943 2132 1010 2212 sit,
1035 2131 1128 2213 quod
1139 2147 1172 2198 et
1183 2131 1357 2199 Victoria*

186 2242 323 2324 scribit,
346 2241 514 2325 Hispanos
534 2242 575 2307 ad
596 2256 700 2308 terras
721 2243 913 2311 remotiores
935 2242 1008 2310 illas
1026 2243 1217 2329 navigantes
1229 2246 1356 2311 nullum

183 2354 240 2439 jus
261 2373 374 2421 secum
397 2352 546 2419 attulisse
573 2354 758 2436 occupandi
782 2374 835 2421 eas
857 2355 1067 2438 provincias,
1092 2375 1179 2423 unus
1199 2356 1358 2421 duntaxat

186 2464 306 2532 titulus
324 2465 401 2531 belli
421 2479 544 2547 restat,
569 2464 627 2547 qui
652 2478 685 2530 et
705 2465 776 2547 ipse
787 2464 815 2529 si
825 2466 937 2549 justus
949 2481 1058 2546 esset,
1080 2480 1187 2531 tamen
1200 2465 1240 2531 ad
1252 2466 1357 2533 domi·

185 2575 277 2641 nium
300 2574 459 2658 proficere
478 2594 545 2643 non
569 2591 680 2659 posset
690 2575 837 2661 nisijure
849 2576 1007 2659 praedae,
1031 2578 1095 2643 hoc
1107 2592 1157 2643 est
1168 2591 1245 2659 post
1255 2598 1357 2643 occu·

184 2687 364 2771 pationem.
387 2686 497 2769 Atqui
519 2702 647 2753 tantum
670 2688 762 2754 abest
782 2701 822 2753 ut
831 2686 983 2753 Lusitani
996 2706 1048 2752 eas
1061 2700 1161 2753 terras
1173 2706 1357 2770 occupave-

185 2798 274 2880 rint,
307 2814 345 2864 ut
375 2818 451 2865 cunr
483 2798 648 2882 plerisque
672 2798 848 2884 gentibus,
884 2817 966 2881 quas
990 2798 1102 2865 Batavi
1126 2812 1355 2878 accesserunt,

185 2910 309 2977 bellum
332 2929 372 2977 eo
394 2925 541 2993 tempore
561 2912 690 2975 nullum
707 2909 875 2975 haberent.
899 2908 946 2974 Et
968 2908 1014 2973 sic
1038 2907 1139 2993 igitur
1156 2910 1284 2975 nullum
1301 2910 1357 2993 jus

185 3022 253 3089 illis
274 3022 387 3105 quaeri
410 3023 545 3106 potuit,
568 3041 643 3087 cum
666 3021 763 3087 etiam
787 3021 814 3087 si
828 3040 909 3103 quas
921 3021 962 3087 ab
974 3019 1065 3086 Indis
1076 3018 1289 3103 pertulissent
1307 3022 1357 3086 in-

182 3132 311 3218 jurias,
335 3154 389 3200 eas
410 3136 509 3219 longa
530 3152 610 3215 pace
632 3147 666 3198 et
692 3132 805 3198 amicis
834 3130 1037 3198 commerciis
1058 3130 1220 3198 remisisse
1240 3131 1357 3197 merito

186 3260 389 3313 censeantur.
413 3245 621 3332 Quamquam
642 3263 683 3308 ne
703 3242 770 3309 fuit
781 3243 913 3327 quidem
927 3243 1018 3326 quod
1029 3244 1115 3309 bello
1128 3242 1356 3309 obtenderent.

186 3357 273 3423 Nam
294 3356 352 3439 qui
368 3355 523 3421 barbaros
533 3355 621 3421 bello
630 3369 897 3439 persequuntur,
921 3370 960 3421 ut
971 3354 1184 3421 Americanos
1195 3354 1356 3437 Hispani,

186 3466 254 3534 duo
282 3467 390 3531 solent
416 3479 624 3548 praetexere,
657 3465 750 3546 quod
777 3465 818 3529 ab
847 3464 913 3529 illis
942 3467 1137 3532 commercio
1163 3480 1357 3548 arceantur,

187 3592 246 3643 aut
278 3577 371 3658 quod
401 3575 583 3642 doctrinam
615 3596 711 3643 verae
741 3575 912 3659 religionis
947 3575 996 3641 illi
1028 3577 1136 3643 nolint
1170 3594 1357 3663 agnoscere.

186 3688 232 3755 Et
258 3686 452 3753 commercia
480 3687 613 3769 quidem
641 3686 793 3753 Lusitani
813 3687 853 3751 ab
872 3686 965 3752 Indis
983 3686 1218 3770 impetrarunt,
1243 3702 1281 3754 ut
1299 3688 1359 3752 hac

188 3800 221 3866 in
240 3813 333 3881 parte
351 3798 436 3865 nihil
454 3799 619 3881 habeant,
645 3798 737 3881 quod
758 3812 948 3880 querantur.
988 3798 1084 3863 Alter
1102 3818 1182 3865 vero
1202 3799 1359 3865 obtentus

222 4104 231 4139 ¹
250 4108 342 4155 March.
364 4120 405 4155 20.
428 4108 469 4155 26.
492 4109 551 4170 Joh.
574 4107 600 4155 6.
621 4120 659 4163 15·
681 4108 773 4156 March.
794 4118 832 4163 17.
850 4119 891 4165 27.
925 4103 1022 4154 ’Vita
1040 4104 1086 4154 lbi.
1104 4118 1130 4153 n.
1149 4106 1190 4153 αθ.
1207 4107 1315 4153 Covarr.
1334 4106 1359 4153 d.

187 4200 258 4246 loco.
292 4194 381 4246 ⁸C0r.
402 4211 422 4246 r.
442 4210 466 4253 s.
484 4198 510 4246 in
527 4196 588 4246 fine.
605 4198 737 4246 limma.
756 4211 780 4245 a.
797 4212 823 4257 q.
844 4210 882 4246 ra.
899 4208 944 4246 art.
961 4210 984 4245 α.
1003 4198 1089 4256 Ayala.
1116 4198 1132 4243 l.
1161 4209 1221 4244 r.c.
1238 4208 1303 4243 an.
1320 4202 1361 4255 ep.

187 4287 255 4337 Vict.
279 4285 322 4336 ibi.
346 4302 371 4337 n.
396 4300 437 4346 so.
462 4290 568 4338 covarr.
592 4290 618 4337 d.
636 4290 707 4337 loco.
730 4289 762 4336 V.
784 4290 871 4337 locum
893 4285 972 4344 Caiet.
990 4286 1064 4335 infra.
1081 4287 1172 4334 Thom.
1191 4298 1215 4333 a.
1235 4299 1258 4333 n.
1275 4299 1301 4345 q.
1318 4284 1359 4333 66.

187 4391 234 4427 arr.
260 4381 283 4427 8.
308 4378 429 4428 silvester
452 4382 483 4428 dc
509 4378 655 4429 infidelibus
680 4383 702 4438 ξ.
727 4392 751 4437 7.
776 4380 864 4428 Innoc.
888 4378 914 4426 in
938 4392 961 4427 c.
986 4379 1058 4437 quod
1080 4390 1155 4437 super
1173 4375 1220 4425 his.
1239 4378 1270 4424 de
1289 4387 1361 4424 voto.

189 4467 330 4532 [Demetai.
349 4482 372 4526 3.
391 4482 431 4530 ³4·
450 4470 486 4531 8.]
506 4470 573 4519 vict.
593 4470 639 4518 ibi.
658 4483 683 4518 n.
702 4482 742 4527 31.
775 4468 787 4501 ⁴
805 4471 829 4518 d.
847 4483 872 4516 n.
892 4480 931 4525 31·

1172 4552 1228 4637 14*
