3450 5434
392 622 452 697 178
704 639 752 686 or
775 640 868 706 June
896 638 1078 686 russone,
1108 640 1187 686 cnr.
1213 641 1262 687 xi.

391 790 437 855 sis
458 810 524 857 non
546 807 669 859 tantum
689 794 920 874 commerciis,
945 793 1003 859 sed
1025 794 1115 865 adito
1137 794 1233 860 etiam
1247 794 1345 860 ‘vitae
1365 793 1566 863 discrimine.

245 902 377 947 dmm·
391 902 476 968 Mox
511 923 585 968 cum
609 905 783 970 Achenum
804 905 972 971 venissent
995 924 1115 985 naves,
1145 906 1269 988 quibus
1295 906 1411 972 Petrus
1434 906 1568 973 Bottius

392 1029 560 1097 praeerat,
593 1014 713 1082 missus
734 1037 752 1080 a
773 1016 929 1083 societate
952 1016 1150 1081 Hollandica
1170 1018 1374 1099 posteriore,
1399 1018 1510 1082 eadem
1534 1018 1568 1083 in

392 1127 465 1189 aula
485 1126 613 1191 eaedem
637 1146 750 1193 rursus
770 1143 881 1207 artes,
904 1126 1005 1192 misso
1028 1126 1154 1193 scilicet
1174 1128 1342 1207 Malacca,
1368 1128 1568 1210 quaeLusi-

392 1251 543 1302 tanorum
573 1239 703 1303 colonia
735 1253 785 1303 est
817 1240 851 1325 in
882 1238 1068 1304 continente
1089 1253 1203 1305 contra
1227 1238 1472 1323 Taprobanen,
1496 1260 1568 1305 mo-

390 1349 496 1412 nacho
527 1349 744 1415 Franciscano
776 1349 873 1433 legati
905 1348 1012 1432 specie
1045 1364 1077 1415 et
1109 1350 1300 1415 centurione
1332 1350 1499 1415 Roderico
1525 1351 1566 1415 de

231 1465 302 1509 Anne
317 1470 377 1511 1⁶01·
393 1458 496 1523 Costa
514 1459 726 1524 Motamori0.
750 1460 901 1525 Secunda
922 1476 1029 1525 autem
1049 1458 1168 1527 Neckii
1187 1460 1449 1545 peregrinatione
1461 1460 1567 1543 scrip·

389 1583 441 1635 tae
459 1571 572 1635 literae
596 1570 636 1635 ad
658 1590 766 1654 regem
786 1570 971 1652 Ternatae,
1000 1590 1147 1637 sermone
1170 1572 1394 1653 Malaccensi,
1419 1588 1453 1637 et
1473 1591 1567 1639 man·

391 1681 465 1745 data
482 1681 591 1747 nuntii
609 1702 666 1764 per
689 1682 896 1765 interpretem
918 1682 1067 1764 reddita,
1092 1683 1218 1749 easdem
1240 1682 1464 1749 accusationes
1485 1701 1567 1749 con·

390 1791 555 1857 tinebant:
586 1812 661 1858 cum
693 1793 748 1859 ille
771 1792 883 1859 subito
902 1814 1023 1878 pavore
1045 1793 1205 1860 attonitus
1229 1808 1261 1859 et
1283 1796 1375 1859 velut
1397 1793 1489 1878 regni
1513 1794 1567 1859 sui

391 1904 597 1971 insidiatores
628 1904 806 1987 respiciens
839 1904 898 1972 vix
932 1905 1059 1971 tandem
1096 1904 1249 1989 precibus
1281 1906 1489 1987 placaretur,
1523 1924 1567 1971 ne
1720 1956 1721 1965 ,

391 2014 598 2081 inimicorum
620 2016 776 2083 saevitiae
795 2016 991 2081 Batavorum
1014 2014 1233 2081 innocentiam
1254 2015 1467 2081 condonaret.
1514 2014 1568 2079 Si·
1720 1996 1721 2059 ἕ

391 2125 548 2191 nensibus
580 2126 700 2207 etiam,
723 2143 762 2194 ut
784 2147 896 2192 eorum
916 2127 1042 2193 animos
1061 2146 1079 2191 a
1100 2126 1230 2192 Batavis
1252 2140 1459 2207 averterent,
1483 2127 1569 2209 quid

391 2256 457 2302 non
477 2251 509 2301 et
532 2238 665 2317 quoties
688 2238 797 2304 conati
819 2254 897 2304 sunt
915 2238 1127 2320 persuadere,
1151 2237 1214 2304 nisi
1238 2237 1330 2318 quod
1344 2257 1425 2321 gens
1438 2240 1568 2321 perspi-

392 2348 528 2413 cacioris
548 2348 667 2432 judicii
696 2348 873 2414 etiamnum
898 2348 1036 2432 experiri
1057 2348 1142 2414 illud
1163 2350 1311 2427 mavult,
1343 2369 1441 2430 quam
1465 2349 1568 2415 Lusi-

233 2464 302 2507 Armt
318 2437 378 2511 16'02·
392 2458 477 2525 tanis
496 2459 655 2525 credere‘.²
680 2460 760 2526 Non
775 2460 884 2527 minus
900 2458 1017 2526 frustra
1035 2458 1151 2544 Jacobi
1174 2459 1401 2527 Hemskerckii
1421 2459 1568 2528 adventu

391 2571 621 2637 laboraverunt
652 2572 741 2655 apud
770 2572 912 2657 reginam
946 2571 1084 2636 Patanae
1118 2585 1151 2637 et
1182 2570 1269 2653 apud
1300 2571 1396 2655 Jorac
1432 2592 1567 2657 regem,

391 2682 488 2765 (sunt
510 2685 589 2750 haec
613 2703 711 2769 regna
723 2684 756 2749 in
770 2683 969 2749 continentis
986 2682 1138 2767 regione,
1156 2702 1240 2763 quac
1253 2682 1431 2748 Siamensis
1442 2684 1566 2765 hodie,
1720 2716 1721 2747 l

388 2814 463 2877 pars
484 2795 583 2877 olim,
608 2811 646 2861 ut
664 2795 815 2861 nonnulli
831 2810 967 2878 putant,
992 2814 1106 2859 aureae
1120 2794 1317 2861 Chersonesi
1331 2793 1436 2878 fuit,)
1455 2794 1568 2859 utba·
1720 2774 1721 2779 ἵ

390 2921 540 2972 tavorum
565 2907 763 2987 amicitiam,
787 2926 884 2989 quam
908 2906 956 2971 illi
980 2906 1166 2971 avidissime
1191 2920 1281 2971 erant
1302 2906 1467 2988 amplexi,
1491 2925 1568 2971 sus·

390 3033 518 3099 pectam
542 3017 843 3084 insimulationibus
867 3016 1033 3098 facerent,
1059 3016 1211 3082 invalidis
1233 3018 1298 3102 jam
1324 3017 1565 3083 Lusitanorum
1720 3082 1721 3093 ἶ

390 3127 566 3195 mendaciis
599 3144 630 3193 et
653 3128 732 3195 satis
764 3128 836 3211 ipso
859 3144 1006 3211 tempore
1027 3128 1212 3208 convictis,
1237 3129 1331 3213 cujus
1355 3128 1455 3193 liliam
1479 3129 1569 3194 veri·

388 3253 486 3304 tatem
516 3259 582 3305 non
610 3239 771 3306 immerito
800 3238 927 3322 antiqui
951 3239 1072 3305 dixere.
1115 3240 1186 3324 Jam
1207 3259 1287 3305 vero
1310 3260 1349 3304 ex
1372 3239 1450 3321 his,
1478 3260 1565 3321 quae

389 3348 520 3415 fortuna
543 3352 682 3433 quadam
702 3351 799 3416 celari
820 3353 884 3417 non
906 3364 1109 3433 potuerunt,
1130 3370 1226 3432 quam
1238 3351 1340 3415 multa
1352 3370 1422 3416 esse
1434 3351 1566 3435 colligi—

390 3481 484 3541 mus,
508 3481 592 3543 quae
616 3462 649 3527 in
667 3461 819 3527 notitiam
840 3461 988 3527 nondum
1009 3460 1249 3543 pervenerint?

243 3583 323 3629 Arne·
341 3583 375 3629 11·
432 3572 566 3637 Nemini
589 3573 690 3658 igitur
711 3572 828 3638 mirum
852 3571 958 3639 videri
982 3573 1102 3651 debet,
1127 3572 1154 3637 si
1178 3590 1251 3636 curn
1276 3570 1329 3636 his
1351 3569 1567 3640 calu'mniisa

387 3683 494 3767 pretio
526 3685 656 3766 pondus
694 3685 883 3765 accederet,
916 3686 1028 3751 hostes
1058 3683 1190 3749 batavis
1222 3698 1253 3747 et
1281 3682 1389 3748 sicarii
1418 3702 1436 3747 e
1466 3686 1567 3751 turba

388 3812 446 3862 aut
473 3796 607 3879 decepta
640 3796 815 3861 autetiam
838 3794 945 3861 venali
968 3794 1119 3861 submitti
1142 3809 1330 3877 potuerunt.
1375 3794 1454 3880 Quo
1475 3794 1565 3862 sacto

387 3928 453 3973 non
474 3928 563 3974 suam
584 3907 682 3973 modo
703 3906 846 3990 quietem
865 3906 1017 3973 Lusitani
1040 3921 1072 3972 et
1094 3906 1289 3971 Batavorum
1310 3924 1434 3988 poenas
1454 3908 1564 3973 lucra-

387 4022 527 4102 bantur,
560 4020 618 4086 sed
646 4034 763 4085 cuncta
791 4017 888 4083 simul
912 4018 1016 4083 caecis
1037 4017 1212 4082 turbabant
1232 4016 1500 4100 suspicionibus,
1525 4034 1565 4085 ut

388 4132 502 4199 batavi
525 4154 565 4197 ex
593 4151 772 4215 paucorum
805 4128 1011 4211 improbitate
1040 4129 1225 4194 aestimatas
1258 4144 1369 4212 gentes
1392 4127 1563 4214 fugerent:

387 4245 431 4311 ita
459 4260 497 4310 ut
524 4242 607 4308 nihil
634 4242 772 4325 propius
798 4240 923 4305 factum
953 4239 1018 4322 sit,
1043 4260 1139 4322 quam
1162 4255 1199 4306 ut
1220 4239 1291 4304 istis
1313 4239 1564 4309 difficultatibus
1720 4282 1721 4349 ,

386 4356 497 4421 Indica
529 4354 684 4421 mercatio
717 4352 750 4417 in
784 4366 978 4435 perpetuum
1013 4350 1282 4433 desponderetur.
1329 4350 1441 4417 Primo
1476 4354 1562 4418 enim
1720 4356 1721 4409 l

226 4476 296 4523 Anno
311 4483 370 4534 1⁵9⁶·
384 4469 525 4550 appulsu
550 4467 746 4533 Batavorum
776 4464 808 4529 in
835 4464 949 4548 Javam
969 4462 1147 4543 Lusitani,
1166 4482 1241 4530 cum
1262 4480 1296 4527 se
1314 4464 1419 4545 palam
1440 4464 1563 4531 amicos
1720 4516 1721 4527 ς
