3450 5434
577 663 625 710 ns
647 662 741 729 Junr.
766 661 953 710 nnnsunu.
979 661 1059 707 cna.
1083 663 1162 710 xrrr.
1392 650 1455 726 285

285 835 324 879 ex
347 816 445 881 altera
479 815 693 897 Pausaniam,
727 815 917 897 Neronem,
953 816 1115 882 Falerium
1139 815 1322 900 Principes.
1369 818 1456 905 Quis

285 946 350 992 non
373 929 436 993 hos
458 926 570 1009 potius
595 946 692 1008 quam
717 926 791 992 illos
815 926 953 993 rebelles
976 927 1122 993 dixerit?
1155 929 1277 994 Multis
1301 929 1454 1009 inlotis,

285 1036 396 1118 inquit
419 1037 599 1120 Cajetanus
622 1040 655 1117 ¹,
677 1052 801 1101 statuta
823 1052 901 1103 sunt
924 1039 1024 1118 talia,
1048 1055 1085 1104 ut
1106 1059 1199 1123 reges
1223 1043 1294 1106 solo
1326 1041 1456 1106 nomine

284 1149 351 1214 sint
373 1167 484 1232 reges3
508 1163 541 1212 et
558 1151 653 1233 juxta
675 1149 854 1213 Proculum
877 1148 890 1183 ²
913 1168 980 1215 non
1004 1169 1244 1232 usquequaque
1277 1151 1360 1216 liber
1386 1171 1455 1217 esse

285 1259 409 1323 desinit
427 1260 591 1341 populus,
616 1258 674 1340 qui
699 1259 899 1341 superiorem
923 1260 1034 1325 babet.
1080 1261 1238 1342 Idemque
1261 1261 1357 1326 multi
1377 1261 1456 1326 alii³

284 1383 455 1435 testantur.
501 1370 602 1455 Quod
634 1369 662 1435 si
691 1370 791 1434 dubia
821 1369 865 1435 sit
896 1370 1029 1437 omnino
1061 1391 1181 1451 causa,
1209 1391 1276 1438 non
1301 1391 1455 1456 negamus

282 1481 422 1563 priorem
462 1480 550 1545 bono
584 1479 650 1544 civi
686 1499 756 1546 esse
782 1480 913 1566 'debere
952 1481 1116 1565 Principis
1158 1502 1256 1564 quarn
1292 1481 1455 1549 inferioris

282 1591 511 1674 cujuscunque
552 1591 760 1675 magistratus
801 1592 1048 1658 auctoritatem:
1092 1594 1149 1659 sed
1183 1594 1293 1659 eadem
1330 1594 1455 1660 ratione

284 1700 387 1766 totius
418 1700 618 1784 reipublicae
648 1721 832 1768 consensus
863 1704 940 1785 plus
973 1703 1061 1786 apud
1095 1703 1211 1784 illum,
1236 1725 1334 1786 quam
1355 1705 1454 1770 unius

285 1812 446 1894 Principis
469 1813 623 1878 voluntas
644 1812 789 1893 valebit,
814 1833 888 1878 cum
913 1815 1013 1899 hujus
1036 1829 1182 1898 potestas
1209 1835 1226 1880 a
1255 1817 1454 1899 reipublicae

285 1938 448 2007 potestate
469 1924 635 1990 derivetur
649 1925 671 1988 ⁴.
696 1924 854 1990 Similiter
875 1940 998 2007 quanto
1018 1927 1145 2011 legum,
1166 1946 1264 2007 quam
1284 1928 1454 1993 hominum

284 2034 445 2099 sanctiora
478 2049 510 2099 et
542 2033 783 2118 incorruptiora
816 2049 894 2100 sunt
926 2035 1084 2118 imperia,
1116 2051 1208 2103 tanto
1241 2057 1381 2119 aequum
1406 2054 1473 2110 est

284 2145 425 2228 priorem
448 2145 560 2211 haberi
584 2147 693 2230 legum
716 2146 917 2228 patriarum,
943 2167 1040 2228 quam
1065 2146 1226 2230 Principis
1249 2149 1408 2214 rationem
1432 2153 1454 2214 ⁵.

285 2257 386 2342 Quod
418 2257 445 2323 si
475 2257 540 2340 jam
573 2259 721 2323 resoluto
753 2256 940 2340 principatu
972 2259 1154 2324 constituta
1184 2258 1228 2324 sit
1255 2260 1455 2342 reipublicae

284 2366 409 2447 forma,
434 2367 516 2450 quid
538 2367 571 2433 in
595 2369 750 2452 ambiguo
774 2368 869 2449 sequi
891 2369 1007 2434 debeat
1027 2369 1109 2435 civis
1117 2371 1191 2453 jura
1201 2371 1454 2449 monstrabunt,

285 2499 368 2561 quae
388 2479 549 2544 vindicias
573 2479 752 2544 decernunt
773 2499 833 2561 pro
857 2479 1007 2545 libertate
1027 2478 1058 2545 ⁸:
1083 2494 1116 2544 et
1138 2480 1254 2546 merito
1278 2501 1351 2547 cum
1376 2481 1454 2544 haec

284 2604 437 2655 anatura
469 2590 534 2669 sit,
567 2589 737 2671 imperium
761 2609 779 2653 a
802 2587 888 2654 sacto
921 2590 1064 2656 hominis
1090 2590 1113 2655 ⁷.
1165 2591 1228 2657 Pro
1259 2590 1311 2656 his
1343 2606 1609 2668 autemusupm.

284 2720 368 2782 quae
389 2715 503 2765 natura
526 2715 604 2765 sunt
625 2698 719 2781 favor
740 2713 804 2765 stat
826 2713 859 2763 et
880 2699 1091 2782 praesumtio.
1138 2701 1183 2766 Et
1205 2701 1268 2764 hoc
1292 2717 1341 2767 est
1360 2702 1452 2782 quod
1466 2661 1613 2760 Zilct‘fmtst.

283 2811 480 2894 posteriores
511 2810 656 2894 magistri
676 2815 688 2851 ⁸
707 2809 930 2892 tradiderunt,
963 2810 1106 2878 subditis
1129 2810 1169 2876 de
1192 2830 1253 2876 suo
1277 2827 1364 2878 statu
1387 2779 1538 2877 liti-‘mc'
1554 2771 1598 2812 Μ’

285 2922 437 3005 gantibus
459 2922 587 2986 nullum
611 2920 742 2985 interim
764 2920 1001 3005 praejudicium
1015 2919 1220 2986 inferendum
1233 2923 1455 2987 contraliber-

283 3046 396 3097 tatem.
442 3032 545 3117 Quod
577 3031 715 3097 maxime
748 3051 863 3096 verum
900 3046 948 3098 est
982 3031 1014 3098 in
1048 3032 1198 3098 libertate
1229 3051 1295 3098 non
1332 3033 1454 3098 enormi

282 3162 389 3224 neque
413 3142 568 3222 effraeni,
593 3162 677 3223 quae
699 3142 831 3206 licentia
849 3141 961 3207 verius
983 3142 1124 3222 dicitur,
1149 3144 1261 3210 sedin
1283 3163 1322 3208 eo
1345 3157 1453 3223 statu,

283 3254 342 3334 qui
375 3252 614 3335 praefectorum
648 3254 742 3334 quasi
777 3253 987 3336 principatu,
1031 3273 1203 3336 procerum
1237 3253 1454 3334 auctoritate,

283 3364 405 3429 civium
430 3362 659 3429 benevolentia
683 3363 840 3428 firmatur.
887 3363 933 3428 Et
954 3362 1031 3429 haec
1054 3364 1186 3446 quidem
1211 3364 1243 3430 in
1265 3365 1453 3431 universum

282 3474 370 3540 dicta
393 3475 433 3539 ad
455 3487 681 3558 argumentum
706 3489 854 3540 nostrum
880 3474 977 3541 facile
1001 3475 1112 3558 quivis
1136 3475 1325 3558 applicabit.
1373 3477 1455 3541 Cae-

283 3600 387 3651 terum
421 3584 582 3650 Ordinum
616 3604 714 3650 causa
745 3602 915 3668 propterea
946 3606 1082 3667 quoque
1117 3587 1180 3669 piis
1205 3587 1336 3652 civibus
1359 3587 1456 3652 debet

283 3716 352 3764 esse
375 3697 653 3778 commendatior,
689 3696 817 3778 quoda
836 3697 1044 3779 Principibus
1073 3695 1137 3761 fere
1161 3697 1314 3764 omnibus
1338 3697 1456 3764 vicinis

281 3903 476 3912 u——————

320 4026 327 4057 ¹
345 4029 378 4076 ad
396 4032 488 4075 summ.
506 4029 598 4075 Thom.
617 4041 641 4076 a.
660 4043 684 4076 a.
702 4042 743 4089 40.
765 4043 786 4077 r.
820 4027 830 4060 ¹
848 4032 865 4077 l.
884 4043 935 4078 non
953 4030 1051 4078 dubito.
1070 4032 1096 4077 lt.
1114 4033 1145 4078 de
1166 4043 1234 4091 capt.
1254 4027 1297 4092 [D.
1315 4044 1357 4092 49.
1369 4031 1452 4094 15.7.]

283 4117 294 4151 ³
319 4119 395 4177 Vasq.
420 4132 443 4165 c.
467 4131 491 4175 3.
516 4132 541 4166 n.
567 4132 590 4175 3.
616 4133 638 4167 c.
667 4132 707 4176 23.
729 4133 755 4166 n.
782 4132 805 4175 3.
829 4133 854 4168 c.
877 4133 919 4180 47.
946 4134 970 4168 n.
994 4135 1018 4182 9.
1037 4132 1061 4168 ct
1081 4134 1133 4180 seq.
1167 4119 1272 4181 ⁴Vasq.
1288 4135 1312 4168 c.
1334 4135 1354 4168 1.
1372 4135 1396 4170 n.
1418 4136 1456 4171 11.

282 4208 293 4239 ⁸
311 4210 380 4256 Idem
398 4222 421 4257 c.
438 4223 480 4268 4¹·
498 4223 522 4257 n.
541 4210 573 4257 26
588 4222 613 4257 et
630 4223 669 4266 27.
688 4209 755 4258 Vict.
774 4213 805 4259 de
822 4223 877 4270 pot.
896 4224 976 4271 papae
995 4223 1019 4259 et
1038 4225 1112 4260 conc.
1130 4225 1155 4260 n.
1175 4225 1205 4268 23
1223 4212 1250 4260 in
1261 4209 1320 4260 fine.
1355 4211 1366 4242 ⁶
1385 4216 1401 4260 1.
1412 4214 1456 4261 lite

283 4298 406 4346 ordinata.
422 4301 453 4347 C.
472 4301 503 4348 dc
522 4301 567 4348 lib.
586 4314 668 4349 causa.
689 4301 731 4362 [C.
750 4313 773 4358 7.
795 4302 832 4349 16.
855 4301 906 4366 14.]
926 4303 1015 4350 Livius
1033 4303 1078 4348 lib.
1098 4315 1121 4359 3.
1140 4316 1164 4349 c.
1182 4316 1216 4363 44
1233 4316 1289 4363 sqq.
1307 4303 1332 4350 in
1351 4303 1456 4352 historia

282 4389 419 4449 Virginiae.
454 4389 543 4438 ⁷lnst.
568 4392 600 4438 de
623 4389 678 4446 jure
703 4392 811 4439 naturali
836 4396 858 4450 §-
883 4406 905 4439 2.
924 4393 978 4452 ibi,
996 4391 1051 4448 jure
1070 4393 1145 4440 eninr.
1166 4393 1198 4453 [l.
1220 4407 1241 4440 1.
1259 4393 1295 4453 a]
1331 4392 1412 4442 ⁸1tat.
1430 4393 1456 4442 in

282 4483 300 4527 l.
318 4493 375 4528 cum
393 4481 495 4540 aliquis.
514 4479 648 4528 adfinem.
667 4482 696 4528 C.
715 4480 820 4538 dejure
839 4483 917 4530 dclib.
937 4481 981 4546 [C.
1000 4483 1023 4530 ⁶.
1043 4497 1081 4541 3ο.
1103 4481 1155 4544 aa]
