3450 5434
498 649 546 698 DE
568 650 662 717 June
686 652 869 702 annuunt·
892 650 974 702 cle.
998 652 1080 703 vlu.
1328 655 1390 720 105

217 820 258 870 ex
280 802 367 869 iacto
386 802 470 872 civis
490 811 521 889 ¹,
544 825 611 873 non
634 806 768 889 quidem
788 806 1004 892 simpliciter,
1027 808 1086 874 sed
1107 807 1136 874 si
1157 806 1227 891 ipsa
1246 808 1302 894 jus
1321 827 1388 875 non

216 914 346 994 reddam
377 916 423 983 ita
451 915 537 983 enim
569 917 659 984 litem
688 916 770 984 facit
796 938 909 986 suam:
941 938 1013 985 nam
1043 934 1076 985 et
1108 933 1214 986 ratum
1238 920 1389 988 habendo

215 1042 283 1092 non
322 1026 432 1094 minus
465 1048 564 1111 quam
598 1028 781 1096 mandando
815 1029 1000 1115 obligamur
1033 1028 1058 1095 ².
1110 1030 1186 1117 Qua
1218 1029 1259 1096 de
1292 1051 1389 1097 causa

216 1136 351 1221 Scyrius
373 1138 451 1205 olim
474 1140 516 1205 ab
546 1139 850 1225 Amphictyonibus
876 1141 1043 1208 damnatos
1073 1141 1214 1225 legimus
1234 1150 1269 1223 ¹,
1303 1162 1389 1225 quo-

215 1269 289 1315 rum
310 1250 463 1317 nonnulli
483 1250 616 1334 impune
635 1250 806 1334 piraticam
825 1266 1049 1318 exercuerant.
1073 1252 1145 1317 Hac
1166 1252 1262 1319 etiam
1281 1251 1389 1336 specie

215 1360 334 1429 civitas
360 1380 427 1428 non
454 1364 561 1429 alieno
591 1382 632 1429 ex
662 1361 752 1429 facto
775 1362 966 1447 simpliciter
988 1362 1174 1447 obligatur,
1196 1383 1271 1429 cum
1292 1382 1389 1429 suurn

216 1473 369 1553 accedat,
391 1490 459 1540 non
481 1475 580 1541 modo
603 1474 682 1557 quia
701 1474 757 1560 ius
778 1493 878 1540 suum
900 1473 1057 1555 consequi
1078 1475 1215 1540 alterum
1234 1474 1388 1557 impedit,

216 1600 330 1649 verum
362 1584 458 1652 etiam
489 1584 568 1667 quia
596 1597 710 1669 peccat
742 1584 898 1651 adversus
932 1583 1075 1651 officium
1108 1602 1203 1649 suum
1233 1603 1273 1649 ex
1302 1602 1389 1651 nona

215 1697 352 1780 regula,
376 1714 461 1779 quae
491 1695 634 1763 externis
660 1714 727 1762 non
757 1695 867 1763 minus
890 1714 987 1778 quam
1010 1694 1141 1763 civibus
1157 1694 1282 1780 judicia
1299 1696 1389 1780 justa

215 1804 379 1872 reddenda
405 1806 540 1874 indicat.
588 1808 727 1873 Certum
752 1820 862 1873 autem
890 1821 939 1872 est
970 1825 1045 1873 eum
1068 1806 1211 1888 quinon
1234 1806 1390 1889 prohibet

216 1915 271 1999 id,
295 1916 388 1999 quod
413 1917 588 2001 prohibere
613 1932 647 1982 et
674 1930 785 2001 potest
811 1931 846 1983 et
876 1917 995 1999 debet,
1030 1916 1073 1985 ad
1091 1917 1127 1984 id
1146 1917 1237 2001 quod
1255 1916 1390 1985 interest

214 2028 329 2094 teneri·
373 2028 422 2094 Et
448 2029 513 2095 hoc
540 2047 616 2095 cum
645 2028 680 2093 in
709 2027 829 2094 debitis
856 2027 992 2094 caeteris
1023 2042 1146 2094 tumet
1168 2027 1202 2094 in
1224 2028 1390 2112 poenariis

213 2139 324 2207 locum
346 2138 456 2206 habet
500 2138 579 2227 Quo
598 2154 632 2205 et
652 2138 824 2206 Hesiodus
844 2139 859 2180 ⁴
881 2137 1035 2222 respicit:

360 2251 490 2321 πολλάκι
511 2252 564 2320 κού
585 2252 734 2333 Rimata
746 2252 839 2326 ,πόλις
861 2254 954 2320 κοικοῦ
974 2254 1071 2335 ἀνδρὸς
1092 2252 1223 2335 innupti.

368 2360 473 2447 Saepe
495 2358 562 2426 luit
579 2358 723 2447 populus
741 2374 865 2447 poenas
888 2363 987 2427 unius
1010 2364 1133 2447 iniqui.

255 2472 359 2561 Quod
388 2471 517 2557 egregie
547 2469 684 2537 Procius
715 2470 874 2553 explicat:
904 2476 942 2547 ὡς
959 2474 1021 2553 ἐξὸν
1038 2475 1158 2543 κωλύειν
1175 2476 1217 2557 μὶν
1236 2476 1388 2545 κολύοοοοο

211 2588 265 2664 τὴν
285 2590 338 2654 τοῦ
358 2587 417 2659 ἑνὸς
439 2585 591 2666 πονηρίαν,
614 2584 697 2668 quia
716 2585 932 2650 civitatatem
956 2582 1135 2668 prohibere
1157 2587 1263 2670 possit
1287 2589 1385 2651 unius

215 2694 385 2760 malitiam
403 2712 467 2757 ιιονι
484 2692 665 2780 prohibet,
688 2691 845 2776 additque
867 2693 1012 2773 exempla
1033 2691 1122 2775 du0,
1146 2695 1281 2760 alterum
1303 2688 1387 2762 illud

214 2804 307 2887 quod
328 2820 361 2871 et
382 2803 544 2871 Horatius
558 2803 731 2870 annotavit
747 2822 789 2869 ex
807 2802 904 2868 initio
922 2801 1043 2868 Iliados
1062 2803 1103 2868 de
1120 2804 1387 2887 Agamemnone,

211 2918 350 2983 alterum
371 2934 452 2983 vero
473 2914 514 2981 de
534 2914 736 2981 Graecorum
757 2915 859 2980 classe
883 2925 998 2979 exusta
1017 2914 1052 2976 ⁸:

409 3025 518 3091 Unius
545 3025 583 3091 ob
602 3046 724 3091 noxam
746 3038 779 3091 οι
800 3024 921 3109 furias
950 3020 1069 3110 tly'acis
1096 3021 1197 3091 Oilei.

255 3136 345 3225 Quia
372 3135 500 3203 scilicet
528 3138 673 3221 populus
701 3154 769 3203 non
791 3135 1049 3218 demonstrarat,
1079 3133 1212 3221 indigne
1238 3154 1273 3203 se
1301 3134 1386 3204 ferre

211 3249 342 3316 illorum
365 3248 499 3334 flagitia.
533 3247 623 3313 Hinc
645 3246 858 3332 expiationes.
893 3246 961 3314 Sed
980 3266 1042 3315 nos
1062 3247 1162 3314 sacris
1182 3245 1216 3313 in
1238 3247 1384 3314 litteris·

211 3374 400 3445 argumenta
426 3360 585 3426 habemus
608 3358 784 3425 admodum
806 3357 948 3425 illustria
973 3357 1047 3425 Deo
1077 3360 1141 3425 hoc
1173 3360 1324 3443 placere,
1347 3374 1387 3427 ut

211 3472 373 3557 impunita
395 3472 601 3557 singulorum
621 3484 755 3555 peccata
772 3491 791 3535 a
809 3471 934 3553 populo
953 3472 1095 3537 luuntur.
1124 3469 1301 3537 Rationem
1313 3472 1385 3537 red·

210 3582 262 3649 dit
280 3583 453 3667 Agapetus
472 3590 485 3631 ²
504 3582 538 3649 in
558 3581 767 3649 Paraenetico
788 3580 828 3646 ad
843 3579 1085 3666 Justinianum:
1106 3584 1165 3650 ἴσον
1181 3586 1222 3667 τῷ
1242 3599 1385 3667 anappu-

209 3706 273 3763 λεΐν
290 3698 325 3763 τὸ
345 3698 389 3778 μὴ
409 3696 528 3762 κωλύειν
546 3698 613 3769 τοὺς
632 3699 881 3776 adamantinae
909 3693 1035 3777 λογίζου.
1066 3692 1121 3761 κᾶν
1146 3692 1206 3776 γάρ
1233 3719 1278 3769 τις
1303 3712 1386 3763 πολι-

208 3808 331 3884 τεύονται
356 3809 412 3887 μὲν
436 3806 593 3887 tadhaee,
615 3806 759 3887 ύνέχητοιι
776 3807 807 3873 δὲ
825 3806 962 3886 βιούντων
988 3804 1136 3885 ailianae,
1167 3804 1300 3887 ούνεργοο
1328 3812 1385 3873 τῶν

242 4171 303 4221 ¹V.
320 4173 388 4221 Bert-
410 4173 443 4222 ἀι
466 4184 574 4233 reprett.
596 4184 621 4233 q.
638 4184 663 4232 4.
679 4184 707 4221 n.
727 4182 766 4228 ιο.
799 4168 851 4219 ¹c.
869 4168 995 4221 dominus.
1014 4169 1100 4233 [Deae.
1118 4168 1187 4219 Grat.
1203 4182 1231 4229 p.
1249 4180 1272 4217 a.
1292 4179 1332 4225 25·
1358 4180 1382 4217 a.

208 4262 246 4328 4.]
265 4265 372 4314 covarr.
388 4262 416 4312 ln
433 4276 485 4324 reg.
501 4274 575 4324 pecc.
596 4276 623 4311 ιι.
648 4275 687 4311 ιο.
705 4262 797 4311 Tuom.
814 4275 838 4309 a.
857 4274 881 4309 t.
899 4274 924 4321 q.
942 4261 983 4310 ⁶2.
1001 4273 1046 4310 art.
1063 4271 1088 4318 7.
1106 4260 1131 4308 in
1149 4271 1216 4320 resp.
1233 4257 1294 4308 silv.
1312 4258 1338 4307 in
1356 4273 1382 4308 v.

207 4354 358 4404 Restitutio.
383 4365 408 4411 s.
430 4354 452 4416 ς.
475 4354 501 4404 d.
523 4355 718 4403 seeundumet
742 4352 792 4402 ibi:
819 4364 845 4401 et
861 4363 966 4402 octavo.
984 4352 1061 4401 Mtrt.
1077 4351 1155 4399 Laud.
1171 4364 1197 4411 q.
1217 4351 1255 4397 18.
1288 4345 1383 4398 ⁸llut.

208 4444 275 4493 citu.
300 4445 340 4507 [p.
364 4448 424 4507 48³·
448 4444 474 4494 b.
500 4443 539 4510 c.]
572 4425 675 4509 4Ὶ[οο.
700 4456 726 4493 et
751 4445 784 4494 Ι).
808 4457 847 4493 vs.
875 4442 946 4509 ο4ο.]
980 4442 1078 4505 'virg
1095 4444 1161 4491 Aen.
1179 4442 1196 4489 l.
1216 4453 1237 4491 ι.
1256 4438 1308 4503 [va.
1324 4434 1383 4505 411]

207 4531 312 4585 ‘Naum
330 4546 370 4593 ss.
389 4548 523 4599 saetae„
555 4534 726 4600 ⁷[edl’trit.
743 4550 765 4586 t.
785 4537 857 4599 1624.
874 4549 900 4598 p.
919 4535 977 4594 ³67.
995 4532 1031 4599 c.]
