3450 5434
504 661 551 711 nn
574 662 669 731 Junn
695 664 877 715 nnannnn.
904 669 983 717 can.
1007 671 1069 719 vu.
1337 658 1378 739 67

202 834 343 903 genera,
385 818 608 885 voluntarium
637 820 775 886 alterum
817 824 1023 908 alterumque
1057 828 1149 893 velut
1182 827 1378 897 instrumen-

204 942 295 1012 tum,
320 949 406 1012 quos
427 930 580 997 subditos
597 929 759 1012 dicimus,
783 952 850 998 non
873 936 987 1001 eodem
1011 939 1109 1004 modo
1123 940 1179 1023 jus
1191 940 1223 1005 in
1238 954 1380 1025 utroque

202 1040 413 1107 considerari.
467 1041 555 1107 Nam
589 1041 714 1108 subditi
750 1059 914 1124 quatenus
947 1048 1071 1114 subditi
1103 1065 1181 1115 sunt
1208 1051 1281 1135 jure
1313 1071 1380 1119 non

203 1166 343 1218 utuntur
372 1151 586 1236 simpliciter,
631 1152 691 1220 sed
721 1174 780 1235 per
803 1155 976 1236 quamdam
1009 1160 1306 1244 comparationem,
1341 1176 1380 1228 ut

202 1262 390 1331 scholastici
424 1263 651 1347 prodiderunt.
697 1262 833 1347 Proprie
864 1281 974 1333 autem
1005 1270 1060 1354 Jus
1092 1289 1205 1337 eorum
1240 1287 1289 1339 est
1320 1272 1381 1355 qui

201 1374 388 1441 voluntarie
409 1391 511 1459 agunt
531 1379 553 1441 ¹.
580 1374 631 1440 Ut
648 1390 757 1442 autem
773 1376 829 1459 Jus
850 1377 916 1457 sit,
941 1396 1074 1447 necesse
1099 1395 1150 1447 est
1171 1382 1376 1449 voluntatem

204 1486 246 1551 ab
274 1486 530 1571 apprehensione
560 1485 683 1568 animi,
719 1487 1011 1571 apprehensionem
1031 1491 1128 1556 animi
1148 1492 1188 1557 ab
1209 1492 1278 1576 ipsa
1300 1494 1378 1560 oriri

202 1598 351 1665 veritate.
394 1597 516 1680 Neque
537 1596 622 1663 eninr
646 1596 766 1664 frustra
787 1599 890 1682 legem
913 1614 1033 1665 rectam
1054 1602 1300 1670 esse.rati011em
1322 1624 1380 1671 ve-

203 1722 287 1774 teres
307 1706 539 1775 definiverunt.
584 1708 710 1774 Mcrito
729 1723 837 1776 autem
850 1708 1089 1777 admonentur²
1102 1712 1161 1794 hi,
1185 1714 1243 1795 qui
1256 1715 1378 1782 bellurn

200 1820 341 1903 J'ubent,
374 1838 417 1885 ne
446 1819 597 1885 ultimum
632 1820 716 1886 illud
748 1820 951 1886 necessitatis
986 1823 1086 1888 telum
1111 1836 1292 1907 usurpent,
1316 1825 1380 1890 nisi

200 1932 309 2016 justae
327 1930 457 1997 subsint
477 1950 605 1996 causae.
653 1929 771 1997 Cicero
793 1928 823 1995 ⁸:
846 1931 911 1997 illa
930 1932 1018 1997 bella
1029 1935 1159 2018 injusta
1171 1947 1270 2015 sunt,
1295 1954 1381 2020 quae

202 2055 283 2106 sunt
303 2044 375 2107 sinc
394 2062 499 2106 causa
520 2055 683 2127 suscepta.
726 2042 788 2126 Jus
808 2057 917 2108 autem
934 2062 1052 2126 omne,
1076 2044 1167 2127 quod
1183 2044 1380 2111 nobiscom·

203 2152 301 2235 petit,
323 2152 366 2218 ad
377 2166 521 2235 quatuor
532 2154 620 2237 leges
633 2151 744 2218 referri
754 2167 876 2237 potest,
888 2154 1048 2237 primam,
1061 2156 1234 2221 secundam
1247 2202 1260 2237 ,
1283 2156 1380 2239 quin·

202 2276 268 2329 tam
292 2278 325 2331 et
346 2278 482 2330 sextam.
526 2263 614 2329 Nam
638 2264 734 2329 tertia
755 2278 788 2329 et
810 2280 950 2347 quarta,
974 2266 1002 2332 si
1023 2265 1198 2332 adbonum
1210 2265 1379 2353 proprium

203 2374 436 2455 invertuntur,
471 2394 490 2441 a
518 2374 623 2458 prima
655 2390 688 2441 et
717 2376 860 2441 secunda
878 2375 963 2442 nihil
994 2376 1199 2460 discrepant,
1234 2376 1381 2445 terminis

203 2484 365 2550 duntaxat
394 2486 615 2553 commutatis.
660 2486 806 2570 Septima
834 2502 942 2554 autem
978 2502 1010 2553 et
1039 2503 1182 2555 caeterae
1203 2508 1316 2555 omnes
1338 2489 1380 2555 ad

201 2598 306 2681 legem
340 2611 464 2662 sextam
496 2596 703 2680 referuntur,
728 2598 927 2664 adminiculo
949 2599 1079 2665 scilicet
1099 2601 1229 2685 regulae
1250 2600 1377 2667 tertiae.

201 2707 328 2773 Bellum
362 2706 463 2793 igitur
485 2728 580 2775 omne
603 2724 745 2791 quatuor
765 2728 934 2775 causarum
954 2710 1123 2793 exaliqua
1143 2710 1222 2775 oriri
1244 2730 1378 2778 necesse

202 2832 265 2886 est.
308 2819 417 2885 Prima
437 2834 487 2887 est
505 2820 558 2887 sui
579 2818 750 2901 defensi0,
774 2839 814 2885 ex
837 2821 908 2904 lege
931 2820 1047 2903 prima.
1083 2818 1169 2885 Nam
1183 2834 1221 2885 ut
1234 2819 1378 2886 Cicero*

201 2928 335 3013 inquit,
358 2929 449 2996 illud
457 2944 505 2996 est
516 2952 580 2996 non
590 2930 681 2997 modo
693 2932 843 3017 justum,
866 2930 925 2995 sed
934 2934 1036 2995 ctiam
1049 2932 1269 2996 necessarium
1280 2978 1291 3012 ,
1304 2952 1378 2997 cum

201 3044 238 3108 νι·
255 3045 306 3110 vis
336 3042 441 3108 illata
473 3040 682 3127 Μαιῶται.
730 3043 777 3108 Et
807 3045 910 3109 multa
943 3056 1021 3107 sunt
1055 3042 1144 3125 apud
1175 3056 1323 3110 auctores
1344 3041 1379 3109 in

203 3152 487 3219 eamsententiam.
531 3153 645 3220 Altera
674 3168 723 3220 est
743 3155 873 3221 obrem
895 3173 987 3219 suam
1000 3200 1011 3235 ,
1025 3174 1065 3219 ex
1087 3155 1159 3247 lege
1180 3153 1325 3220 secunda
1347 3166 1377 3217 ⁸:

203 3264 291 3330 unde
314 3284 380 3330 non
402 3264 551 3331 resistere
571 3265 729 3331 duntaxat
751 3264 850 3346 licet,
874 3284 989 3329 verum
1013 3264 1110 3329 etiam
1133 3261 1284 3350 dejicere.
1308 3264 1377 3332 Res

203 3390 310 3441 autem
341 3375 551 3461 intelligenda
585 3391 634 3443 est
666 3395 733 3443 non
757 3390 883 3441 tentum
908 3374 1106 3459 corporalis,
1130 3374 1187 3441 sed
1207 3375 1262 3459 jus
1282 3374 1377 3440 etiam
1475 3450 1478 3456 ,

202 3504 298 3552 omne
338 3500 437 3570 atque
469 3487 550 3553 adeo
573 3487 659 3552 bona
682 3485 789 3568 fama,
824 3505 909 3569 quae
932 3485 1028 3552 bonis
1048 3488 1122 3571 jure
1144 3486 1278 3570 propria
1302 3500 1376 3567 est,

204 3617 337 3680 quaque
367 3596 499 3682 spoliari
530 3598 663 3664 minime
694 3597 824 3664 debent.
875 3596 1013 3681 Tertia,
1046 3618 1129 3679 quae
1163 3616 1182 3663 a
1212 3596 1378 3682 plerisque

203 3707 324 3776 omissa
346 3723 419 3788 est,
453 3709 496 3775 ob
524 3708 671 3774 debitum
695 3728 735 3774 ex
757 3723 928 3774 contractu
951 3722 1009 3774 aut
1028 3707 1127 3774 simili
1148 3707 1286 3775 ratione.
1312 3708 1378 3774 Sed

203 3817 325 3885 idcirco
347 3820 555 3903 praeteritum
577 3822 640 3886 hoc
663 3835 745 3903 puto
769 3840 788 3885 a
809 3819 1001 3903 nonnullis,
1026 3819 1104 3902 quia
1127 3833 1160 3886 et
1179 3821 1271 3904 quod
1282 3819 1378 3887 nobis

200 4030 397 4045 -ᾞ

236 4196 246 4231 ¹
264 4199 344 4247 Arist.
362 4202 395 4249 de
418 4213 482 4250 mor.
505 4203 537 4252 ad
562 4199 665 4252 Nicom.
683 4204 701 4249 l.
721 4212 743 4258 ⁵·
762 4214 786 4249 c.
810 4214 848 4249 ιο.
869 4198 906 4265 [p.
928 4212 1000 4258 1135·
1022 4214 1043 4249 ι.
1061 4214 1098 4251 vs.
1119 4199 1171 4263 ts.]
1190 4200 1252 4248 Inst.
1270 4199 1302 4246 de
1318 4194 1378 4254 jtut.

202 4300 233 4336 et
245 4284 310 4345 iure.
332 4289 359 4337 ln
381 4304 422 4352 pr.
446 4291 480 4353 [l.
501 4305 520 4340 ι.
542 4290 577 4355 ι.]
613 4288 700 4341 ’Pam
718 4292 744 4341 in
762 4306 786 4341 c.
804 4291 880 4341 sicut.
896 4293 928 4341 de
944 4290 1049 4350 iureiur.
1069 4291 1208 4353 [Decretal.
1226 4302 1248 4337 2.
1266 4302 1305 4348 24.
1323 4286 1375 4351 ap]

200 4391 228 4427 ιι.
247 4392 287 4427 ra.
304 4380 372 4429 vict.
393 4382 426 4430 de
448 4379 504 4439 iure
527 4382 598 4431 belli.
621 4396 647 4431 n.
671 4395 712 4431 ιι.
744 4380 756 4415 ⁸
774 4384 805 4431 de
823 4395 877 4443 rep.
895 4385 912 4431 l.
931 4395 954 4441 ³·
972 4382 1008 4445 [c.
1027 4394 1067 4439 2³·
1085 4382 1106 4443 §.
1126 4379 1175 4444 18.]
1195 4394 1236 4440 ap.
1253 4379 1378 4429 Isidorum

205 4467 289 4534 [orig.
306 4473 323 4520 l.
344 4474 382 4521 18.
401 4486 425 4521 c·
444 4472 478 4535 ι.]
512 4470 604 4535 ⁴[pro
623 4472 723 4522 Milone
741 4476 837 4534 ΜΛ.
853 4472 890 4537 9.]
926 4470 972 4521 ⁸1.
994 4484 1017 4529 3.
1030 4476 1052 4532 ξ.
1070 4483 1126 4520 cnm
1139 4471 1224 4532 igitur.
1239 4469 1306 4519 lhde
1316 4469 1342 4519 vi
1353 4482 1377 4518 et

203 4559 232 4609 vi
250 4574 350 4610 armata.
369 4563 414 4626 [D.
425 4576 467 4625 43.
488 4563 526 4612 16.
539 4564 599 4625 Μ
615 4563 651 4625 9.]
670 4577 694 4612 c.
711 4562 815 4620 justum.
834 4561 923 4627 [Dect.
942 4564 1009 4612 Grat.
1025 4576 1051 4622 p.
1068 4575 1091 4610 a.
1108 4574 1148 4619 aa.
1166 4576 1189 4610 a.
1209 4558 1242 4625 ι.]

1211 4651 1249 4731 5*
