3450 5434
678 631 725 678 DE
748 630 840 698 JURE
866 628 1050 677 PRAEDAE.
1075 630 1156 677 ΟΔΡ.
1178 629 1218 676 11.

748 789 848 855 δίκαιοι
870 789 983 867 δ’ἕσμὲν
999 790 1138 860 οἰκοῦντες
1155 787 1238 854 πόλιν

529 899 611 967 αὐτοὶ
633 901 802 972 uui’ottiroitc
822 899 921 982 coptu
942 902 1061 981 κραίνειν
1083 899 1165 971 alm
1186 899 1210 961 ¹.

536 1009 607 1072 Nos
631 1021 791 1094 quotquot
814 1009 913 1094 hujus
936 1007 1071 1073 colimus
1095 1006 1188 1071 urbis
1211 1009 1338 1070 moenia

533 1118 689 1184 Volumus
712 1123 776 1205 ipsi
800 1133 917 1184 nostra
931 1118 1069 1205 judicia
1090 1120 1234 1203 exsequi.

402 1229 487 1295 Nam
509 1249 584 1296 sane
595 1250 690 1315 supra
700 1230 955 1314 rempublicam,
979 1250 1063 1313 quae
1075 1244 1125 1296 est
1135 1249 1193 1312 per
1203 1248 1238 1294 se
1248 1227 1412 1295 sufficiens
1423 1231 1536 1295 multi-

357 1342 462 1423 tudo,
494 1345 598 1426 majus
629 1343 756 1408 nullum
789 1341 959 1426 imperium
983 1357 1041 1409 est.
1087 1340 1208 1423 Neque
1227 1358 1307 1405 vero
1334 1340 1535 1424 respublicae

357 1453 438 1518 aliae
460 1445 580 1519 omnes'
596 1454 771 1520 convenire
791 1468 997 1537 potuerunt,
1022 1468 1060 1519 ut
1081 1451 1274 1518 certantium
1298 1450 1382 1516 inter
1403 1471 1438 1518 se
1458 1472 1534 1518 cau-

357 1583 408 1630 sas
426 1563 613 1630 discerent.
659 1565 883 1633 Distinctione
914 1565 1015 1650 igitur
1046 1565 1156 1647 aliqua
1176 1583 1229 1629 res
1251 1560 1316 1628 fuit
1334 1563 1535 1629 concilianda

198 1688 343 1750 Regnum.
356 1675 390 1741 in
414 1676 497 1741 hanc
517 1678 684 1762 regulam:
709 1678 750 1742 Iu
759 1676 947 1763 judicando
965 1680 1098 1764 priores
1117 1680 1185 1741 sint
1202 1687 1320 1760 partes
1341 1675 1410 1760 ojus
1423 1679 1534 1762 reipu-

357 1787 484 1870 blicae,
506 1787 591 1854 uude
620 1790 753 1874 cujusve
775 1811 796 1854 a
825 1793 896 1856 ciue
920 1792 1067 1876 potitur.
1114 1785 1211 1871 Quod
1229 1790 1258 1850 si
1278 1787 1376 1870 hujus
1400 1788 1533 1874 officium

271 1973 273 1985 Ι
356 1913 478 1981 cesset,
504 1913 574 1964 tum
596 1899 805 1986 respublica,
827 1919 913 1984 quae
934 1899 1360 1987 ipsa'cujusoccioispctit,
1380 1920 1452 1962 cam
1465 1919 1533 1962 rem

347 2008 490 2096 judicet.

400 2119 519 2204 Neque
551 2141 630 2188 vero
663 2120 757 2187 aliter
788 2136 948 2188 certamen
980 2122 1064 2188 illud
1096 2119 1239 2204 expediri
1271 2119 1390 2203 potuit.
1447 2118 1532 2184 Nam

356 2252 430 2298 cum
463 2232 496 2298 in
519 2233 607 2298 omni
629 2232 686 2299 lite
710 2232 792 2299 duae
813 2233 880 2300 sint
901 2248 1030 2316 partes,
1058 2249 1147 2298 actor
1168 2248 1200 2297 et
1222 2251 1326 2312 reus,
1351 2245 1383 2296 et
1402 2250 1533 2298 necesse

357 2343 489 2411 omnino
522 2358 605 2411 esset
625 2344 725 2429 partis
748 2345 881 2412 alterius
906 2344 1138 2429 rempublicam
1158 2342 1300 2429 judicem
1324 2341 1421 2423 fieri,
1445 2362 1533 2408 com-

356 2455 581 2524 modissimum
602 2454 666 2522 fuit
688 2457 818 2522 adeam
843 2457 882 2522 iri
905 2457 1011 2540 primo
1032 2459 1124 2537 loc0,
1148 2475 1232 2538 quae
1243 2453 1395 2521 facillime
1408 2454 1534 2540 judica-

357 2582 426 2634 tum
460 2567 594 2650 exsequi
625 2584 745 2651 posset.
801 2567 848 2634 lla
880 2584 987 2635 autem
1023 2582 1095 2649 est,
1126 2586 1225 2651 penes
1246 2587 1343 2649 quam
1366 2568 1441 2650 plus
1463 2587 1532 2634 esse

358 2679 497 2744 dicitur:
523 2657 614 2762 duod
633 2680 660 2747 si
684 2679 872 2762 auferatur,
895 2681 1005 2746 omnia
1027 2663 1112 2745 fiunt
1127 2677 1287 2761 aequalia.
1332 2677 1376 2746 Et
1397 2678 1431 2744 in
1442 2679 1530 2744 hunc

356 2771 422 2857 iere
445 2791 576 2858 modurn
598 2793 770 2858 amicarum
782 2792 927 2878 gentium
939 2791 1069 2858 foedera
1081 2790 1331 2874 concipiuntur3
1355 2791 1438 2855 utin
1452 2789 1533 2856 Gal·

356 2903 461 2968 lorum
484 2917 516 2968 et
537 2903 712 2971 Annibalis
732 2903 888 2986 foedere,
911 2905 939 2971 si
962 2903 1052 2970 Galli
1063 2903 1208 2969 Poenum
1219 2916 1430 2983 accusarent,
1450 2901 1532 2966 Poe·

357 3035 473 3080 norum
494 3035 531 3079 ea
553 3014 593 3079 de
616 3036 650 3080 re
670 3015 834 3101 judicium
855 3031 958 3095 esset,
982 3016 1033 3082 sin
1056 3015 1157 3081 Poeni
1178 3014 1339 3095 Gallurn,
1359 3029 1428 3079 tum
1450 3013 1531 3079 Gal-

357 3128 462 3192 lorum
486 3125 624 3192 feminae
646 3125 839 3211 (eratenim
862 3128 934 3212 ejus
953 3147 1050 3194 sexus
1072 3145 1186 3212 magna
1207 3125 1303 3191 etiam
1334 3126 1367 3190 in
1390 3125 1530 3209 publicis

358 3237 552 3322 auctoritas)
587 3236 676 3302 litem
708 3237 933 3322 dijudicarent.
987 3239 1106 3305 Eadem
1136 3238 1177 3304 de
1206 3257 1302 3304 causa
1332 3237 1530 3321 Demophon

357 3349 566 3433 Eurystheo,
610 3348 729 3416 Tatius
773 3369 829 3415 rex
863 3351 1109 3432 Laurentibus,
1140 3350 1285 3433 popiuus
1316 3348 1531 3416 Atheniensis

358 3459 573 3540 Alexandr0,
607 3459 662 3525 alii
695 3461 768 3528 aliis
802 3463 988 3546 saepissime
1014 3461 1274 3546 responderunt,
1298 3480 1371 3527 cum
1397 3481 1530 3527 suorum

358 3571 481 3637 civium
502 3571 631 3654 aliquos
654 3571 686 3637 in
709 3592 846 3656 poenam
868 3573 984 3639 dedere
1004 3575 1220 3661 juberentur,
1239 3573 1267 3640 si
1280 3573 1354 3656 quis
1367 3586 1533 3640 accusaret

357 3701 391 3748 se
411 3683 485 3767 jure
508 3695 540 3745 et
562 3681 690 3766 legibus
713 3683 1003 3750 animadversuros.
1048 3686 1150 3773 Quod
1168 3685 1197 3750 si
1220 3701 1327 3751 tamen
1349 3684 1533 3767 respublica

357 3791 384 3866 ass
406 3791 535 3858 civibus
554 3793 622 3860 suis
649 3808 727 3875 aut,
753 3795 844 3877 quod
861 3794 1117 3878 frequentius²,
1141 3818 1159 3862 a
1181 3817 1216 3863 se
1238 3797 1358 3863 illatam
1380 3796 1531 3881 injuriam

357 3902 565 3987 pertinaciter
598 3920 749 3988 tueatur,
784 3926 893 3989 neque
926 3928 994 3974 eam
1027 3907 1166 3975 fateatur
1196 3925 1229 3975 et
1259 3909 1429 3989 emendet,
1461 3923 1531 3973 tum

357 4029 443 4081 certe
462 4015 630 4102 judicandi
654 4018 734 4083 ordo
757 4019 799 4085 ad
821 4020 952 4085 alteram
975 4021 1232 4104 rempublicam,
1257 4041 1342 4103 quae
1363 4034 1421 4086 aut
1443 4019 1476 4085 in
1497 4039 1532 4084 se

359 4143 416 4194 aut
446 4127 479 4192 in
514 4128 585 4194 cive
617 4149 678 4194 suo
711 4150 745 4195 se
769 4132 889 4196 laesam
913 4146 1093 4214 conquesta
1114 4147 1186 4213 est,
1215 4131 1355 4198 naturali
1380 4132 1438 4197 illo
1459 4132 1531 4216 J’ure

355 4319 555 4334 μ-

393 4445 504 4509 ¹Eurip
528 4449 628 4498 Heracl.
655 4449 706 4512 [vs.
734 4463 788 4512 142.
811 4451 861 4512 sq.]
897 4453 908 4486 ²
929 4453 994 4500 Plut.
1017 4452 1048 4501 de
1073 4451 1160 4502 virtus
1186 4453 1247 4500 mul.
1274 4450 1313 4513 [p.
1341 4454 1397 4514 246.
1423 4452 1529 4515 Mons]

358 4536 370 4571 ³
387 4537 448 4587 silv.
464 4539 490 4588 in
505 4555 530 4588 v.
545 4542 731 4601 Repressaliae.
749 4556 772 4590 2.
791 4554 814 4600 3.
832 4553 857 4590 et
873 4556 898 4604 4
