3450 5434
484 665 531 712 DE
554 666 647 733 JURE
673 669 856 715 Pannona.
882 669 961 715 CAP.
987 670 1066 717 VIII.
1312 668 1371 731 113

189 833 299 885 erant
315 832 347 884 et
366 820 492 883 semina
507 832 651 905 portant
670 822 718 887 ad
734 842 855 908 agrum
873 841 1023 907 congrua
1040 827 1224 887 securitate
1243 822 1367 887 laeten-

187 945 260 997 tur.
286 930 333 995 Et
350 928 404 994 hic
423 928 518 994 etiam
536 946 732 999 mercatores
748 946 875 997 tantum
898 944 1069 997 extraneos
1081 931 1219 1016 intelligi
1233 916 1291 1015 par
1304 946 1365 999 est.

188 1042 370 1125 Cajetanus
393 1049 422 1104 ¹:
453 1055 518 1126 per
551 1056 750 1107 mercatores
783 1042 937 1128 intelligo
966 1062 1030 1107 nort
1054 1046 1276 1129 negotiatores
1308 1048 1367 1127 qui

185 1151 236 1217 iti
259 1150 427 1233 resident,
450 1150 603 1218 sedilios
624 1155 684 1238 qui
705 1154 922 1239 hospitantur
944 1165 1006 1217 aut
1025 1164 1215 1219 transeant.
1258 1151 1368 1237 Quon-

185 1264 257 1327 iam
284 1275 484 1327 mercatores
511 1250 647 1328 incolas
672 1282 736 1327 nort
765 1261 858 1329 atter
891 1262 1036 1327 melioris
1057 1282 1122 1327 esse
1147 1262 1365 1343 conditionis,

186 1392 287 1457 quam
310 1369 468 1454 artifices.
514 1371 580 1438 Sed
599 1386 706 1439 totum
729 1372 958 1438 hocedictum
969 1372 1054 1457 juris
1065 1372 1250 1456 pontificii,
1274 1374 1366 1456 quod

187 1482 216 1546 Τ
214 1502 353 1568 retegam
386 1485 581 1547 eanonicam
608 1497 751 1563 vocant,
776 1483 928 1549 doctores
950 1482 963 1521 ¹
987 1504 1049 1550 usu
1072 1482 1231 1549 hodierno
1252 1503 1364 1567 recep-

186 1606 257 1657 tum
291 1605 428 1677 negant:
461 1611 569 1675 neque
602 1581 683 1660 ve'ro
713 1612 844 1660 causam
877 1607 1065 1677 perpetuam
1104 1594 1213 1661 babet.
1276 1594 1365 1659 Illud

134 1768 139 1776 ,
185 1717 294 1769 autem
317 1702 508 1786 perspicuae
532 1718 582 1769 est
603 1702 775 1784 veritatis,
798 1723 866 1770 rem
890 1704 1052 1786 alienam,
1076 1724 1161 1786 quae
1181 1705 1223 1770 ad
1234 1705 1360 1771 hostem

185 1831 254 1879 uon
275 1812 457 1896 pertineat,
491 1815 557 1881 hoc
587 1828 694 1879 autem
725 1828 797 1895 est,
819 1832 881 1880 nec
901 1814 942 1881 ad
964 1815 1072 1881 socios
1093 1832 1154 1881 nec
1185 1814 1226 1880 ad
1248 1815 1361 1881 subdi-

186 1939 264 2006 tos,
298 1924 360 1989 etsi
388 1944 489 2007 penes
518 1925 647 1991 hostem
681 1924 748 2006 sit,
789 1924 995 2007 capientibus
1032 1944 1099 1991 non
1134 1924 1235 2010 magis
1265 1945 1362 2008 posse

185 2033 335 2115 acquiri,
351 2054 447 2116 quam
472 2034 625 2101 creditori
648 2055 713 2100 rem
736 2036 973 2103 commodatam
993 2050 1050 2103 aut
1070 2034 1224 2102 furtivam
1249 2036 1282 2101 in
1303 2037 1361 2102 bo-

184 2144 237 2210 nis
259 2143 418 2210 debitoris
440 2159 612 2227 repertam.
658 2144 774 2212 Induci
796 2145 850 2212 hic
873 2147 979 2213 obiter
997 2161 1107 2230 potest
1128 2145 1282 2229 frequens
1307 2146 1494 2258 illam?

184 2268 219 2320 et
240 2255 381 2321 multum
404 2254 480 2321 aliis
503 2252 515 2289 ³
533 2255 654 2340 agitata
676 2255 853 2339 quaestio,
878 2257 960 2341 quid
981 2257 1070 2325 hosti
1090 2257 1185 2323 liceat
1207 2258 1240 2323 iu
1264 2258 1362 2325 adve·
1385 2342 1391 2347 Π
1474 2244 1481 2259 ’

185 2384 244 2431 nas
275 2365 336 2447 qui
366 2364 454 2448 apud
484 2368 598 2433 hostes
628 2379 728 2449 sunt,
764 2367 864 2451 inque
888 2388 946 2436 eos
970 2369 1028 2452 qui
1051 2370 1178 2436 hostem
1200 2370 1361 2449 mercibus

182 2476 310 2559 juvant.
339 2478 389 2541 Ac
408 2476 551 2560 primum
572 2479 694 2544 nullam
712 2478 767 2545 hic
790 2497 859 2545 esse
882 2480 948 2545 vim
972 2478 1057 2561 loci,
1082 2480 1115 2545 in
1142 2499 1209 2562 quo
1234 2478 1362 2563 quispi-

184 2604 234 2651 tm
267 2586 542 2671 deprehenditur,
565 2566 653 2655 ‘satis
686 2588 899 2673 perspicuum
932 2604 990 2656 est.
1035 2590 1149 2656 Locus
1183 2590 1268 2655 enim
1290 2590 1360 2673 ipse

185 2714 282 2762 causa
314 2697 527 2783 obligationis
558 2717 625 2764 non
655 2714 715 2765 est.
768 2699 943 2784 Obligatos
970 2714 1077 2765 autem
1111 2720 1181 2766 esse
1204 2714 1357 2782 oportet,

184 2826 270 2889 quos
291 2808 388 2875 liceat
409 2807 548 2892 spoliare
569 2806 592 2875 ⁴.
617 2810 796 2894 Subiacent
817 2810 919 2894 igitur
937 2810 1024 2875 bello
1048 2808 1217 2892 inquilini,
1241 2808 1269 2874 si
1289 2829 1359 2874 mo-

184 2917 227 2983 do
259 2937 333 3000 pars
365 2934 444 2985 sunt
475 2918 672 3002 reipublicae
704 2919 931 3005 adversariae,
963 2938 1029 2985 non
1051 2918 1160 2983 miuus
1183 2936 1279 3000 quam
1304 2918 1358 2983 alii

184 3028 322 3095 subditi.
368 3028 447 3096 Pars
470 3045 599 3113 autem,
634 3031 726 3111 quod
747 3032 830 3096 hanc
854 3028 1077 3112 quaestionem
1101 3027 1238 3106 attinet,
1263 3028 1358 3094 intel-

183 3138 240 3223 ligi
261 3138 399 3220 debeut‚
424 3140 483 3221 qui
504 3160 543 3206 eo
564 3156 642 3208 sunt
660 3141 734 3223 jure
755 3154 793 3203 ut
813 3139 854 3204 ad
873 3139 1046 3205 tuitionem
1069 3140 1140 3223 ejus
1159 3138 1358 3221 reipublicae

184 3264 216 3315 et
237 3251 361 3316 tributa
384 3249 582 3317 conferenda
604 3248 756 3332 compelli
779 3250 917 3332 possiut.
962 3249 1072 3330 Nam,
1105 3263 1144 3314 ut
1165 3248 1357 3331 Agathias⁸

182 3374 271 3425 recte
303 3360 465 3443 explicat,
497 3360 603 3426 hostis
636 3378 704 3425 non
728 3359 884 3424 natalium
907 3362 981 3425 loco
1004 3360 1185 3425 censendus
1206 3373 1276 3439 est,
1300 3359 1357 3425 sed

184 3490 222 3535 ex
249 3471 384 3551 studio,
402 3472 431 3536 si
455 3490 491 3536 ea
513 3468 612 3536 faciat
641 3488 724 3552 quae
746 3470 835 3536 hosti
858 3472 988 3554 placent
1015 3484 1071 3535 aut
1093 3470 1221 3536 hostem
1249 3471 1356 3555 juvet.

182 3581 285 3668 Quod
314 3581 357 3647 ad
386 3580 541 3645 mercium
572 3595 774 3647 travectores
805 3580 943 3662 attinet,
968 3582 1170 3664 exploratum
1195 3596 1245 3646 est
1267 3582 1356 3663 apud

182 3692 356 3777 theologos
384 3706 418 3757 et
441 3691 697 3776 jurisconsultos
720 3691 858 3775 obligari
890 3690 1051 3757 neminem
1076 3710 1116 3755 ex
1139 3689 1256 3756 damno
1280 3706 1356 3775 post

181 3800 306 3868 factum
339 3820 435 3868 suum
466 3815 603 3881 secuto,
638 3800 702 3867 nisi
739 3802 797 3884 qui
833 3788 961 3867 causam
994 3800 1142 3882 dederit,
1176 3820 1284 3883 neque
1315 3822 1355 3867 ex

182 3913 300 3977 damno
324 3911 416 3995 quod
437 3927 511 3978 ante
533 3911 657 3979 factum
682 3931 778 3978 suum
802 3911 944 3993 accidit,
968 3910 1031 3976 nisi
1056 3911 1114 3994 qui
1138 3932 1234 3978 causa
1254 3910 1356 3977 fuerit

181 4021 406 4106 impediendae
425 4021 654 4089 restitutionis.
698 4023 821 4105 Neque
839 4022 960 4089 sufficit
977 4042 1105 4089 causam
1126 4022 1252 4088 dedisse
1272 4040 1355 4103 quo-

180 4132 435 4214 modocunque,
458 4134 516 4199 sed
538 4148 575 4199 ut
596 4134 694 4201 dolus
725 4148 782 4199 aut
804 4135 917 4199 saltem
940 4134 1037 4216 culpa
1060 4132 1144 4200 adsit
1165 4129 1353 4214 requiritur.

90 4263 94 4272 ’
181 4243 251 4333 Qui
284 4243 385 4327 igitur
415 4262 503 4309 arma
534 4260 592 4310 aut
622 4246 685 4310 alia
716 4244 875 4327 quaevis,
908 4264 992 4327 quae
1019 4243 1186 4327 proprium
1214 4242 1247 4306 iu
1266 4242 1354 4307 bello

217 4448 225 4480 ¹
243 4450 271 4497 in
288 4452 380 4498 Surum.
398 4461 497 4511 peccat.
516 4452 542 4500 in
560 4466 585 4500 v.
605 4453 669 4501 Belli
687 4454 783 4501 damna·
817 4448 904 4500 ’Pan
923 4452 970 4499 ibi.
986 4450 1066 4498 Wilb.
1084 4452 1164 4498 Matb.
1183 4462 1237 4510 req.
1255 4462 1278 4498 a.
1297 4462 1354 4509 pa.
1441 4466 1448 4482 s

181 4536 192 4569 ³
211 4540 299 4587 olbcr.
318 4541 392 4589 Gens.
410 4540 514 4597 dejure
532 4542 593 4590 belli
611 4545 628 4590 l.
648 4556 671 4591 a.
690 4556 714 4592 c.
733 4556 774 4591 aa.
799 4543 810 4575 ⁴
828 4542 890 4591 silv.
909 4538 1168 4601 insaltepressaliae.
1186 4542 1207 4599 ξ.
1227 4552 1250 4596 5.
1276 4539 1318 4587 ⁶1.
1331 4554 1353 4598 3.

1204 4634 1221 4693 8

1540 3900 1567 3939 Ι
