3450 5434
341 606 384 667 42
650 601 697 648 DE
720 599 813 668 JURE
839 597 1023 646 PRAEDAE.
1051 599 1131 647 CAP.
1157 597 1213 643 111.

341 763 421 824 tirno
451 761 586 844 irnperio
607 757 764 842 jubente)
793 755 941 844 gerenda
967 761 1040 842 ipsa
1063 757 1150 822 bella
1166 755 1398 839 suscipiuntur
1416 773 1439 816 a
1461 751 1516 815 bo-

343 875 413 950 nis,
435 892 508 936 curn
538 873 575 935 in
603 891 636 935 eo
669 889 782 934 rerum
805 869 1031 935 humanarum
1054 869 1170 938 ordine
1189 871 1434 943 inueniuntur,
1457 865 1517 928 ubi

342 1003 392 1047 eos
420 981 475 1050 uel
492 981 612 1067 jubere
641 978 777 1066 aliquid
805 981 876 1046 tale
904 982 959 1047 uel
978 985 1014 1047 in
1037 981 1163 1047 talibus
1186 979 1315 1046 obedire
1333 978 1429 1062 juste
1448 979 1515 1062 ipse

343 1093 422 1160 ordo
451 1096 663 1178 constringit.
708 1091 803 1158 Unde
828 1113 931 1178 neque
944 1095 1093 1180 Joannes
1115 1094 1158 1159 ab
1179 1095 1285 1157 armis
1294 1093 1392 1177 jubet
1413 1087 1514 1153 disoe-

342 1204 420 1272 dere
449 1204 594 1284 milites,
618 1218 649 1268 et
669 1201 823 1268 Christus
843 1207 977 1270 tributa
999 1204 1139 1271 Caesari
1156 1189 1262 1270 monet
1283 1201 1404 1269 reddi:
1432 1206 1514 1287 quia

337 1331 479 1403 propter
506 1315 593 1380 bella
631 1319 812 1380 necessario
846 1317 951 1383 militi
984 1316 1182 1404 stipendium
1212 1317 1408 1404 praebetur.
1471 1314 1513 1379 11-

342 1429 434 1494 lud1
471 1442 577 1493 autem
613 1425 823 1494 brevissimae
859 1428 1026 1496 veritatis:
1070 1429 1173 1516 Apud
1207 1449 1301 1497 seros
1338 1425 1407 1492 Dei
1445 1425 1514 1490 eul-

343 1554 431 1605 tores
461 1543 562 1606 etiam
592 1544 664 1626 ipsa
696 1537 782 1607 bella
807 1548 937 1626 pacata
955 1553 1051 1620 sunt,
1068 1559 1154 1625 quae
1169 1559 1233 1604 non
1250 1536 1437 1623 eupiditate
1453 1548 1514 1600 out

343 1651 567 1733 erudelitate,
603 1651 660 1718 sed
681 1655 777 1737 pacis
807 1650 918 1717 studio
943 1665 1132 1738 geruntur,
1164 1665 1203 1716 ut
1232 1649 1316 1714 mali
1346 1667 1516 1712 coercean-

344 1776 405 1828 tur
432 1777 462 1828 et
497 1762 573 1828 boni
598 1761 820 1830 subleventur.
866 1762 940 1828 Nec
971 1762 1120 1829 divinum
1153 1776 1279 1829 tantum
1316 1762 1372 1845 jus
1398 1759 1456 1827 sed
1484 1775 1517 1825 et

346 1876 522 1940 humanum
553 1873 683 1958 attingit
700 1879 733 1939 ¹:
766 1873 869 1939 Miles
895 1896 969 1940 curn
993 1874 1139 1941 obediens
1156 1877 1340 1962 potestati,
1362 1874 1421 1938 sub
1449 1893 1516 1959 qua

346 1986 491 2074 legitime
500 1989 700 2052 constitutus
722 2000 788 2066 est,
812 1987 971 2051 hominem
993 1986 1131 2068 oceidit,
1151 1985 1248 2052 nulla
1265 1989 1418 2055 civitatis
1438 2007 1517 2050 suae

346 2098 422 2184 loge
446 2118 521 2162 reus
557 2110 605 2162 est
627 2096 807 2163 homicidii.
864 2096 1089 2182 Hieronymi⁸
1113 2119 1130 2163 e
1156 2098 1268 2164 multis
1295 2118 1417 2163 unum:
1451 2095 1518 2180 Qui

346 2208 449 2274 malos
462 2211 614 2295 percutit
634 2211 670 2274 in
700 2231 752 2290 eo,
783 2207 872 2295 quod
889 2209 973 2275 mali
990 2225 1067 2274 sunt
1091 2223 1123 2276 et
1138 2211 1236 2274 babet
1255 2230 1339 2277 rasa
1361 2209 1517 2294 interfec-

345 2323 470 2400 tionis,
499 2334 537 2384 ut
566 2320 693 2387 occidat
717 2326 896 2407 pessimos,
929 2325 1083 2387 minister
1115 2334 1163 2386 est
1189 2321 1263 2387 Dei.
1317 2320 1426 2404 Cujus
1449 2320 1462 2361 ⁴
1485 2335 1519 2386 et

204 2414 210 2423 ’
318 2469 319 2479 .
347 2431 456 2497 istud:
502 2432 582 2497 Non
624 2447 671 2498 est
711 2432 856 2499 erudelis
899 2438 959 2520 qui
991 2432 1139 2500 crudeles
1167 2434 1322 2520 jugulat.
1376 2434 1518 2499 Ambro-

348 2542 389 2608 sii
418 2547 429 2584 ὅ
462 2557 588 2609 autem:
625 2543 804 2610 Fortitudo
836 2565 922 2631 quae
952 2544 1035 2610 bello
1067 2558 1184 2613 tuetur
1216 2567 1238 2610 a
1270 2545 1428 2610 barbaris
1447 2525 1519 2632 'pa-

244 2651 246 2654 ‘
349 2658 479 2735 triam,
509 2655 564 2722 rel
592 2655 680 2722 dorni
710 2655 858 2742 defendit
886 2654 1056 2740 infirmos,
1087 2658 1142 2724 rel
1162 2677 1184 2720 a
1207 2657 1397 2721 latronibus
1419 2661 1518 2721 socios

342 2766 444 2853 plena
462 2769 608 2852 justitia
639 2783 697 2834 est.
752 2767 829 2834 Sive
863 2767 965 2852 igitur
997 2781 1130 2834 naturae
1162 2768 1298 2834 ductum
1332 2768 1518 2850 sequimur,

348 2898 444 2960 quem
477 2899 542 2947 non
569 2879 664 2962 sequi
691 2898 733 2946 ne
759 2882 909 2946 volentes
931 2878 1063 2961 quidem
1096 2898 1297 2963 possumus,
1321 2879 1390 2945 sive
1411 2899 1520 2946 sacros

347 2989 449 3056 libros
477 2991 691 3075 inspicimus,
723 2990 886 3072 aquibus
917 2989 1007 3055 nefas
1037 3005 1087 3056 est
1106 2991 1300 3074 dissentire,
1330 2991 1399 3058 sive
1422 2992 1517 3058 etiam

347 3101 491 3167 virorum
522 3102 697 3167 illustrium
727 3101 877 3168 nonnihil
899 3121 1069 3167 movemur
1089 3117 1147 3168 aut
1170 3104 1348 3187 exemplis,
1371 3118 1428 3170 aut
1446 3123 1519 3170 sen-

346 3211 483 3294 tentiis,
508 3231 738 3296 quamcunque
771 3213 900 3278 demum
921 3213 1103 3297 rationem,
1128 3235 1357 3299 quamcunque
1380 3217 1520 3299 amplec-

191 3329 334 3376 conctustol.
348 3321 447 3389 timur
466 3321 712 3404 auctoritatem,
736 3325 856 3390 bellurn
880 3325 1021 3411 aliquod
1032 3327 1164 3412 justum
1188 3342 1236 3399 est
1257 3327 1462 3394 Christianis
1482 3331 1521 3393 in

350 3433 558 3498 Christianos
578 3438 665 3499 omni
676 3437 760 3521 jure
781 3434 805 3501 ⁸.

349 3647 532 3659 annu——

383 3788 442 3837 ¹de
461 3789 513 3837 div.
529 3792 593 3838 eccl.
612 3791 666 3839 obs.
683 3791 709 3840 in
727 3806 750 3840 c.
767 3794 791 3841 ό.
810 3791 982 3856 [Decacrat.
997 3808 1023 3855 p.
1042 3808 1065 3842 o.
1082 3807 1122 3852 23.
1140 3795 1174 3857 1.]
1210 3794 1270 3844 ’de
1287 3795 1339 3843 civ.
1357 3795 1406 3843 Dei
1427 3798 1444 3843 1.
1461 3809 1481 3843 1.
1497 3808 1520 3843 c.

350 3879 389 3928 ab.
407 3881 434 3928 in
447 3893 470 3928 c.
489 3893 526 3937 ss.
546 3881 634 3941 [Decr.
649 3883 716 3930 Grat.
732 3897 757 3943 p.
775 3897 798 3932 2.
816 3897 856 3942 2³·
876 3885 911 3946 s.]
946 3883 958 3915 ⁸
975 3899 1031 3946 sup.
1045 3888 1137 3934 Ezech.
1150 3889 1167 3934 l.
1183 3899 1207 3943 3.
1220 3900 1243 3935 c.
1253 3901 1277 3949 9.
1291 3887 1317 3935 in
1332 3899 1355 3934 c.
1372 3900 1413 3949 29.
1432 3887 1521 3947 [Dect.

350 3971 419 4018 Grat.
435 3985 461 4031 p.
480 3984 503 4019 o.
522 3984 561 4028 2³·
581 3971 616 4033 5.]
651 3971 661 4004 ⁴
680 3987 734 4034 sup.
752 3975 858 4022 Esaiam.
875 3989 898 4024 c.
919 3989 956 4034 13.
975 3977 1001 4025 in
1017 3979 1042 4024 d.
1060 3992 1085 4037 q.
1102 3991 1125 4026 c.
1144 3980 1185 4026 28.
1204 3979 1292 4040 [Decr.
1311 3979 1379 4026 Grat.
1395 3992 1420 4038 p.
1439 3991 1463 4025 α.
1480 3990 1521 4034 33.

350 4061 386 4124 3.]
421 4062 480 4111 ⁵de
503 4063 551 4110 offi.
572 4065 589 4110 1.
615 4077 635 4111 1.
660 4077 682 4111 c.
706 4077 746 4122 27·
768 4065 795 4112 in
811 4080 833 4114 c.
853 4079 875 4122 3.
895 4067 983 4128 [Decr.
1002 4069 1071 4115 Grat.
1085 4083 1112 4136 p.
1130 4082 1153 4116 2.
1170 4081 1210 4127 23.
1226 4069 1262 4130 3.]
1296 4062 1446 4118 ⁶'convenit
1462 4081 1519 4116 cum

350 4153 440 4200 'thom
462 4165 485 4201 a.
511 4165 534 4200 t.
548 4167 573 4213 q.
590 4166 632 4214 40.
647 4165 692 4202 arr.
711 4167 731 4203 1.
750 4156 825 4204 Mart.
845 4157 922 4205 Lnud.
940 4160 972 4207 de
990 4158 1059 4206 bello
1075 4172 1100 4218 q.
1118 4173 1134 4222 9
1150 4171 1175 4208 et
1192 4172 1224 4217 32
1241 4173 1266 4208 et
1284 4173 1325 4221 4⁵·
1344 4161 1452 4223 [ocean.
1466 4161 1519 4222 Jur.

349 4253 412 4291 tom.
432 4244 470 4292 16.
485 4257 510 4305 p.
526 4257 583 4306 ³24-
598 4255 624 4292 et
639 4244 706 4307 seq]
