3450 5434
355 598 420 664 254
650 602 698 649 ns
720 601 815 669 Juna
839 600 1027 647 aananna.
1052 600 1134 646 can.
1159 600 1228 648 xri.

353 756 581 837 lacessissent,
616 776 633 821 a
665 756 789 822 victore
821 754 959 837 punitos
1001 756 1117 823 crebro
1161 755 1347 823 invenimus
1368 760 1404 837 ¹,
1437 756 1536 839 quasi

195 879 340 925 Extende·
354 888 414 934 nec
437 869 559 934 bellum
582 868 791 935 virulentiam
815 866 909 932 istam
933 882 1080 935 excuset.
1115 868 1161 932 Et
1185 868 1245 934 hae
1267 869 1402 951 quidem
1424 869 1537 953 justae

195 944 245 1033 πὶ
257 948 279 1043 2⁶·
288 947 342 978 ’Μ’
354 1000 469 1046 causae
501 980 579 1046 belli
607 980 811 1062 suscipiendi
842 976 986 1045 fuerunt.
1045 979 1219 1045 Caeterum
1256 976 1433 1047 diximus²
1467 1000 1536 1048 non

355 1113 451 1158 omne
477 1094 533 1177 jus
564 1108 637 1157 ante
662 1093 784 1156 bellum
808 1110 902 1173 esse3
929 1091 1095 1172 quoddam
1121 1090 1206 1157 inter
1228 1112 1315 1157 arma
1345 1093 1450 1173 oriri,
1473 1112 1536 1175 pro

197 1222 237 1267 nx
254 1224 303 1280 rege
321 1238 340 1267 1.
354 1224 424 1285 quo
455 1205 583 1269 scilicet
614 1204 736 1269 bellurn
765 1218 853 1268 recte
884 1203 1110 1269 continuetur.
1158 1203 1317 1269 Ordinem
1348 1204 1404 1270 hic
1437 1205 1536 1271 ducit

356 1316 442 1381 vitae
472 1314 630 1381 defensio.
684 1314 769 1379 Nam
798 1334 874 1379 cum
904 1334 966 1379 nos
998 1334 1065 1379 rem
1087 1324 1232 1380 nostram
1255 1314 1462 1383 defendimus
1484 1336 1537 1381 re·

355 1442 591 1510 cuperatumve
614 1426 722 1507 imus,
747 1440 804 1492 aut
824 1428 879 1510 jus
898 1441 1048 1493 nostrum
1071 1426 1302 1509 persequimur
1327 1442 1359 1493 et
1382 1428 1537 1493 adversa·

356 1540 424 1605 rius
446 1560 486 1605 ne
515 1540 549 1605 id
568 1537 728 1603 faciamus
748 1538 846 1603 annis
875 1538 1043 1619 occurrit,
1066 1553 1200 1622 apparet
1222 1538 1276 1605 hic
1299 1560 1359 1605 nos
1381 1540 1537 1605 innoxios

357 1651 499 1718 invitae
526 1650 710 1734 periculum
741 1650 879 1715 adduci:
904 1671 989 1732 quae
1013 1651 1092 1716 belli
1123 1672 1220 1718 causa
1251 1652 1479 1734 antiquissima
1504 1669 1539 1718 et

355 1763 538 1847 justissima
561 1779 620 1827 est.
667 1763 712 1827 Et
731 1760 882 1845 profecto
904 1778 978 1827 ante
1002 1766 1084 1829 hanc
1107 1783 1238 1829 causam
1259 1766 1381 1829 bellum
1407 1780 1539 1847 aparte

198 1882 345 1997 {sulm
358 1876 555 1940 batavorum
575 1894 616 1940 ne
636 1874 747 1958 coepit
767 1874 920 1957 quidem,
938 1889 975 1940 ut
992 1875 1190 1941 narrationis
1210 1876 1416 1959 praepositae
1435 1876 1538 1943 series

198 2006 228 2090 2}
229 2000 286 2102 m
293 2006 305 2036 2
322 2005 345 2037 σε
357 1987 515 2053 ostendit.
562 1986 720 2068 Sequitur
752 2006 861 2051 rerum
895 1984 1043 2053 defensio
1075 2002 1132 2053 aut
1155 1987 1358 2070 recuperatio
1390 1988 1463 2052 sive
1485 1988 1539 2071 ip-

358 2119 466 2165 sarum
489 2119 596 2163 rerum
619 2099 706 2163 bello
730 2097 946 2177 amissarum,
971 2098 1041 2165 sive
1065 2099 1135 2182 ejus
1160 2099 1252 2181 quod
1275 2120 1334 2182 pro
1356 2099 1457 2165 rebus
1478 2101 1540 2167 ba·

198 2221 240 2265 ¹³²
258 2221 306 2279 reg·
322 2234 344 2266 a.
359 2209 427 2275 beri
459 2225 581 2293 potest.
627 2209 713 2274 Nam
742 2210 881 2275 bellator
910 2210 1057 2294 injustus
1078 2210 1170 2295 justo
1202 2210 1351 2276 bellatori
1377 2212 1418 2277 ad
1438 2232 1539 2278 omne

198 2273 256 2375 ἕπε·
270 2290 303 2386 sq
305 2287 348 2373 '5¹2'-
359 2324 513 2388 damnum
531 2320 718 2404 obligatur,
744 2322 836 2403 quod
857 2321 887 2387 ei
908 2322 1081 2388 occasione
1103 2322 1180 2388 belli
1201 2323 1349 2389 obvenit.
1397 2325 1541 2391 Constat

198 2393 467 2501 {iiiiiisfwautem
497 2433 628 2499 Batavis
658 2454 717 2515 per
736 2433 926 2499 violentiam
956 2434 1193 2501 Lusitanorum
1217 2436 1346 2520 navigia
1378 2437 1538 2517 quaedam

199 2563 249 2663 ᾖ
264 2563 347 2665 arm
361 2567 433 2612 cnm
465 2546 628 2613 mercibus
661 2561 792 2629 erepta,
817 2545 933 2619 damna
965 2561 1072 2612 autem
1103 2546 1192 2613 illata
1216 2548 1473 2631 complurima,
1498 2564 1540 2613 ut

201 2650 267 2717 cuti}-
340 2643 434 2724 'cum
458 2659 521 2742 ipsi
543 2658 705 2724 interdum
728 2672 859 2739 accepta
881 2659 973 2724 clade
993 2660 1101 2725 coacti
1121 2674 1198 2727 sunt
1226 2680 1326 2726 naves
1345 2680 1421 2726 suas
1445 2660 1540 2726 dese·

361 2792 431 2837 rere
451 2786 483 2837 et
506 2790 655 2837 exurere.
701 2770 861 2852 Sequitur
884 2770 1011 2835 exactio
1034 2771 1104 2855 ejus
1128 2772 1219 2853 quod
1242 2772 1348 2837 bostis
1369 2772 1459 2838 hosti
1482 2771 1540 2838 de·

202 2897 310 2997 arzuge
326 2904 347 2943 a.
364 2886 439 2964 bet,
473 2883 506 2949 in
536 2904 602 2965 qua
629 2883 780 2965 ponenda
801 2896 850 2948 est
873 2896 1042 2949 sumtuum
1062 2884 1155 2949 ratio.
1202 2884 1328 2949 Omnes
1349 2882 1434 2949 eninr
1460 2884 1539 2951 beili

201 2952 350 3065 fdcfsw
363 2996 524 3079 impensas
552 2995 687 3059 innoxio
718 2994 837 3073 debet,
862 2994 921 3075 qui
954 2994 1028 3060 belli
1054 2994 1168 3079 injusti
1200 3011 1316 3061 auctor
1336 2993 1411 3061 fuit.
1457 2996 1541 3062 Non

363 3106 511 3191 potuisse
540 3122 647 3172 autem
671 3105 843 3171 Lusitania
871 3104 977 3172 resistl
1006 3106 1076 3173 sine
1107 3105 1276 3173 immensis
1306 3106 1473 3175 sumtibus
1504 3108 1541 3173 in

202 3230 243 3276 aa
267 3230 349 3277 atsur.
363 3234 427 3284 tam
448 3233 573 3284 remoto
593 3219 672 3283 orbe
690 3233 759 3284 tota
778 3235 887 3284 rerum
906 3219 1048 3284 narratio
1067 3219 1147 3285 satis
1171 3218 1326 3285 ostendit.
1374 3218 1452 3285 Huc
1467 3240 1545 3302 per-

201 3296 350 3401 {fidiam
362 3330 446 3396 tinet
473 3344 635 3395 armatura
663 3330 797 3397 navium
818 3349 884 3394 non
916 3330 1025 3397 minus
1052 3331 1197 3413 pretiosa
1216 3351 1314 3413 quam
1336 3331 1543 3398 necessaria:

361 3442 464 3525 major
492 3456 664 3507 nautarum
696 3460 875 3521 numerus,
899 3442 1061 3525 stipendia
1082 3444 1126 3509 ob
1145 3443 1327 3527 periculum
1358 3444 1483 3527 majora
1507 3460 1543 3509 et

362 3574 446 3637 quae
465 3553 617 3620 curandis
635 3552 829 3621 vulneribus
854 3574 1014 3638 operaeve
1034 3555 1067 3621 in
1087 3556 1175 3621 bello
1194 3571 1331 3622 navatae
1353 3570 1545 3623 remunera-

360 3665 444 3733 tioni
463 3667 678 3750 imputantur.
724 3666 915 3750 Utrumque
936 3682 1045 3735 autent
1063 3682 1097 3733 et
1118 3668 1157 3734 de
1178 3667 1298 3733 damno
1317 3683 1350 3731 et
1370 3667 1412 3733 de
1428 3682 1544 3733 sumtu

360 3781 453 3862 quod
479 3780 644 3860 diximus,
669 3779 711 3844 ad
738 3778 794 3845 illa
824 3778 920 3845 etiam
943 3778 1083 3862 produci
1102 3780 1223 3860 debet,
1249 3800 1334 3863 quae
1359 3780 1480 3845 Batavi
1501 3782 1544 3845 ab

361 3892 412 3959 his
444 3912 529 3975 quos
559 3891 710 3958 Lusitani
738 3890 959 3958 submiserant
987 3907 1044 3957 aut
1069 3892 1156 3975 passi
1187 3906 1289 3973 sunt,
1313 3906 1372 3957 aut
1394 3908 1545 3959 metuere

359 4020 550 4089 potuerunt.
594 4003 681 4068 Nam
713 4018 746 4069 et
773 4003 942 4069 mandator
972 4004 1014 4069 ad
1043 3988 1288 4071 restitutionem
1319 4003 1491 4089 obligatur
1516 4004 1544 4070 ⁸.

360 4116 414 4183 Ex
439 4118 503 4183 hoc
531 4116 639 4200 capite
657 4116 759 4199 repeti
778 4129 889 4199 potest
908 4115 1001 4199 quod
1020 4132 1079 4197 pro
1103 4115 1304 4182 redemtione
1325 4114 1545 4199 captivorum

395 4378 486 4428 ιΡΙιιι.
508 4379 602 4428 Timol.
625 4380 664 4441 [p.
686 4390 744 4435 asa.
765 4390 788 4427 a.
810 4378 848 4440 b.]
873 4378 903 4426 V.
929 4379 1003 4427 Gent.
1027 4376 1073 4427 llb.
1097 4390 1121 4425 a.
1145 4388 1168 4425 c.
1194 4379 1231 4426 ιθ.
1270 4374 1324 4426 ¹c.
1346 4390 1372 4435 7.
1395 4378 1429 4427 ad
1452 4390 1502 4427 art.
1526 4394 1550 4429 ι.

360 4467 436 4518 ’Tu
454 4484 478 4518 a.
494 4484 517 4518 a.
535 4484 560 4531 q.
577 4470 619 4519 δα.
637 4482 683 4519 art.
702 4482 727 4528 7.
745 4470 771 4519 in
789 4471 875 4519 concl.
