3450 5434
346 635 405 696 128
663 646 710 695 un
734 646 827 714 June
853 644 1036 693 praenes.
1066 646 1146 694 cnr.
1171 646 1205 692 x.

338 817 471 868 nostrae
489 800 738 883 disceptationi,
759 801 836 883 quis
854 798 913 865 fiat
931 820 1037 868 rerum
1058 802 1146 868 bello
1165 813 1332 883 captarum
1352 797 1517 865 dominus.

339 914 531 978 Naturalem
563 926 669 977 autem
702 912 848 979 ordinem
881 927 914 976 et
944 912 997 976 hic
1030 911 1257 993 servabimus,
1291 924 1328 975 ut
1361 910 1452 993 prius
1475 910 1517 976 de

338 1023 469 1106 privato
500 1025 697 1105 loquamur,
729 1021 894 1107 posterius
921 1021 961 1088 de
988 1023 1123 1105 publico
1151 1030 1184 1105 ¹,
1215 1020 1307 1105 quod
1328 1020 1370 1087 ad
1391 1021 1518 1105 perspi·

339 1134 493 1199 cultatem
514 1151 580 1198 non
600 1152 715 1215 parum
736 1130 875 1199 confert.
919 1133 957 1198 In
979 1152 1151 1199 commune
1172 1145 1279 1198 autem
1302 1151 1342 1198 ex
1360 1132 1413 1199 his
1432 1150 1517 1215 quae

336 1244 402 1328 J'am
434 1242 521 1308 dicta
552 1259 630 1311 sunt
647 1240 660 1278 ²
678 1242 753 1310 sciri
785 1257 920 1327 potest,
954 1244 1096 1309 eamdem
1120 1261 1189 1311 esse
1220 1258 1368 1309 naturam
1402 1260 1516 1308 eorum

339 1373 425 1437 quae
448 1354 536 1420 bello
560 1368 593 1420 et
615 1373 699 1436 quae
721 1353 755 1419 in
778 1371 908 1421 causam
929 1353 1068 1438 judicati
1091 1353 1267 1438 capiuntur
1286 1358 1315 1418 ⁸:
1347 1372 1422 1420 nam
1446 1352 1517 1419 sive

338 1463 471 1548 publica
493 1464 617 1530 accedit
639 1466 835 1548 auctoritas,
863 1465 950 1532 nihil
973 1485 990 1531 a
1013 1464 1135 1532 forensi
1159 1463 1370 1532 exsecutione
1393 1464 1516 1529 bellum

266 1627 269 1633 .
339 1572 468 1655 differt,
490 1572 554 1641 nisi
577 1576 669 1657 quod
688 1578 732 1642 ob
752 1575 931 1658 potentiam
953 1576 1131 1643 adversarii
1151 1575 1248 1641 armis
1268 1572 1429 1660 agendum
1449 1587 1515 1640 est:

338 1686 410 1753 sive
420 1685 548 1769 privata
566 1686 757 1753 necessitate
775 1700 962 1772 pugnetur,
973 1689 1077 1771 palam
1097 1700 1147 1753 est
1165 1686 1206 1753 ad
1221 1686 1277 1769 jus
1295 1684 1379 1751 illud
1396 1684 1517 1765 rediri,

339 1816 408 1879 quo
427 1796 659 1879 unusquisque
676 1815 757 1863 suus
773 1796 877 1881 judex
896 1811 973 1864 erat.
1007 1797 1117 1863 Nemo
1137 1792 1239 1882 igitur
1256 1810 1344 1862 recte
1363 1795 1516 1861 dominus

339 1905 399 1972 liet
430 1906 591 1991 praedae,
623 1908 687 1975 nisi
719 1907 778 1990 qui
807 1908 883 1991 jus,
917 1909 980 1973 hoc
1015 1921 1065 1973 est
1097 1926 1226 1973 causam
1257 1906 1372 1972 crediti
1401 1907 1514 1973 habet.

340 2016 486 2084 Omnino
505 2017 607 2102 igitur
625 2017 815 2085 eradicanda
834 2033 887 2085 est
907 2036 946 2084 ex
964 2018 1134 2084 hominum
1153 2017 1269 2084 animis
1288 2015 1369 2083 falsa
1385 2017 1515 2101 opinio,

341 2146 425 2209 quae
447 2128 541 2193 velut
562 2129 692 2194 sublata
710 2127 798 2195 omni
821 2128 906 2194 inter
929 2130 1041 2197 hostes
1061 2130 1201 2195 humana
1220 2128 1395 2209 societate,
1418 2127 1518 2211 quid-

338 2237 420 2321 quid
442 2238 574 2304 illorum
597 2237 682 2320 fuit,
705 2241 855 2323 exemplo
875 2248 933 2309 τῶν
953 2243 1136 2316 edendnm.
1160 2240 1224 2305 hoc
1247 2254 1297 2305 est
1319 2259 1434 2305 rerum
1455 2258 1517 2308 aa·

339 2353 514 2431 cantiam,
539 2348 573 2415 in
594 2350 702 2416 medio
722 2352 868 2433 positum
889 2352 965 2419 vult
986 2349 1176 2434 occupanti.
1201 2350 1408 2437 Quamquam
1429 2350 1516 2417 enim

341 2461 463 2525 multae
495 2473 573 2526 sunt
603 2475 751 2525 veterum
783 2460 985 2543 sententiae,
1019 2480 1103 2542 quae
1134 2461 1200 2524 huc
1231 2459 1410 2541 inclinent,
1440 2480 1515 2526 cunr

338 2570 506 2637 venationi
529 2584 717 2653 comparant
739 2589 842 2654 genus
867 2570 956 2637 istud
979 2568 1168 2652 acquirendi
1188 2564 1224 2651 ⁴,
1249 2566 1315 2636 ‘nec
1339 2570 1429 2637 aliud
1448 2570 1515 2655 sig-

339 2679 473 2747 nificare
495 2680 651 2746 videntur
673 2680 876 2763 sententiae,
906 2700 987 2763 quas
1010 2680 1051 2745 ad
1074 2680 1280 2747 asserendum
1300 2682 1357 2764 jus
1378 2680 1515 2763 praedae

339 2810 380 2856 ex
409 2791 596 2857 oratoribus
625 2806 658 2856 et
685 2790 893 2875 philosophis
929 2790 1025 2855 initio
1052 2793 1063 2827 ⁵
1091 2790 1328 2875 allegavimus,
1362 2805 1396 2856 et
1429 2789 1514 2857 inter

339 2901 429 2986 ipsos
455 2900 540 2986 juris
568 2916 718 2967 auctores
751 2901 874 2967 Paulus
893 2897 906 2936 ⁸
925 2921 976 2968 res
1009 2902 1096 2967 bello
1128 2916 1238 2984 captas
1260 2901 1325 2967 illis
1347 2920 1515 2969 accensere

338 3012 496 3094 videtur,
531 3031 616 3094 quae
648 3011 773 3077 nullius
804 3027 908 3092 sunt,
947 3026 1046 3094 atque
1080 3010 1160 3078 adeo
1194 3012 1300 3095 primo
1333 3012 1515 3095 possessori

339 3137 563 3205 quaeruntur,
592 3120 701 3205 negari
732 3135 839 3188 tamen
869 3140 935 3188 non
965 3137 1097 3205 potest,
1130 3123 1221 3204 quod
1251 3142 1292 3188 ne
1322 3121 1516 3205 interpretes

339 3232 471 3314 quidem
492 3244 624 3297 nostros
644 3229 656 3271 ⁷
675 3230 792 3313 latuit,
823 3250 893 3297 esse
917 3232 1217 3299 dissimilitudinem
1241 3233 1331 3299 haud
1364 3232 1514 3318 exiguam

339 3340 423 3408 inter
446 3360 505 3423 ea,
535 3360 619 3423 quae
640 3341 764 3409 nullius
786 3342 933 3409 dominio
952 3344 1099 3427 subjecta
1121 3362 1277 3425 umquam
1300 3341 1458 3424 ficerunt,
1482 3358 1516 3410 et

339 3471 397 3531 ea,
421 3470 504 3533 quae
526 3451 568 3516 ad
585 3451 697 3517 hostes
719 3452 916 3535 pertinuisse
940 3453 1161 3521 confitendum
1183 3469 1243 3521 est.
1269 3452 1356 3519 Nam
1375 3453 1403 3521 si
1422 3469 1515 3521 tanto

337 3563 414 3645 plus
445 3560 530 3628 odiis
562 3580 659 3643 quam
690 3576 827 3630 naturae
858 3563 1036 3649 largimur,
1069 3580 1107 3630 ut
1138 3566 1265 3648 legem,
1300 3582 1384 3647 quae
1406 3564 1515 3633 alieno

338 3671 500 3738 abstinere
518 3687 609 3739 vetat
618 3668 645 3754 ⁸,
657 3672 741 3738 inter
757 3674 871 3741 hostes
890 3674 1104 3759 abrogemus,
1122 3674 1206 3741 nihil
1217 3675 1325 3742 obstat
1334 3674 1516 3758 quominus

337 3795 369 3848 et
391 3796 559 3865 pactorum
573 3782 669 3849 iidem
682 3786 856 3866 tollamus,
882 3798 914 3851 et
933 3804 1028 3851 omne
1048 3784 1154 3866 illud,
1174 3786 1266 3869 quod
1284 3784 1332 3852 fas
1351 3804 1512 3852 armorum

341 3972 496 3979 ---.-.,--
508 3972 538 3980 -α

371 4064 431 4113 ¹cx
457 4077 480 4112 c.
498 4064 522 4111 6.
556 4060 609 4112 ²d.
635 4066 719 4111 concl.
747 4076 769 4112 a.
797 4075 823 4112 et
846 4065 871 4112 d.
897 4076 944 4112 art.
963 4076 985 4121 ³·
1004 4067 1088 4114 eoncl.
1107 4078 1130 4123 7.
1165 4064 1240 4115 ’ara
1261 4080 1281 4115 1.
1299 4079 1324 4115 et
1343 4081 1366 4115 2.
1384 4070 1469 4115 concl.
1488 4079 1514 4125 7.

336 4153 428 4203 ⁴Xen.
443 4154 536 4214 cyrop.
562 4153 592 4215 [l.
619 4165 643 4201 a.
666 4166 690 4201 c.
717 4166 741 4214 4.
759 4154 780 4214 ς.
800 4152 851 4214 ro]
871 4154 942 4202 Plato
960 4156 1036 4215 soph.
1055 4154 1093 4219 [p.
1112 4159 1208 4219 erpd.
1227 4157 1262 4218 e]
1282 4169 1308 4205 et
1325 4158 1356 4205 de
1372 4159 1436 4217 legg.
1453 4159 1470 4205 l.
1489 4168 1514 4214 7.

336 4244 414 4294 Arist.
430 4246 462 4292 de
480 4257 534 4304 rep.
551 4245 569 4291 l.
589 4255 611 4291 r.
628 4256 650 4291 e.
668 4244 692 4291 8.
710 4242 748 4303 [p.
767 4242 838 4299 1256.
856 4255 879 4291 a
896 4256 935 4291 vs.
953 4244 1007 4305 an]
1042 4244 1093 4293 ¹c.
1113 4259 1138 4307 4.
1171 4246 1217 4294 ⁸1.
1237 4246 1342 4296 r.ll‘.dc
1366 4260 1422 4307 acq.
1443 4260 1516 4307 poss.

335 4333 357 4395 ς.
378 4346 399 4382 1.
424 4346 449 4381 et
475 4335 493 4381 l.
520 4345 543 4388 s.
570 4333 597 4381 in
620 4330 680 4381 line.
706 4334 738 4381 de
762 4344 815 4391 aoq.
832 4344 882 4380 rer.
900 4334 969 4381 dom.
987 4347 1012 4382 er
1030 4348 1069 4394 pr.
1085 4338 1102 4384 l.
1120 4348 1144 4394 7.
1165 4335 1208 4400 [D.
1225 4350 1266 4398 41.
1286 4350 1309 4385 a.
1326 4338 1397 4385 etl).
1414 4348 1455 4398 4¹·
1477 4336 1513 4401 r.]

336 4422 615 4486 ⁷Jas.add.l.1.n.
633 4436 654 4471 r.
689 4424 910 4473 Durnadetmd.
928 4424 995 4472 Don.
1013 4426 1224 4488 Comm.l.4.o
1243 4440 1283 4476 at.
1317 4426 1425 4489 ⁸[Dedi
1443 4429 1514 4486 qnod

334 4512 360 4561 in
380 4512 463 4562 Grotii
479 4516 634 4574 autographo
651 4524 704 4574 est,
721 4522 802 4563 uetat.
820 4513 901 4574 Lege,
915 4512 1009 4577 futen]
