3450 5434
525 661 571 707 DE
594 660 688 728 June,
716 661 901 711 PRAEDAE.
927 663 1006 712 CAP.
1031 656 1064 710 Χ.
1322 668 1378 731 131

201 816 272 879 lmo
302 814 397 881 etiam
425 813 586 897 probis,
611 835 760 897 quaeex
789 816 910 882 delicto
941 817 1110 884 debentur.
1165 818 1251 883 Nam
1283 833 1316 883 et
1348 818 1381 885 in

198 924 335 1009 judiciis
362 923 417 990 fur
445 924 479 990 in
510 925 647 1007 duplum
680 941 737 992 aut
766 926 1009 1011 quadruplum,
1040 928 1073 993 in
1103 928 1236 1011 triplum
1270 944 1381 1012 raptor

199 1037 363 1103 bonorum
396 1036 426 1101 ei
459 1034 517 1118 qui
550 1037 712 1121 spoliatus
743 1052 793 1103 est
819 1037 1064 1105 condemnatur.
1111 1038 1219 1103 Etiam
1242 1038 1379 1123 injuriae

200 1148 356 1232 penditur
377 1146 559 1214 aestimatio
579 1147 770 1231 similesque
791 1168 914 1232 poenas
938 1164 995 1215 aut
1015 1151 1119 1215 laesae
1140 1150 1313 1233 parti,aut
1330 1170 1379 1215 ac-

200 1259 343 1325 cusatori
366 1259 454 1344 leges
485 1256 647 1324 deferunt.
693 1260 739 1325 Et
759 1261 822 1325 hoc
847 1275 897 1326 est
918 1261 1010 1344 quod
1030 1261 1188 1327 Boethius
1208 1260 1218 1296 ¹
1240 1260 1378 1327 interro-

200 1384 296 1455 gatus
312 1369 341 1434 si
360 1369 511 1454 cognitor
530 1369 710 1450 resideret,
732 1370 786 1435 cui
798 1371 999 1454 supplicium
1012 1371 1212 1438 inferendum
1226 1386 1376 1456 putaret,

199 1480 273 1546 cine
293 1480 352 1562 qui
373 1478 532 1560 fecisset,
555 1498 596 1545 an
620 1480 679 1561 qui
701 1482 890 1563 pertulisset
913 1482 1089 1566 injuriam,
1115 1483 1290 1565 respondet
1310 1502 1376 1549 non

199 1591 364 1675 ambigere
392 1610 450 1672 se,
474 1590 555 1675 quin
576 1610 732 1675 perpesso
754 1590 956 1659 satisfaceret
976 1593 1089 1659 dolore
1111 1592 1270 1660 facientis.
1313 1594 1377 1660 Ni-

199 1702 342 1783 mirum,
365 1717 403 1768 ut
421 1718 508 1768 recte
532 1699 735 1784 quidam¹in
757 1701 905 1768 doctrina
926 1702 966 1767 de
987 1702 1074 1768 bello
1094 1701 1245 1785 scripsit,
1268 1702 1375 1769 damni

197 1814 330 1878 nomine
358 1814 453 1898 juxta
483 1814 695 1879 Aristotelem
717 1815 729 1851 ³
752 1832 849 1878 omne
885 1811 920 1878 id
940 1812 1248 1896 comprehenditur,
1284 1814 1376 1897 quod

198 1923 276 1989 mali
295 1923 453 1991 rationem
476 1925 599 2006 habet,
622 1924 656 1988 in
677 1944 745 2007 quo
765 1942 882 2008 genere
904 1938 953 1991 est
976 1924 1071 1991 etiam
1095 1940 1227 2008 accepta
1244 1924 1374 2009 injuria.

199 2034 410 2101 Contrarium
442 2035 546 2121 igitur
573 2037 725 2118 lucrum,
750 2034 842 2117 quod
864 2036 943 2101 boni
966 2036 1065 2101 habet
1087 2035 1266 2115 rationem,
1287 2037 1376 2122 justa

198 2145 328 2212 scilicet
343 2146 512 2227 vindicta,
533 2146 617 2230 parti
639 2150 743 2212 laesae
764 2147 955 2213 naturaliter
976 2147 1141 2214 convenit.
1186 2148 1262 2235 Qua
1281 2148 1320 2213 de
1340 2168 1374 2214 re

198 2256 277 2322 alibi
304 2256 517 2323 disseruimus
540 2258 568 2322 ⁴.
614 2256 835 2325 Tantumdem
856 2276 933 2343 ergo
954 2258 988 2324 in
1018 2259 1104 2328 bello
1119 2258 1262 2342 'publico
1286 2274 1317 2324 et
1340 2260 1373 2323 in

198 2368 327 2449 privato
349 2367 594 2449 consequimur.
640 2368 743 2456 Quod
763 2368 792 2435 si
812 2387 927 2436 omnes
946 2368 1113 2449 fatentur,
1136 2390 1204 2452 quo
1223 2370 1285 2437 ista
1308 2370 1374 2435 dis·
1465 2430 1468 2441 ,

197 2477 343 2557 tinctioi
368 2478 456 2544 Illud
477 2477 560 2544 forte
584 2478 616 2545 in
639 2499 740 2545 causa
760 2494 828 2562 est,
842 2480 933 2562 quod
955 2481 1130 2547 nonnulli⁸
1151 2483 1235 2547 velle
1257 2481 1373 2547 viden-

198 2603 253 2655 tur
284 2590 370 2655 bello
401 2589 530 2673 privato
562 2606 655 2674 capta
684 2590 798 2659 venire
830 2590 864 2656 in
895 2593 1077 2673 calculum,
1108 2592 1242 2675 publico
1266 2607 1372 2658 autem

199 2700 360 2782 acquisita
389 2721 454 2766 non
485 2700 689 2784 compensari
712 2722 787 2767 cum
811 2702 922 2767 debito
947 2702 1119 2785 principali
1143 2718 1198 2783 et,
1223 2702 1373 2785 quamvis

199 2811 351 2877 damnum
371 2812 549 2893 excedant,
571 2830 700 2879 manere
728 2831 829 2895 penes
856 2825 1079 2895 occupantem.
1133 2812 1199 2879 Sed
1231 2812 1278 2877 illi
1306 2831 1372 2879 non

198 2922 277 2988 satis
295 2921 484 3007 intelligunt
501 2923 650 3005 praedam
673 2942 915 3006 omnem,quae
934 2923 1062 3007 capitur
1083 2936 1173 2988 extra
1193 2922 1372 3006 persecuti·

197 3052 293 3099 onem
314 3033 361 3099 rei
381 3048 414 3099 et
424 3034 562 3115 damna,
576 3033 709 3100 retineri
732 3054 828 3117 posse
851 3034 885 3101 in
907 3054 1067 3118 poenam,
1081 3054 1177 3117 quam
1202 3034 1371 3101 offendens

197 3144 380 3226 respublica
410 3145 553 3213 offensae
583 3145 702 3227 debet,
725 3165 785 3211 nec
808 3165 906 3229 posse
937 3166 1004 3211 eam
1028 3146 1202 3213 excedere:
1227 3160 1259 3212 et
1281 3146 1372 3229 quod

194 3254 316 3339 justam
339 3276 475 3339 poenam
499 3256 648 3339 excedit,
684 3256 719 3322 id
741 3257 832 3322 reddi
866 3272 1017 3341 oportere
1052 3258 1209 3324 Silvester
1227 3256 1239 3291 ⁸
1258 3258 1372 3325 rectis-

198 3365 278 3435 sime
309 3366 444 3450 definit,
475 3370 572 3452 cujus
593 3366 786 3433 sententiam
815 3383 848 3434 et
868 3388 929 3436 nos
950 3368 1088 3451 amplexi
1109 3387 1236 3435 sumus.
1282 3369 1370 3435 Idem

163 3474 171 3489 '
197 3496 277 3543 vero
309 3498 369 3544 cur
395 3478 429 3543 in
462 3480 550 3545 bello
581 3478 712 3562 privato
730 3478 866 3545 concedi
889 3500 955 3545 non
980 3479 1095 3546 debeat
1113 3480 1207 3563 Juxta
1230 3498 1266 3545 ea
1287 3500 1371 3563 quae

197 3588 296 3655 modo
329 3604 362 3653 et
384 3588 484 3655 latius
506 3604 600 3655 antea
622 3590 789 3672 diximus,
816 3591 974 3656 rationem
1007 3592 1129 3655 nullam
1150 3591 1259 3657 video.
1305 3591 1371 3657 Sed

197 3697 276 3782 quia
302 3698 430 3765 facilius
455 3702 561 3767 multo
579 3700 766 3786 contingit,
785 3715 824 3767 ut
843 3700 962 3784 praeda
984 3700 1113 3783 privato
1133 3701 1220 3768 bello
1244 3717 1275 3768 et
1297 3701 1371 3786 qui·

196 3810 270 3877 dem
290 3812 381 3896 justo
404 3826 499 3895 capta
518 3812 664 3878 debitum
688 3827 722 3881 et
742 3813 857 3878 damna
881 3826 913 3878 et
935 3830 1073 3895 poenam
1095 3812 1253 3896 excedat,
1272 3834 1370 3896 quam

230 4096 239 4130 ¹
258 4098 289 4145 de
315 4110 386 4147 cons.
404 4097 467 4158 phil.
490 4100 508 4145 1.
532 4111 556 4158 4
579 4098 617 4158 [p.
636 4101 692 4155 28³·
709 4096 747 4159 7.]
782 4092 793 4128 ¹
811 4098 888 4144 llcnr.
911 4095 1015 4145 Goriclr.
1031 4096 1057 4144 in
1073 4107 1144 4144 tract.
1159 4097 1190 4144 de
1208 4094 1277 4143 bello
1292 4092 1370 4153 justo.

194 4200 270 4247 prop.
286 4200 324 4235 ιο.
357 4185 417 4235 ⁸de
440 4200 503 4235 mor.
527 4190 558 4236 ad
575 4188 677 4236 Nicom.
699 4190 716 4236 l.
738 4200 760 4244 s.
778 4201 802 4236 c.
822 4198 847 4245 7.
868 4186 907 4249 [p.
927 4200 999 4245 1¹³2·
1018 4201 1038 4235 r.
1057 4200 1096 4235 vs.
1117 4199 1155 4234 ro.
1177 4186 1368 4247 et2.vs.12.]

194 4274 375 4337 ⁴ine.4.V.
392 4277 468 4325 etiam
482 4291 504 4326 c.
523 4292 545 4325 2.
562 4280 593 4326 ad
611 4280 628 4326 l.
647 4291 670 4334 5.
683 4290 709 4327 et
725 4291 748 4327 c.
766 4280 790 4325 8.
806 4279 837 4326 ad
852 4280 936 4327 concl.
958 4291 979 4326 ι.
1014 4275 1147 4325 βΛιειιίιί.
1162 4275 1188 4324 in
1206 4289 1230 4324 c.
1245 4275 1369 4324 Dominus

193 4378 289 4415 noster.
306 4366 395 4428 [Dect.
409 4369 478 4416 Grat.
492 4381 519 4428 p.
537 4381 560 4416 a.
578 4380 616 4425 2³·
633 4382 656 4417 a.
674 4367 710 4431 a]
729 4368 791 4417 silv.
805 4369 831 4417 irr
847 4384 873 4417 v.
887 4370 993 4417 Bellum.
1008 4368 1029 4430 ς.
1050 4380 1087 4415 ιο.
1097 4364 1163 4414 Vict.
1182 4364 1283 4423 dejure
1299 4366 1369 4414 belli.

193 4470 220 4506 ιι.
241 4468 281 4513 ςι.
306 4452 335 4491 '⁸
352 4460 378 4506 d.
400 4460 417 4505 l.
440 4458 509 4507 idem
535 4458 561 4506 in
586 4474 611 4507 v.
633 4459 810 4520 Repressaliae
829 4459 855 4510 in
874 4458 956 4519 princ.
973 4458 999 4507 in
1024 4470 1048 4518 4.
1066 4470 1120 4517 req.
1143 4456 1219 4505 Mart.
1239 4458 1317 4506 Laud.
1338 4459 1370 4506 de

195 4548 275 4595 bello¹
293 4562 318 4607 q.
340 4560 362 4602 5.

1197 4638 1235 4718 9*
