3450 5434
480 644 526 689 DE
549 643 643 708 JURE
670 643 851 689 euhantis.
878 646 957 690 CAP.
983 646 1045 691 Xll.
1288 642 1349 702 209

216 798 433 882 Taprobanes
456 800 612 881 pleraque
636 816 734 879 quam
757 812 869 863 exacte
892 798 989 864 nobis
1011 798 1152 865 Romani
1174 811 1181 843 ¹
1203 795 1350 877 descrip-

172 910 271 977 sere?
315 910 387 994 Jam
411 930 490 975 vero
513 924 546 974 et
569 924 712 975 caeteras
734 908 857 977 insulas
884 925 957 974 ante
982 909 1162 975 Lusitanos
1183 927 1250 976 non
1274 906 1348 971 lini·

171 1022 244 1087 timi
266 1036 393 1087 tantum
417 1022 532 1086 Persae
555 1037 588 1086 et
607 1022 751 1099 Arabes,
775 1022 833 1086 sed
853 1020 1018 1103 Europaei
1040 1019 1150 1097 etiam,
1175 1020 1348 1102 praecipue

171 1133 295 1199 Veneti
318 1148 485 1198 noverant.
531 1134 698 1199 Praeterea
732 1132 880 1199 inventio
904 1131 987 1197 nihil
1009 1132 1092 1217 juris
1116 1130 1234 1196 tribuit
1253 1134 1264 1169 ²
1283 1129 1347 1194 nisi

173 1244 207 1311 in
232 1265 292 1324 ea,
325 1264 408 1326 quae
439 1260 513 1309 ante
544 1243 768 1310 inventionem
802 1243 929 1309 nullius
951 1242 1093 1310 fuerant.
1141 1240 1249 1323 Atqui
1274 1239 1439 1305 lndil'rtll·
1455 1241 1489 1285 ¹¹·

172 1375 248 1421 cum
272 1356 313 1420 ad
335 1375 392 1421 eos
413 1354 567 1421 Lusitani
589 1371 772 1435 venerunt,
797 1355 858 1420 etsi
882 1355 1000 1437 partim
1024 1354 1205 1431 idolatrae,
1229 1351 1344 1435 partim

173 1465 403 1533 Mahumetani
424 1482 513 1532 erant
532 1466 754 1551 gravibusque
765 1465 909 1548 peccatis
921 1464 1106 1547 involuti³,
1131 1462 1346 1529 nihilominus

173 1577 307 1661 publice
330 1598 366 1643 ac
390 1576 542 1659 privatim
566 1598 673 1643 rerum
693 1577 1008 1659 possessionumque
1023 1595 1153 1642 suarum
1165 1574 1343 1640 dominium

172 1690 382 1769 habuerunt,
407 1690 499 1771 quod
521 1688 588 1754 illis
611 1688 681 1753 sine
701 1690 790 1772 justa
813 1707 912 1753 causa
936 1687 1017 1769 eripi
1043 1706 1107 1752 non
1132 1684 1252 1769 potuit.
1298 1685 1345 1749 Ita

173 1800 363 1867 certissimis
404 1799 588 1865 rationibus
625 1814 702 1882 post
735 1799 818 1865 alios
851 1814 1005 1865 auctores
1038 1796 1169 1863 maximi
1205 1794 1347 1860 nominis

174 1910 343 1977 concludit
366 1910 535 1994 Hispanus
556 1910 707 1976 Victoria
724 1911 747 1975 ⁶.
794 1910 873 1974 Non
889 1922 1050 1996 possunt,
1075 1908 1208 1989 inquit,
1235 1910 1346 1973 Chris·

175 2026 266 2087 tiani
295 2022 460 2087 seculares
490 2035 552 2087 aut
571 2022 787 2087 ecclesiastici
801 2034 968 2107 potestate
986 2020 1081 2087 ciuili
1100 2033 1131 2084 et
1146 2023 1346 2106 principata

170 2138 315 2219 privare
345 2130 514 2215 infideles,
546 2154 580 2199 aa
612 2132 787 2199 duntaxat
809 2133 934 2212 titula,
970 2136 1052 2217 qaia
1075 2128 1221 2213 infideles
1245 2144 1346 2210 sant,

176 2248 243 2308 nisi
275 2242 317 2307 ab
348 2246 393 2307 ais
416 2243 489 2308 alia
511 2245 646 2329 injuria
663 2242 821 2328 profecta
843 2247 899 2308 sit.
945 2242 1042 2307 Fides
1066 2242 1176 2321 enirn,
1200 2256 1238 2307 ut
1260 2256 1347 2307 recte

176 2354 286 2436 inquit
320 2353 468 2421 Thomas
486 2351 523 2433 ⁸,
556 2374 622 2421 non
648 2353 736 2420 tollit
757 2355 812 2439 jus
835 2356 980 2420 naturale
1003 2368 1059 2419 aut
1082 2354 1283 2432 humanum,
1308 2372 1347 2416 ex

176 2486 244 2547 quo
276 2464 421 2532 dominia
451 2464 598 2548 profecta
632 2480 725 2530 sunt:
759 2465 825 2530 imo
858 2465 989 2530 credere
1013 2463 1162 2531 infideles
1186 2482 1253 2528 non
1276 2482 1347 2529 esse

175 2598 283 2643 rerum
307 2596 438 2642 suarum
462 2576 614 2643 dominos
635 2576 834 2641 haereticum
859 2590 909 2641 est
931 2574 964 2653 ⁸,
990 2590 1022 2640 et
1044 2592 1095 2639 res
1119 2573 1247 2640 abillis
1271 2592 1348 2655 pos-

177 2707 282 2754 sessas
311 2688 377 2753 illis
408 2689 452 2753 ob
481 2689 545 2754 hoc
568 2687 676 2771 ipsum
701 2688 824 2770 eripere
847 2685 971 2751 furtum
996 2700 1046 2751 est
1069 2700 1102 2749 ct
1123 2684 1258 2767 rapina,
1281 2704 1347 2750 non

175 2800 288 2865 minus
318 2818 416 2881 quarn
451 2798 479 2864 si
514 2799 599 2864 idem
635 2798 691 2864 fiat
725 2797 939 2864 Christianis.
994 2797 1098 2861 Recte
1133 2794 1234 2879 igitur
1268 2794 1349 2859 dicit

174 2910 325 2978 Victoria
346 2930 413 2976 non
436 2910 537 2994 magis
560 2908 623 2975 ista
644 2907 683 2974 de
706 2929 803 2975 causa
826 2907 984 2991 Hispanis
1002 2908 1057 2993 jus
1076 2906 1110 2971 in
1130 2906 1230 2972 Indos
1249 2924 1348 2987 quae-

175 3022 294 3103 situm,
321 3041 418 3104 quam
440 3020 531 3088 Indis
553 3016 670 3087 fuisset
691 3020 724 3087 in
749 3020 939 3104 Hispanos,
964 3018 991 3084 si
1011 3017 1069 3100 qui
1081 3019 1212 3083 illorum
1223 3015 1348 3099 priores

177 3134 210 3200 in
244 3132 436 3216 Hispaniam
474 3131 656 3199 venissent.
703 3131 825 3213 Neque
862 3151 942 3197 vero
982 3144 1060 3197 sunt
1093 3128 1165 3195 Indi
1201 3126 1349 3193 Orientis

177 3256 321 3311 amentes
351 3260 408 3310 aut
438 3243 595 3309 insensati
628 3242 685 3308 sed
715 3242 880 3327 ingeniosi
912 3256 944 3307 et
976 3243 1147 3321 sollertes,
1180 3239 1225 3304 ita
1248 3254 1348 3304 utne

177 3356 255 3422 hinc
278 3355 411 3437 quidem
434 3369 622 3438 praetextus
644 3352 842 3439 subjiciendi
861 3352 970 3436 possit
987 3352 1138 3431 desumi,
1163 3350 1222 3434 qui
1240 3365 1347 3415 tamen

177 3487 235 3550 per
257 3486 292 3531 se
314 3466 395 3532 satis
416 3480 466 3533 est
494 3464 684 3532 manifestae
714 3464 909 3547 iniquitatis.
954 3464 1025 3549 Jam
1049 3464 1127 3529 olim
1150 3461 1349 3527 Plutarchus

176 3582 323 3665 πρόφασιν
341 3580 510 3659 πλεονεξίας
529 3575 633 3643 fuisse
653 3576 734 3642 dicit
749 3581 944 3660 νζμερῶσοιιτὰ
953 3576 1144 3659 βαρβαρικά,
1169 3572 1349 3654 improbam

177 3687 305 3753 scilicet
332 3688 428 3753 alieni
458 3687 670 3769 cupiditatem
699 3689 762 3753 hoc
791 3685 852 3751 sibi
883 3686 995 3750 velum
1024 3684 1225 3762 obtendere,
1259 3683 1350 3764 quod

178 3798 356 3865 barbariem
385 3797 633 3865 mansuefaciat.
680 3797 727 3863 Et
754 3816 843 3863 nunc
873 3794 968 3861 etiarn
997 3795 1088 3860 color
1108 3794 1162 3859 ille
1181 3792 1350 3877 redigendi

177 3910 299 3975 invitas
327 3926 441 3995 gentes
471 3910 511 3975 ad
541 3928 648 3975 mores
678 3907 908 3988 humaniores,
944 3904 1002 3987 qui
1033 3905 1172 3971 Graecis
1205 3903 1283 3969 olim
1319 3916 1351 3967 et

179 4022 369 4088 Alexandro
401 4036 579 4104 usurpatus
613 4035 685 4099 est,
717 4017 922 4101 atheologis
954 4015 1132 4096 omnibus,
1163 4013 1350 4097 praesertim

176 4201 369 4212 -—----—3--

213 4302 221 4333 ¹
240 4304 272 4349 V.
289 4303 353 4350 Plin.
375 4304 434 4351 Nat.
451 4302 510 4352 hist.
534 4306 551 4351 l.
574 4305 598 4352 6.
622 4316 645 4353 c.
671 4316 711 4351 aa.
745 4299 790 4349 ²1.
815 4316 838 4359 3.
861 4300 887 4349 ff.
910 4303 941 4349 cle
963 4313 1018 4359 acq.
1043 4312 1090 4346 rer.
1112 4299 1178 4346 dom
1199 4294 1241 4358 [1).
1256 4310 1297 4357 41.
1317 4296 1351 4357 1.]

178 4393 315 4441 ¹c0varr.
336 4394 403 4442 inc.
427 4406 568 4454 peccatum.
588 4398 610 4453 5.
632 4404 796 4441 10.n.2.ct
815 4406 839 4453 4
862 4404 886 4439 ct
905 4404 927 4447 5.
961 4389 1021 4439 ⁴de
1046 4400 1100 4449 pot.
1123 4388 1258 4447 civ.p.1·.
1281 4400 1306 4434 n.
1329 4400 1353 4447 9.

178 4484 588 4544 5111111111111.11111111.
622 4485 718 4533 111111.
733 4483 847 4533 deludis
866 4498 891 4543 p.
911 4496 931 4529 1.
949 4494 974 4529 n.
989 4494 1013 4541 4.
1032 4492 1055 4535 5.
1073 4481 1097 4527 6.
1112 4490 1136 4537 7.
1155 4490 1179 4525 et
1199 4490 1237 4539 ¹9·

1184 4588 1220 4647 14
