3450 5434
327 635 382 674 vlll
828 631 992 674 uenenum.

327 808 421 862 locun
445 806 593 863 tenuerint
614 805 837 872 Memnonistae,
857 805 988 862 homines
1009 803 1045 860 ab
1065 803 1144 861 omni
1166 804 1244 862 bello
1265 804 1363 863 alieni.
1392 805 1497 878 Itaque

327 909 356 966 hi
378 926 455 967 suam
478 906 598 982 praedae
619 921 728 984 partem
750 908 917 966 abnuerunt
938 910 985 965 vel
1007 908 1157 981 portiones
1176 906 1384 966 vendiderunt.
1405 908 1498 966 Fuere

327 1011 429 1080 etiam,
457 1012 508 1085 qui
537 1009 566 1068 id
587 1012 690 1070 fecisse
719 1027 777 1068 non
797 1011 948 1082 contenti,
968 1027 1073 1070 novam
1096 1011 1269 1070 Societatem
1289 1010 1416 1069 condere
1436 1015 1498 1070 vel-

328 1117 405 1185 lent,
433 1131 506 1187 quae
533 1115 623 1172 unice
650 1113 841 1186 negotiationi
870 1129 986 1187 operam
1014 1113 1096 1173 daret
1123 1125 1154 1173 et
1180 1130 1198 1171 a
1225 1115 1309 1172 bellis
1329 1115 1499 1173 abstineret.

329 1218 370 1276 At
392 1217 569 1291 respublica,
590 1233 664 1291 quae
685 1215 802 1275 Indicae
823 1217 1016 1291 navigationis
1038 1218 1224 1292 privilegium
1244 1219 1336 1292 priori
1359 1219 1498 1277 societati

328 1332 522 1390 concesserat,
543 1336 646 1378 novam
664 1321 746 1377 aliam
764 1320 849 1394 juxta
863 1322 940 1378 illam
962 1321 1101 1379 exsistere
1122 1337 1181 1380 non
1202 1322 1379 1396 patiebatur.
1410 1322 1496 1380 Hanc

328 1425 366 1482 ob
388 1441 499 1483 causam
521 1424 563 1481 illi
585 1439 645 1481 earn
667 1425 697 1482 in
719 1425 843 1482 Galliam
863 1425 1035 1493 transferre,
1055 1436 1085 1482 et
1107 1424 1228 1482 Henrici
1251 1425 1294 1482 IV
1306 1425 1414 1499 opibus
1429 1424 1498 1482 sub·

329 1528 391 1584 nixi
421 1525 548 1585 Indicant
577 1528 803 1600 negotiationem
831 1529 959 1602 experiri
987 1526 1187 1587 intendebant.
1236 1526 1292 1586 Sed
1321 1544 1365 1585 res
1390 1539 1499 1586 eventu

327 1632 431 1689 caruit.
479 1630 605 1689 Ordines
632 1633 708 1689 enim
735 1632 794 1704 regi
815 1632 935 1706 eiusque
954 1632 1093 1690 ministris
1113 1631 1248 1690 omnibus
1268 1629 1361 1689 modis
1382 1646 1498 1706 persua·

282 1765 284 1770 ·
329 1749 407 1804 sere,
426 1745 461 1792 ut
482 1751 541 1791 rem
563 1732 729 1804 differrent,
749 1745 779 1792 et
802 1735 975 1792 Societatem
996 1753 1055 1793 non
1077 1745 1220 1794 crearent.

368 1837 477 1910 Magna
496 1853 561 1910 pars
583 1837 731 1894 hominum
759 1834 796 1893 de
815 1837 879 1908 jure
897 1837 1018 1911 praedae
1040 1838 1081 1895 ita
1102 1837 1261 1906 sentiebat,
1281 1834 1370 1910 idque
1391 1835 1499 1894 Grotio

331 1938 366 1997 ad
396 1939 643 1998 Commentariun
672 1938 915 1998 conscribendum
941 1956 1036 1996 ansam
1064 1938 1175 1997 dedisse
1195 1949 1324 2012 apparet.
1365 1937 1502 1996 Fruinius

330 2042 489 2100 arbitratur
515 2031 580 2100 curn
608 2043 688 2101 hunc
717 2042 844 2101 laborem
867 2044 1027 2116 suscepisse
1047 2043 1110 2118 ipsa
1133 2040 1279 2100 Societate
1296 2054 1433 2112 auctore,
1451 2040 1500 2099 cui

330 2146 360 2202 in
389 2145 442 2203 hac
470 2163 555 2204 causa
586 2157 685 2205 orator
717 2145 852 2206 adfuerit.
896 2146 1056 2222 Utcunque
1076 2165 1106 2206 se
1127 2164 1159 2206 ea
1180 2164 1224 2206 res
1243 2147 1360 2217 habeat,
1379 2162 1418 2203 ex
1438 2146 1502 2219 ipso

332 2248 550 2308 Commentario
567 2250 686 2309 Indicae
708 2252 860 2309 SocietatIs
880 2267 964 2309 causa
985 2252 1133 2326 scrIpsisse
1152 2267 1217 2310 eum
1237 2251 1418 2310 manifestum
1439 2259 1503 2318 est,

331 2364 365 2411 ut
386 2351 551 2412 ostenderet
572 2353 705 2428 praedam
726 2355 762 2413 ab
785 2355 996 2413 Hemskerclrio
1017 2368 1132 2430 captam
1151 2356 1303 2414 societatis
1321 2369 1397 2422 esse,
1415 2367 1501 2426 quam

331 2457 395 2530 jure
419 2469 448 2516 et
471 2458 500 2515 in
522 2469 670 2531 posterum
692 2459 839 2517 Lusitanis
861 2460 969 2517 bellum
989 2461 1133 2518 illaturam
1153 2471 1183 2518 et
1204 2457 1321 2533 praedas
1342 2457 1378 2515 ab
1398 2457 1432 2514 iis
1452 2471 1502 2513 ac·

334 2572 438 2620 turam.
479 2561 587 2620 Verum
616 2562 725 2620 Grotio
750 2575 784 2620 ut
805 2561 835 2620 id
856 2563 941 2621 nobis
961 2561 1162 2637 persuaderet,
1181 2564 1348 2622 universum
1366 2560 1411 2634 jus
1431 2559 1502 2616 belli

332 2663 535 2739 explicandum
564 2666 638 2725 fuit:
666 2668 720 2725 bac
749 2683 832 2725 causa
852 2667 928 2725 euim
950 2668 1132 2741 quaestiones
1152 2666 1292 2740 plurimae
1312 2662 1502 2723 contineban-

332 2780 399 2838 tur,
420 2785 493 2844 quae
514 2771 600 2828 unice
620 2785 659 2828 ex
679 2771 743 2844 jure
764 2771 894 2844 gentium
915 2772 1055 2830 illustrari
1076 2782 1202 2845 possent.
1242 2770 1343 2843 Itaque
1363 2769 1393 2825 in
1410 2766 1502 2841 prima

333 2873 400 2931 libri
429 2885 511 2948 parte
539 2873 575 2932 de
595 2891 681 2934 causa
700 2876 791 2945 nihil,
811 2874 860 2934 sed
882 2876 974 2949 ipsum
994 2876 1041 2949 ius
1060 2873 1183 2949 praedae
1202 2874 1341 2947 exponit:
1363 2873 1433 2930 haec
1453 2887 1502 2942 ap·

333 2981 422 3051 pellat
447 2979 618 3051 Dogrnatica
646 2977 681 3036 de
706 2979 770 3050 jure
798 2977 928 3051 praedae.
953 2975 997 3054 (c.
1029 2994 1054 3035 r.
1081 2979 1111 3034 iu
1140 2975 1225 3054 fine.)

375 3081 513 3154 Sequitur
535 3083 624 3138 altera
644 3096 726 3155 pars,
753 3096 810 3153 qua
838 3080 922 3137 nobis
950 3095 1046 3138 rerum
1074 3089 1163 3138 status
1181 3080 1260 3136 illius
1281 3078 1418 3151 temporis
1440 3075 1503 3134 des·

335 3183 475 3253 cribitur,
502 3183 634 3256 inprimis
665 3183 872 3241 Lusitanorum
898 3181 1018 3241 infestus
1046 3182 1142 3256 Belgis
1168 3183 1295 3250 animus,
1319 3198 1356 3239 ex
1376 3197 1437 3254 quo
1458 3180 1502 3237 illi

334 3287 363 3343 in
395 3284 505 3344 Indiam
536 3287 671 3360 navigare
702 3287 801 3361 ibique
832 3287 1006 3345 commercia
1036 3302 1174 3345 exercere
1201 3295 1371 3360 coeperunt.
1419 3284 1501 3342 Haec

335 3389 457 3447 Grotius
479 3389 627 3449 Historica
645 3401 740 3449 vocat.
782 3391 919 3449 Fruinius
940 3390 1035 3448 fontes
1056 3391 1238 3464 exploravit,
1258 3389 1395 3464 equibus
1411 3387 1502 3462 scrip·

336 3504 382 3551 tor
401 3494 578 3552 narrationes
596 3511 658 3553 suas
676 3495 787 3564 hausit,
807 3507 837 3553 et
858 3494 1001 3568 comperit
1021 3511 1154 3568 magnum
1174 3510 1240 3553 eum
1260 3492 1501 3552 documentorum

336 3612 485 3655 numerum
514 3607 582 3654 ante
610 3600 710 3655 oculos
747 3597 895 3666 habuisse,
923 3613 996 3670 quae
1019 3611 1088 3672 post
1118 3613 1183 3656 eum
1211 3598 1371 3672 inspexerit
1402 3612 1504 3666 nemo,

336 3712 365 3758 et
391 3717 515 3774 quorum
542 3717 608 3774 pars
639 3711 752 3759 tanturn
785 3701 919 3775 supersit.
969 3703 1073 3778 Itaque
1107 3703 1151 3761 his
1181 3705 1273 3760 multa
1299 3701 1504 3766 continentur,

337 3821 412 3878 quae
433 3804 503 3862 alibi
525 3821 666 3879 nusquam
689 3807 825 3878 leguntur
845 3815 876 3863 et
896 3804 932 3864 ad
961 3807 1110 3867 historiam
1142 3805 1259 3864 Indicae
1290 3802 1504 3863 Hollandorum

337 3909 530 3982 navigationis
551 3910 709 3982 pertinent.

377 4013 446 4071 Post
470 4012 619 4071 Historica
640 4013 771 4085 sequitur
790 4024 881 4086 caput
898 4012 1117 4082 duodecimum,
1138 4012 1223 4086 cujus
1243 4011 1335 4084 major
1354 4028 1419 4084 pars
1439 4010 1506 4068 Ma·

338 4119 375 4175 ris
404 4117 488 4175 liberi
515 4117 604 4174 titulo
631 4118 781 4191 separatim
810 4117 888 4176 edita
915 4130 968 4177 est.
1009 4117 1154 4191 Opusculi
1175 4115 1260 4189 buius
1281 4115 1366 4173 finem
1387 4127 1418 4172 et
1438 4130 1505 4188 pro·

337 4223 461 4294 positum
484 4223 645 4280 accuratius
667 4223 884 4294 cognoscimus,
905 4239 970 4280 cunr
991 4220 1026 4278 ad
1048 4224 1143 4279 Iocum
1164 4219 1353 4288 attendimus,
1373 4219 1424 4278 ubi
1445 4218 1505 4291 pri-

337 4342 413 4383 munr
442 4327 600 4398 legebatur.
641 4324 904 4384 Demonstrandum
930 4338 991 4383 erat
1016 4324 1140 4394 Grotio,
1161 4325 1316 4383 Lusitanos
1338 4326 1422 4381 nullo
1441 4322 1506 4396 jure

337 4429 452 4487 batavis
474 4430 580 4488 bellum
603 4431 711 4497 facere,
733 4428 812 4503 quod
834 4445 883 4488 sua
904 4428 1019 4487 Indicae
1041 4429 1246 4502 negotiationis
1267 4428 1421 4502 privilegia
1441 4428 1505 4486 vio
