3450 5434
670 653 716 698 De
740 651 833 719 JURE
861 650 1043 698 putabar..
1069 652 1149 699 CAP.
1173 652 1252 701 vlll.

1144 808 1285 891 optimus
1307 804 1366 869 ille

545 916 722 999 Militiae,
744 919 801 980 cui
815 927 1017 1001 postremum
1034 918 1248 1001 primumque
1272 918 1363 981 tutti

540 1027 637 1092 Inter
656 1027 744 1092 bella
762 1024 873 1109 fidem.

408 1136 456 1202 lta
487 1150 526 1201 ut
556 1156 615 1201 nec
641 1151 750 1203 metus
772 1134 961 1219 accipienda
983 1134 1028 1199 sit
1051 1134 1239 1217 excusatio,
1263 1154 1337 1200 cum
1358 1134 1455 1201 etiam
1478 1135 1539 1217 qui

366 1246 440 1311 mali
463 1246 590 1313 vitandi
612 1264 708 1313 causa
731 1245 912 1330 quidquam
936 1243 1106 1327 promisit,
1129 1264 1246 1329 negare
1261 1264 1328 1311 non
1348 1244 1454 1328 possit
1473 1246 1540 1313 hoc

365 1376 401 1422 se
424 1376 522 1437 quarn
545 1360 680 1423 alterum
704 1356 866 1423 maluisse.
911 1356 1076 1421 Voluntas
1100 1353 1202 1439 igitur
1223 1355 1287 1420 hoc
1307 1355 1407 1421 modo
1428 1370 1539 1421 coacta

365 1469 521 1533 voluntas
543 1481 613 1547 est,
646 1482 677 1533 et
699 1466 883 1535 adversario
905 1464 1090 1550 significata
1112 1464 1248 1550 obligat.
1293 1466 1370 1552 Qua
1392 1464 1425 1532 in
1447 1480 1540 1548 parte

365 1578 596 1659 theologorum
614 1586 622 1620 ¹
640 1576 743 1663 magis
765 1575 968 1658 sententiae,
988 1595 1086 1657 quam
1103 1576 1364 1661 Jurisperitorum
1386 1576 1538 1642 standum

366 1701 429 1754 est.
458 1687 511 1753 Illi
532 1686 617 1753 enim
638 1688 794 1753 rationem
813 1702 998 1770 sequuntur
1015 1688 1219 1768 naturalem,
1235 1687 1271 1751 hi
1289 1705 1370 1753 vero
1388 1686 1540 1753 instituta

366 1796 499 1879 civilia,
523 1818 607 1880 quae
638 1797 790 1864 utilitatis
813 1797 953 1883 alicujus
976 1816 1073 1863 causa
1094 1795 1289 1880 permittunt
1319 1796 1391 1862 fieri
1420 1816 1539 1879 saepe,

228 1911 350 2013 2232th
368 1908 459 1989 quod
482 1906 607 1990 alioqui
629 1906 736 1973 iacere
757 1926 825 1973 non
847 1906 936 1973 licet.
978 1907 1143 1973 Voluntas
1164 1922 1271 1973 autem
1289 1925 1355 1973 non
1373 1905 1541 1973 federibus

368 2034 494 2084 tantum
511 2033 545 2083 et
561 2019 689 2101 pactis,
712 2017 771 2083 sed
788 2017 896 2084 tacitis
917 2017 1013 2084 etiarn
1023 2017 1156 2102 judiciis
1168 2016 1390 2101 adstringitur.
1417 2016 1453 2081 Si
1464 2016 1542 2097 quis

368 2128 469 2212 igitur
484 2128 645 2211 praesidia
664 2128 802 2212 alicujus
819 2128 936 2209 intrat,
955 2127 999 2193 ita
1018 2143 1056 2193 ut
1073 2128 1135 2193 sub
1152 2128 1257 2210 ipsius
1273 2127 1317 2193 sit
1334 2126 1543 2210 possessione

368 2253 467 2321 atque
489 2253 674 2321 potestate,
698 2239 727 2305 is
747 2237 834 2305 inid
854 2252 982 2321 tempus
996 2252 1119 2320 partem
1139 2258 1174 2303 se
1196 2237 1438 2320 quodammodo
1461 2236 1543 2303 facit

367 2350 439 2433 ejus
460 2349 625 2432 corporis,
645 2364 679 2415 et
696 2349 779 2416 nihil
797 2369 833 2415 se
850 2363 964 2415 contra
983 2350 1053 2433 ejus
1073 2350 1209 2414 salutem
1231 2363 1394 2414 statumve
1414 2347 1542 2430 imperii

367 2460 628 2525 machinaturum
655 2460 786 2527 silentio
814 2458 893 2525 satis
920 2458 1104 2541 profitetur.
1148 2458 1197 2524 Ita
1217 2459 1403 2542 proditores
1426 2472 1459 2523 et
1481 2458 1543 2523 im·

369 2572 486 2635 missos
518 2569 672 2650 sicarios,
704 2571 877 2652 multoque
898 2568 1000 2653 magis
1020 2568 1186 2637 veneficos
1209 2570 1454 2648 detestamur',
1475 2568 1541 2634 hoc

369 2681 467 2745 etiam
488 2699 587 2747 seusu
607 2694 647 2745 ut
666 2699 733 2746 non
749 2679 857 2747 minus
872 2680 1018 2765 jubendo
1040 2699 1136 2763 quarn
1150 2680 1359 2760 exsequendo
1372 2678 1542 2760 delinqua-

369 2806 441 2871 tur,
455 2791 633 2873 cademque
650 2791 745 2873 culpa
760 2804 792 2855 et
805 2804 958 2855 emtorem
978 2791 1133 2857 scelerum
1151 2802 1261 2855 teneat
1273 2804 1307 2855 et
1321 2787 1543 2866 venditorem,

368 2902 587 2984 videmusque
609 2902 689 2965 haec
719 2900 796 2966 talia
818 2915 945 2968 veteres
966 2900 1135 2967 Romanos
1157 2919 1334 2982 numquam
1356 2916 1542 2981 usurpasse.

369 3013 544 3078 Caeterum
564 3010 641 3075 belli
664 3009 801 3075 insidiae
819 3011 926 3095 justae
948 3024 1028 3075 sunt
1047 3028 1275 3092 omnes,quas
1297 3008 1442 3093 prudens
1464 3009 1543 3075 hos-

370 3122 413 3189 tis
440 3141 507 3186 non
536 3120 695 3185 immerito
727 3134 851 3185 metuat
890 3135 922 3185 et
951 3120 984 3185 in
1016 3120 1139 3202 quibus
1172 3121 1264 3186 nulla
1297 3134 1346 3185 est
1379 3118 1543 3184 amicitiae

370 3232 549 3298 simulatio.
596 3228 677 3293 Cum
697 3233 771 3314 quis
782 3231 915 3315 justum
934 3228 1054 3294 bellum
1073 3232 1270 3316 susceperit,
1293 3243 1408 3293 utrum
1427 3242 1544 3314 aperte

364 3356 492 3427 pugnet
520 3362 565 3404 an
591 3361 632 3405 tx
656 3339 790 3405 insidiis
810 3338 900 3404 nihil
918 3340 1150 3424 adjustitiam
1171 3344 1311 3405 interest
1330 3340 1353 3405 ⁸.
1398 3338 1445 3405 Et
1467 3340 1544 3404 hac-

370 3466 466 3518 tenus
488 3450 633 3533 Ulpiano
659 3466 691 3515 et
724 3450 933 3516 Socraticis*
956 3449 1151 3517 assentimur
1177 3452 1301 3515 bonum
1332 3468 1401 3517 esse
1428 3450 1542 3517 dolum

370 3563 428 3645 qui
450 3562 606 3628 adversus
624 3561 751 3627 hostem
773 3579 871 3626 usum
894 3560 1002 3627 habet.
1025 3560 1127 3647 Quod
1147 3559 1250 3645 igitur
1267 3559 1365 3625 modo
1378 3559 1544 3639 diximus,

367 3674 456 3757 juste
477 3672 544 3757 geri
564 3673 686 3737 bellum
699 3671 738 3736 ab
761 3670 813 3736 his
836 3670 894 3753 qui
912 3686 1030 3754 sponte
1042 3684 1177 3755 gerunt,
1201 3686 1365 3752 quatenus
1387 3670 1471 3737 intra
1487 3673 1544 3757 jus

370 3797 479 3849 manet
500 3797 533 3848 et
560 3782 645 3848 intra
664 3800 817 3865 personas
841 3781 909 3866 juri
931 3780 1111 3866 obligatas,
1131 3780 1429 3863 interpretationem
1459 3782 1544 3847 lranc

403 4062 503 4113 ¹Fern.
526 4064 599 4113 Diae.
623 4066 655 4113 ad
678 4066 768 4113 ducem
793 4063 895 4126 Regini.
918 4078 970 4127 reg.
995 4078 1019 4121 5·
1043 4064 1074 4113 V.
1097 4064 1158 4113 silv.
1182 4064 1208 4113 in
1232 4078 1258 4115 v.
1282 4066 1388 4114 Bellum.
1418 4079 1441 4116 r.
1466 4080 1493 4115 n.
1519 4082 1545 4130 9.

369 4155 501 4204 Panthcol.
516 4155 590 4203 Rain.
607 4154 699 4203 Pisani.
716 4154 743 4202 in
761 4170 787 4205 v.
804 4154 911 4204 Bellum.
929 4168 952 4204 c.
971 4166 994 4212 5.
1012 4156 1090 4203 Mart.
1107 4156 1185 4203 Laud.
1202 4170 1227 4216 q.
1246 4168 1286 4217 24.
1313 4152 1324 4188 ²
1341 4156 1372 4205 V.
1390 4156 1449 4205 Alb.
1468 4158 1545 4206 Gent.

371 4240 402 4294 de
420 4243 475 4301 jure
493 4244 564 4292 belli.
581 4246 598 4291 l.
617 4258 640 4291 a.
655 4258 678 4292 c.
697 4256 720 4301 3.
737 4257 762 4305 4
781 4256 804 4300 5.
823 4256 920 4305 etseq.
953 4242 964 4275 ⁸
982 4248 1087 4305 August.
1106 4248 1209 4311 Quaest.
1227 4250 1244 4293 l.
1261 4246 1285 4295 6.
1304 4260 1329 4307 q.
1350 4260 1390 4296 ro.
1409 4247 1502 4297 citatur
1517 4248 1545 4296 ln

370 4348 394 4383 c.
411 4334 543 4383 Dominus.
561 4334 650 4396 [Dect.
668 4336 737 4383 Grat.
754 4348 780 4394 p.
800 4348 822 4382 2.
842 4348 883 4392 2³·
903 4349 926 4383 a.
945 4333 982 4397 a]
1018 4335 1029 4367 ⁴
1046 4338 1063 4383 l.
1086 4350 1106 4383 r.
1126 4339 1149 4394 ς.
1167 4349 1220 4384 non
1239 4336 1296 4386 suit.
1317 4336 1342 4385 ff.
1360 4340 1392 4386 de
1413 4340 1484 4387 dolo.
1500 4338 1546 4399 [D.

369 4438 395 4484 4.
415 4436 437 4480 ³·
462 4416 522 4485 r.§.'
542 4424 577 4485 ³·]
596 4425 667 4471 Plato
686 4426 718 4473 de
734 4438 789 4484 rep.
806 4427 824 4472 l.
843 4438 865 4472 2.
886 4425 925 4486 [p.
944 4428 1002 4483 382.
1020 4426 1055 4487 c.]
1077 4438 1101 4473 et
1129 4430 1146 4474 l.
1173 4439 1195 4483 s.
1223 4424 1260 4489 [p.
1284 4430 1342 4487 389.
1367 4426 1403 4489 b.]
1428 4428 1546 4487 Xenoph.

371 4515 469 4561 Corum.
487 4515 504 4561 l.
522 4527 547 4575 4.
566 4514 601 4574 [c.
620 4528 643 4561 a.
663 4518 685 4571 ς.
705 4526 743 4569 rs.
762 4514 812 4575 sq]
831 4516 908 4563 Mart.
926 4515 1003 4563 Laud.
1021 4530 1046 4576 q.
1064 4530 1106 4577 44.
