<?xml version="1.0" encoding="UTF-8"?>
<!DOCTYPE html PUBLIC "-//W3C//DTD XHTML 1.0 Transitional//EN"
    "http://www.w3.org/TR/xhtml1/DTD/xhtml1-transitional.dtd">
<html xmlns="http://www.w3.org/1999/xhtml" xml:lang="en" lang="en">
 <head>
  <title>
</title>
<meta http-equiv="Content-Type" content="text/html;charset=utf-8" />
  <meta name='ocr-system' content='tesseract 3.04.00' />
  <meta name='ocr-capabilities' content='ocr_page ocr_carea ocr_par ocr_line ocrx_word'/>
</head>
<body>
  <div class='ocr_page' id='page_1' title='image "./ledroitdeprised02hamagoog_0035.png"; bbox 0 0 3450 5434; ppageno 0'>
   <div class='ocr_carea' id='block_1_1' title="bbox 529 645 1384 714">
    <p class='ocr_par' dir='ltr' id='par_1_1' title="bbox 529 645 1384 714">
     <span class='ocr_line' id='line_1_1' title="bbox 529 645 1384 714; baseline 0.002 -21"><span class='ocrx_word' id='word_1_1' title='bbox 529 645 577 694; x_wconf 84' lang='lat' dir='ltr'><em>DE</em></span> <span class='ocrx_word' id='word_1_2' title='bbox 599 647 693 713; x_wconf 70' lang='lat' dir='ltr'><em>June</em></span> <span class='ocrx_word' id='word_1_3' title='bbox 715 646 901 697; x_wconf 68' lang='lat' dir='ltr'><em>suanus.</em></span> <span class='ocrx_word' id='word_1_4' title='bbox 922 647 1003 697; x_wconf 81' lang='lat' dir='ltr'><em>CAP.</em></span> <span class='ocrx_word' id='word_1_5' title='bbox 1026 648 1067 696; x_wconf 90' lang='lat'><em>11.</em></span> <span class='ocrx_word' id='word_1_6' title='bbox 1344 648 1384 714; x_wconf 70' lang='lat'><em>13</em></span> 
     </span>
    </p>
   </div>
   <div class='ocr_carea' id='block_1_2' title="bbox 168 800 1507 4022">
    <p class='ocr_par' dir='ltr' id='par_1_2' title="bbox 211 800 1384 1896">
     <span class='ocr_line' id='line_1_2' title="bbox 212 800 1384 890; baseline 0.002 -22"><span class='ocrx_word' id='word_1_7' title='bbox 212 802 353 887; x_wconf 89' lang='lat' dir='ltr'><em>derunt,</em></span> <span class='ocrx_word' id='word_1_8' title='bbox 375 801 495 868; x_wconf 90' lang='lat' dir='ltr'><em>Cicero</em></span> <span class='ocrx_word' id='word_1_9' title='bbox 516 812 525 846; x_wconf 92' lang='lat'>¹</span> <span class='ocrx_word' id='word_1_10' title='bbox 547 816 580 868; x_wconf 92' lang='lat' dir='ltr'><em>et</em></span> <span class='ocrx_word' id='word_1_11' title='bbox 598 803 763 886; x_wconf 82' lang='lat' dir='ltr'><em>Apuleius</em></span> <span class='ocrx_word' id='word_1_12' title='bbox 783 804 795 841; x_wconf 82' lang='lat'><em>²</em></span> <span class='ocrx_word' id='word_1_13' title='bbox 811 802 913 888; x_wconf 89' lang='lat' dir='ltr'><em>foras</em></span> <span class='ocrx_word' id='word_1_14' title='bbox 935 815 1084 890; x_wconf 87' lang='lat' dir='ltr'><em>spectare</em></span> <span class='ocrx_word' id='word_1_15' title='bbox 1105 800 1241 872; x_wconf 86' lang='lat' dir='ltr'><em>dicunt:</em></span> <span class='ocrx_word' id='word_1_16' title='bbox 1265 803 1384 886; x_wconf 83' lang='lat' dir='ltr'><em>deque</em></span> 
     </span>
     <span class='ocr_line' id='line_1_3' title="bbox 211 913 610 998; baseline -0.008 -15"><span class='ocrx_word' id='word_1_17' title='bbox 211 917 372 998; x_wconf 84' lang='lat' dir='ltr'><em>praeclare</em></span> <span class='ocrx_word' id='word_1_18' title='bbox 394 914 561 982; x_wconf 86' lang='lat' dir='ltr'>Hesiodus</span> <span class='ocrx_word' id='word_1_19' title='bbox 581 913 610 980; x_wconf 83' lang='lat'><em>⁸:</em></span> 
     </span>
     <span class='ocr_line' id='line_1_4' title="bbox 341 1029 1074 1112; baseline -0.001 -15"><span class='ocrx_word' id='word_1_20' title='bbox 341 1029 421 1097; x_wconf 75' lang='grc' dir='ltr'><strong><em>σθνδε</em></strong></span> <span class='ocrx_word' id='word_1_21' title='bbox 438 1032 498 1112; x_wconf 72' lang='grc' dir='ltr'><em>γὰρ</em></span> <span class='ocrx_word' id='word_1_22' title='bbox 517 1031 680 1112; x_wconf 79' lang='grc' dir='ltr'><strong><em>σθνθριθνιοισι</em></strong></span> <span class='ocrx_word' id='word_1_23' title='bbox 702 1030 785 1111; x_wconf 79' lang='grc' dir='ltr'><strong><em>νόμον</em></strong></span> <span class='ocrx_word' id='word_1_24' title='bbox 805 1030 918 1110; x_wconf 60' lang='lat' dir='ltr'><em>dedra&amp;</em></span> <span class='ocrx_word' id='word_1_25' title='bbox 938 1031 1074 1112; x_wconf 70' lang='grc' dir='ltr'><strong><em>Κρονίων,</em></strong></span> 
     </span>
     <span class='ocr_line' id='line_1_5' title="bbox 340 1141 1033 1224; baseline 0.007 -14"><span class='ocrx_word' id='word_1_26' title='bbox 340 1143 435 1224; x_wconf 77' lang='grc' dir='ltr'><strong><em>θχθθσι</em></strong></span> <span class='ocrx_word' id='word_1_27' title='bbox 457 1143 511 1222; x_wconf 71' lang='grc' dir='ltr'><em>μὲν</em></span> <span class='ocrx_word' id='word_1_28' title='bbox 528 1143 578 1208; x_wconf 73' lang='grc' dir='ltr'><strong><em>κον)</em></strong></span> <span class='ocrx_word' id='word_1_29' title='bbox 600 1141 675 1224; x_wconf 78' lang='grc' dir='ltr'><strong><em>θηρσὶ</em></strong></span> <span class='ocrx_word' id='word_1_30' title='bbox 698 1142 748 1208; x_wconf 80' lang='lat' dir='ltr'><em>naci</em></span> <span class='ocrx_word' id='word_1_31' title='bbox 768 1143 867 1217; x_wconf 77' lang='grc' dir='ltr'><em>οἰωνοῖς</em></span> <span class='ocrx_word' id='word_1_32' title='bbox 888 1150 1033 1218; x_wconf 74' lang='grc' dir='ltr'><strong><em>πετεηνοῖς</em></strong></span> 
     </span>
     <span class='ocr_line' id='line_1_6' title="bbox 340 1253 1171 1334; baseline 0.008 -17"><span class='ocrx_word' id='word_1_33' title='bbox 340 1253 457 1334; x_wconf 76' lang='grc' dir='ltr'><strong><em>ἐσθέμεν</em></strong></span> <span class='ocrx_word' id='word_1_34' title='bbox 475 1253 639 1330; x_wconf 69' lang='grc' dir='ltr'><strong><em>ἀλλήλους,</em></strong></span> <span class='ocrx_word' id='word_1_35' title='bbox 663 1254 725 1321; x_wconf 72' lang='grc' dir='ltr'><em>ἐπεὶ</em></span> <span class='ocrx_word' id='word_1_36' title='bbox 744 1256 776 1320; x_wconf 85' lang='grc' dir='ltr'><em>οὐ</em></span> <span class='ocrx_word' id='word_1_37' title='bbox 797 1254 860 1330; x_wconf 73' lang='lat' dir='ltr'><em>dian</em></span> <span class='ocrx_word' id='word_1_38' title='bbox 883 1253 947 1321; x_wconf 71' lang='grc' dir='ltr'><em>ἐστὶ</em></span> <span class='ocrx_word' id='word_1_39' title='bbox 969 1254 1036 1334; x_wconf 73' lang='grc' dir='ltr'><em>μετ’</em></span> <span class='ocrx_word' id='word_1_40' title='bbox 1056 1253 1171 1324; x_wconf 69' lang='grc' dir='ltr'><strong><em>αὐτῶν,</em></strong></span> 
     </span>
     <span class='ocr_line' id='line_1_7' title="bbox 340 1358 1057 1446; baseline 0.001 -16"><span class='ocrx_word' id='word_1_41' title='bbox 340 1367 503 1446; x_wconf 68' lang='grc' dir='ltr'><em>ἀνθρώποισι</em></span> <span class='ocrx_word' id='word_1_42' title='bbox 523 1361 636 1434; x_wconf 70' lang='lat' dir='ltr'><em>t’taanc</em></span> <span class='ocrx_word' id='word_1_43' title='bbox 655 1365 754 1441; x_wconf 71' lang='grc' dir='ltr'><strong><em>δίκην,</em></strong></span> <span class='ocrx_word' id='word_1_44' title='bbox 776 1358 793 1440; x_wconf 80' lang='lat' dir='ltr'><em>ii</em></span> <span class='ocrx_word' id='word_1_45' title='bbox 813 1367 922 1432; x_wconf 79' lang='grc' dir='ltr'><em>σολλθν</em></span> <span class='ocrx_word' id='word_1_46' title='bbox 943 1364 993 1446; x_wconf 78' lang='lat' dir='ltr'><em>cipi</em></span> <span class='ocrx_word' id='word_1_47' title='bbox 1049 1415 1057 1431; x_wconf 97' lang='lat'><em>.</em></span> 
     </span>
     <span class='ocr_line' id='line_1_8' title="bbox 336 1472 1253 1562; baseline 0.001 -25"><span class='ocrx_word' id='word_1_48' title='bbox 336 1473 491 1538; x_wconf 86' lang='lat' dir='ltr'><em>Humano</em></span> <span class='ocrx_word' id='word_1_49' title='bbox 510 1476 628 1561; x_wconf 78' lang='lat' dir='ltr'><em>generi</em></span> <span class='ocrx_word' id='word_1_50' title='bbox 650 1494 727 1540; x_wconf 86' lang='lat' dir='ltr'><em>nam</em></span> <span class='ocrx_word' id='word_1_51' title='bbox 749 1473 803 1539; x_wconf 84' lang='lat' dir='ltr'><em>Iex</em></span> <span class='ocrx_word' id='word_1_52' title='bbox 823 1472 931 1539; x_wconf 79' lang='lat' dir='ltr'><em>datur</em></span> <span class='ocrx_word' id='word_1_53' title='bbox 948 1473 991 1538; x_wconf 88' lang='lat' dir='ltr'><em>ab</em></span> <span class='ocrx_word' id='word_1_54' title='bbox 1010 1473 1095 1562; x_wconf 71' lang='lat' dir='ltr'><em>Jove</em></span> <span class='ocrx_word' id='word_1_55' title='bbox 1115 1493 1253 1538; x_wconf 82' lang='lat' dir='ltr'><em>sanna.</em></span> 
     </span>
     <span class='ocr_line' id='line_1_9' title="bbox 337 1581 1261 1676; baseline 0.001 -28"><span class='ocrx_word' id='word_1_56' title='bbox 337 1581 463 1672; x_wconf 82' lang='lat' dir='ltr'><em>Quippe</em></span> <span class='ocrx_word' id='word_1_57' title='bbox 472 1588 594 1669; x_wconf 87' lang='lat' dir='ltr'><em>ferae,</em></span> <span class='ocrx_word' id='word_1_58' title='bbox 613 1589 739 1673; x_wconf 78' lang='lat' dir='ltr'><em>pisces,</em></span> <span class='ocrx_word' id='word_1_59' title='bbox 763 1589 876 1653; x_wconf 79' lang='lat' dir='ltr'><em>arium</em></span> <span class='ocrx_word' id='word_1_60' title='bbox 895 1605 998 1676; x_wconf 85' lang='lat' dir='ltr'><em>genus</em></span> <span class='ocrx_word' id='word_1_61' title='bbox 1020 1583 1261 1653; x_wconf 71' lang='lat' dir='ltr'><em>altivolantarn</em></span> 
     </span>
     <span class='ocr_line' id='line_1_10' title="bbox 337 1693 1177 1785; baseline 0.001 -24"><span class='ocrx_word' id='word_1_62' title='bbox 337 1693 466 1763; x_wconf 73' lang='lat' dir='ltr'><em>Mateta</em></span> <span class='ocrx_word' id='word_1_63' title='bbox 484 1718 517 1764; x_wconf 88' lang='lat' dir='ltr'><em>se</em></span> <span class='ocrx_word' id='word_1_64' title='bbox 535 1710 674 1766; x_wconf 78' lang='lat' dir='ltr'><em>aertnnt</em></span> <span class='ocrx_word' id='word_1_65' title='bbox 693 1701 729 1762; x_wconf 86' lang='lat' dir='ltr'><em>in</em></span> <span class='ocrx_word' id='word_1_66' title='bbox 745 1696 895 1785; x_wconf 86' lang='lat' dir='ltr'><em>pabula,</em></span> <span class='ocrx_word' id='word_1_67' title='bbox 908 1698 1005 1783; x_wconf 82' lang='lat' dir='ltr'><em>juris</em></span> <span class='ocrx_word' id='word_1_68' title='bbox 1025 1710 1177 1785; x_wconf 86' lang='lat' dir='ltr'><em>egentes:</em></span> 
     </span>
     <span class='ocr_line' id='line_1_11' title="bbox 336 1807 1234 1896; baseline 0.007 -25"><span class='ocrx_word' id='word_1_69' title='bbox 336 1807 486 1896; x_wconf 84' lang='lat' dir='ltr'><em>Justc&#39;tr&#39;a</em></span> <span class='ocrx_word' id='word_1_70' title='bbox 509 1822 547 1874; x_wconf 89' lang='lat' dir='ltr'><em>ct</em></span> <span class='ocrx_word' id='word_1_71' title='bbox 570 1811 683 1892; x_wconf 82' lang='lat' dir='ltr'><em>nobis,</em></span> <span class='ocrx_word' id='word_1_72' title='bbox 706 1829 792 1895; x_wconf 85' lang='lat' dir='ltr'><em>qaae</em></span> <span class='ocrx_word' id='word_1_73' title='bbox 814 1829 867 1875; x_wconf 86' lang='lat' dir='ltr'><em>res</em></span> <span class='ocrx_word' id='word_1_74' title='bbox 890 1823 937 1875; x_wconf 88' lang='lat' dir='ltr'><em>est</em></span> <span class='ocrx_word' id='word_1_75' title='bbox 958 1811 1105 1896; x_wconf 85' lang='lat' dir='ltr'><em>optima,</em></span> <span class='ocrx_word' id='word_1_76' title='bbox 1128 1813 1234 1878; x_wconf 80' lang='lat' dir='ltr'><em>cessit.</em></span> 
     </span>
    </p>

    <p class='ocr_par' dir='ltr' id='par_1_3' title="bbox 196 1917 1384 3349">
     <span class='ocr_line' id='line_1_12' title="bbox 254 1917 1383 2007; baseline 0.001 -22"><span class='ocrx_word' id='word_1_77' title='bbox 254 1918 376 1985; x_wconf 83' lang='lat' dir='ltr'><em>Seneca</em></span> <span class='ocrx_word' id='word_1_78' title='bbox 398 1917 430 1983; x_wconf 82' lang='lat'><em>⁴:</em></span> <span class='ocrx_word' id='word_1_79' title='bbox 453 1933 491 1985; x_wconf 86' lang='lat' dir='ltr'><em>nt</em></span> <span class='ocrx_word' id='word_1_80' title='bbox 513 1925 622 1986; x_wconf 85' lang='lat' dir='ltr'><em>omnia</em></span> <span class='ocrx_word' id='word_1_81' title='bbox 642 1925 733 1987; x_wconf 87' lang='lat' dir='ltr'><em>inter</em></span> <span class='ocrx_word' id='word_1_82' title='bbox 756 1941 788 1986; x_wconf 91' lang='lat' dir='ltr'><em>sc</em></span> <span class='ocrx_word' id='word_1_83' title='bbox 808 1921 956 1986; x_wconf 85' lang='lat' dir='ltr'><em>menbra</em></span> <span class='ocrx_word' id='word_1_84' title='bbox 974 1924 1203 2000; x_wconf 83' lang='lat' dir='ltr'><em>consentiant,</em></span> <span class='ocrx_word' id='word_1_85' title='bbox 1222 1924 1383 2007; x_wconf 82' lang='lat' dir='ltr'><em>qaiasin·</em></span> 
     </span>
     <span class='ocr_line' id='line_1_13' title="bbox 205 2030 1382 2120; baseline 0.003 -25"><span class='ocrx_word' id='word_1_86' title='bbox 205 2030 303 2118; x_wconf 55' lang='lat' dir='ltr'><em>gula.</em></span> <span class='ocrx_word' id='word_1_87' title='bbox 320 2035 453 2101; x_wconf 75' lang='lat' dir='ltr'><em>serrari</em></span> <span class='ocrx_word' id='word_1_88' title='bbox 484 2037 586 2098; x_wconf 83' lang='lat' dir='ltr'><em>totius</em></span> <span class='ocrx_word' id='word_1_89' title='bbox 615 2036 778 2116; x_wconf 87' lang='lat' dir='ltr'><em>interest,</em></span> <span class='ocrx_word' id='word_1_90' title='bbox 811 2036 863 2098; x_wconf 84' lang='lat' dir='ltr'><em>ita</em></span> <span class='ocrx_word' id='word_1_91' title='bbox 887 2035 1030 2098; x_wconf 84' lang='lat' dir='ltr'><em>homines</em></span> <span class='ocrx_word' id='word_1_92' title='bbox 1053 2032 1195 2119; x_wconf 80' lang='lat' dir='ltr'><em>singulis</em></span> <span class='ocrx_word' id='word_1_93' title='bbox 1211 2047 1382 2120; x_wconf 85' lang='lat' dir='ltr'><em>parcent,</em></span> 
     </span>
     <span class='ocr_line' id='line_1_14' title="bbox 209 2143 1384 2232; baseline 0.003 -26"><span class='ocrx_word' id='word_1_94' title='bbox 209 2147 290 2228; x_wconf 86' lang='lat' dir='ltr'><em>qaia</em></span> <span class='ocrx_word' id='word_1_95' title='bbox 310 2143 357 2210; x_wconf 85' lang='lat' dir='ltr'><em>ad</em></span> <span class='ocrx_word' id='word_1_96' title='bbox 375 2158 500 2209; x_wconf 85' lang='lat' dir='ltr'><em>coetum</em></span> <span class='ocrx_word' id='word_1_97' title='bbox 520 2147 629 2232; x_wconf 83' lang='lat' dir='ltr'><em>geniti</em></span> <span class='ocrx_word' id='word_1_98' title='bbox 651 2165 773 2212; x_wconf 88' lang='lat' dir='ltr'><em>sumas.</em></span> <span class='ocrx_word' id='word_1_99' title='bbox 799 2144 905 2213; x_wconf 72' lang='lat' dir='ltr'><em>Salsa</em></span> <span class='ocrx_word' id='word_1_100' title='bbox 925 2159 1036 2211; x_wconf 82' lang='lat' dir='ltr'><em>autern</em></span> <span class='ocrx_word' id='word_1_101' title='bbox 1059 2165 1124 2210; x_wconf 88' lang='lat' dir='ltr'><em>esse</em></span> <span class='ocrx_word' id='word_1_102' title='bbox 1140 2147 1296 2224; x_wconf 81' lang='lat' dir='ltr'><em>societas,</em></span> <span class='ocrx_word' id='word_1_103' title='bbox 1318 2148 1384 2210; x_wconf 82' lang='lat' dir='ltr'><em>nisi</em></span> 
     </span>
     <span class='ocr_line' id='line_1_15' title="bbox 208 2256 1383 2344; baseline 0.001 -24"><span class='ocrx_word' id='word_1_104' title='bbox 208 2276 320 2321; x_wconf 88' lang='lat' dir='ltr'><em>ancre</em></span> <span class='ocrx_word' id='word_1_105' title='bbox 339 2271 371 2322; x_wconf 88' lang='lat' dir='ltr'><em>ct</em></span> <span class='ocrx_word' id='word_1_106' title='bbox 390 2256 541 2323; x_wconf 82' lang='lat' dir='ltr'><em>custodia</em></span> <span class='ocrx_word' id='word_1_107' title='bbox 558 2260 714 2344; x_wconf 82' lang='lat' dir='ltr'><em>partiunt</em></span> <span class='ocrx_word' id='word_1_108' title='bbox 725 2278 789 2323; x_wconf 91' lang='lat' dir='ltr'><em>non</em></span> <span class='ocrx_word' id='word_1_109' title='bbox 793 2269 915 2344; x_wconf 86' lang='lat' dir='ltr'><em>potest.</em></span> <span class='ocrx_word' id='word_1_110' title='bbox 961 2257 1076 2323; x_wconf 81' lang='lat' dir='ltr'><em>Idem⁵</em></span> <span class='ocrx_word' id='word_1_111' title='bbox 1097 2256 1194 2323; x_wconf 90' lang='lat' dir='ltr'><em>alibi:</em></span> <span class='ocrx_word' id='word_1_112' title='bbox 1210 2256 1383 2323; x_wconf 81' lang='lat' dir='ltr'><em>Securitas</em></span> 
     </span>
     <span class='ocr_line' id='line_1_16' title="bbox 207 2368 1383 2456; baseline 0.001 -24"><span class='ocrx_word' id='word_1_113' title='bbox 207 2371 390 2434; x_wconf 83' lang='lat' dir='ltr'><em>securitate</em></span> <span class='ocrx_word' id='word_1_114' title='bbox 411 2383 529 2434; x_wconf 83' lang='lat' dir='ltr'><em>natac</em></span> <span class='ocrx_word' id='word_1_115' title='bbox 542 2368 742 2456; x_wconf 82' lang='lat' dir='ltr'><em>paciscenda</em></span> <span class='ocrx_word' id='word_1_116' title='bbox 763 2383 820 2437; x_wconf 90' lang='lat' dir='ltr'><em>est.</em></span> <span class='ocrx_word' id='word_1_117' title='bbox 867 2368 957 2434; x_wconf 87' lang='lat' dir='ltr'><em>Haec</em></span> <span class='ocrx_word' id='word_1_118' title='bbox 976 2384 1026 2436; x_wconf 89' lang='lat' dir='ltr'><em>est</em></span> <span class='ocrx_word' id='word_1_119' title='bbox 1044 2368 1100 2435; x_wconf 90' lang='lat' dir='ltr'><em>illa</em></span> <span class='ocrx_word' id='word_1_120' title='bbox 1118 2369 1288 2435; x_wconf 90' lang='lat' dir='ltr'><em>hominum</em></span> <span class='ocrx_word' id='word_1_121' title='bbox 1300 2368 1383 2434; x_wconf 88' lang='lat' dir='ltr'><em>inter</em></span> 
     </span>
     <span class='ocr_line' id='line_1_17' title="bbox 207 2479 1382 2565; baseline 0.001 -21"><span class='ocrx_word' id='word_1_122' title='bbox 207 2497 242 2545; x_wconf 89' lang='lat' dir='ltr'><em>se</em></span> <span class='ocrx_word' id='word_1_123' title='bbox 263 2479 438 2565; x_wconf 87' lang='lat' dir='ltr'><em>cognatio,</em></span> <span class='ocrx_word' id='word_1_124' title='bbox 462 2481 519 2547; x_wconf 86' lang='lat' dir='ltr'><em>illa</em></span> <span class='ocrx_word' id='word_1_125' title='bbox 540 2481 654 2547; x_wconf 90' lang='lat' dir='ltr'><em>mundi</em></span> <span class='ocrx_word' id='word_1_126' title='bbox 675 2480 810 2560; x_wconf 89' lang='lat' dir='ltr'><em>civitas,</em></span> <span class='ocrx_word' id='word_1_127' title='bbox 834 2501 932 2565; x_wconf 85' lang='lat' dir='ltr'><em>quam</em></span> <span class='ocrx_word' id='word_1_128' title='bbox 952 2495 1002 2547; x_wconf 89' lang='lat' dir='ltr'><em>tot</em></span> <span class='ocrx_word' id='word_1_129' title='bbox 1024 2482 1190 2565; x_wconf 87' lang='lat' dir='ltr'><em>tantisque</em></span> <span class='ocrx_word' id='word_1_130' title='bbox 1201 2479 1382 2565; x_wconf 88' lang='lat' dir='ltr'><em>praeconiis</em></span> 
     </span>
     <span class='ocr_line' id='line_1_18' title="bbox 206 2592 1384 2678; baseline -0.001 -20"><span class='ocrx_word' id='word_1_131' title='bbox 206 2605 332 2659; x_wconf 90' lang='lat' dir='ltr'><em>veteres</em></span> <span class='ocrx_word' id='word_1_132' title='bbox 345 2593 535 2678; x_wconf 86' lang='lat' dir='ltr'>philosophi</span> <span class='ocrx_word' id='word_1_133' title='bbox 555 2593 650 2661; x_wconf 91' lang='lat' dir='ltr'><em>nobis</em></span> <span class='ocrx_word' id='word_1_134' title='bbox 672 2594 918 2676; x_wconf 87' lang='lat' dir='ltr'><em>commendant,</em></span> <span class='ocrx_word' id='word_1_135' title='bbox 939 2593 1127 2677; x_wconf 89' lang='lat' dir='ltr'><em>praesertim</em></span> <span class='ocrx_word' id='word_1_136' title='bbox 1147 2592 1276 2676; x_wconf 82' lang='lat' dir='ltr'><em>Stoici,</em></span> <span class='ocrx_word' id='word_1_137' title='bbox 1301 2611 1384 2676; x_wconf 92' lang='lat' dir='ltr'><em>quo·</em></span> 
     </span>
     <span class='ocr_line' id='line_1_19' title="bbox 206 2701 1384 2789; baseline 0.002 -20"><span class='ocrx_word' id='word_1_138' title='bbox 206 2723 278 2770; x_wconf 89' lang='lat' dir='ltr'><em>rum</em></span> <span class='ocrx_word' id='word_1_139' title='bbox 311 2705 503 2772; x_wconf 87' lang='lat' dir='ltr'><em>sententiam</em></span> <span class='ocrx_word' id='word_1_140' title='bbox 535 2705 630 2772; x_wconf 88' lang='lat' dir='ltr'><em>etiam</em></span> <span class='ocrx_word' id='word_1_141' title='bbox 664 2706 782 2773; x_wconf 89' lang='lat' dir='ltr'><em>Cicero</em></span> <span class='ocrx_word' id='word_1_142' title='bbox 803 2701 815 2737; x_wconf 80' lang='lat'>⁸</span> <span class='ocrx_word' id='word_1_143' title='bbox 837 2705 1047 2789; x_wconf 83' lang='lat' dir='ltr'><em>exsequitur:</em></span> <span class='ocrx_word' id='word_1_144' title='bbox 1071 2725 1110 2770; x_wconf 81' lang='lat' dir='ltr'><em>ex</em></span> <span class='ocrx_word' id='word_1_145' title='bbox 1144 2725 1209 2787; x_wconf 86' lang='lat' dir='ltr'><em>qua</em></span> <span class='ocrx_word' id='word_1_146' title='bbox 1237 2719 1269 2770; x_wconf 92' lang='lat' dir='ltr'><em>et</em></span> <span class='ocrx_word' id='word_1_147' title='bbox 1299 2704 1384 2771; x_wconf 89' lang='lat' dir='ltr'><em>iilud</em></span> 
     </span>
     <span class='ocr_line' id='line_1_20' title="bbox 207 2816 1383 2905; baseline 0.001 -25"><span class='ocrx_word' id='word_1_148' title='bbox 207 2830 255 2880; x_wconf 90' lang='lat' dir='ltr'><em>est</em></span> <span class='ocrx_word' id='word_1_149' title='bbox 277 2817 458 2883; x_wconf 89' lang='lat' dir='ltr'><em>Florentini</em></span> <span class='ocrx_word' id='word_1_150' title='bbox 480 2818 514 2882; x_wconf 78' lang='lat'><em>²:</em></span> <span class='ocrx_word' id='word_1_151' title='bbox 538 2839 610 2883; x_wconf 86' lang='lat' dir='ltr'><em>cnm</em></span> <span class='ocrx_word' id='word_1_152' title='bbox 632 2821 858 2905; x_wconf 83' lang='lat' dir='ltr'><em>cognationem</em></span> <span class='ocrx_word' id='word_1_153' title='bbox 879 2816 1049 2902; x_wconf 82' lang='lat' dir='ltr'><em>quandam</em></span> <span class='ocrx_word' id='word_1_154' title='bbox 1069 2820 1161 2882; x_wconf 81' lang='lat' dir='ltr'><em>inter</em></span> <span class='ocrx_word' id='word_1_155' title='bbox 1180 2829 1383 2881; x_wconf 83' lang='lat' dir='ltr'><em>nosnatura</em></span> 
     </span>
     <span class='ocr_line' id='line_1_21' title="bbox 205 2925 1383 3015; baseline -0.001 -23"><span class='ocrx_word' id='word_1_156' title='bbox 205 2932 442 3010; x_wconf 84' lang='lat' dir='ltr'><em>constitnerit,</em></span> <span class='ocrx_word' id='word_1_157' title='bbox 461 2949 654 3015; x_wconf 85' lang='lat' dir='ltr'><em>consequens</em></span> <span class='ocrx_word' id='word_1_158' title='bbox 675 2949 739 2994; x_wconf 88' lang='lat' dir='ltr'><em>csse</em></span> <span class='ocrx_word' id='word_1_159' title='bbox 760 2942 798 2994; x_wconf 84' lang='lat' dir='ltr'><em>ut</em></span> <span class='ocrx_word' id='word_1_160' title='bbox 820 2929 981 2994; x_wconf 80' lang='lat' dir='ltr'><em>honinem</em></span> <span class='ocrx_word' id='word_1_161' title='bbox 1001 2929 1125 2992; x_wconf 82' lang='lat' dir='ltr'><em>homini</em></span> <span class='ocrx_word' id='word_1_162' title='bbox 1145 2925 1307 2993; x_wconf 81' lang='lat' dir='ltr'><em>insidiari</em></span> <span class='ocrx_word' id='word_1_163' title='bbox 1328 2947 1383 2991; x_wconf 91' lang='lat' dir='ltr'><em>ne·</em></span> 
     </span>
     <span class='ocr_line' id='line_1_22' title="bbox 196 3035 1383 3126; baseline -0.001 -22"><span class='ocrx_word' id='word_1_164' title='bbox 196 3039 258 3123; x_wconf 86' lang='lat' dir='ltr'><em>fas</em></span> <span class='ocrx_word' id='word_1_165' title='bbox 281 3043 349 3122; x_wconf 84' lang='lat' dir='ltr'><em>sit;</em></span> <span class='ocrx_word' id='word_1_166' title='bbox 374 3039 465 3122; x_wconf 90' lang='lat' dir='ltr'><em>quod</em></span> <span class='ocrx_word' id='word_1_167' title='bbox 488 3040 542 3105; x_wconf 91' lang='lat' dir='ltr'><em>ille</em></span> <span class='ocrx_word' id='word_1_168' title='bbox 563 3035 575 3072; x_wconf 82' lang='lat'>⁸</span> <span class='ocrx_word' id='word_1_169' title='bbox 599 3039 722 3124; x_wconf 91' lang='lat' dir='ltr'><em>optime</em></span> <span class='ocrx_word' id='word_1_170' title='bbox 753 3040 794 3106; x_wconf 87' lang='lat' dir='ltr'><em>ad</em></span> <span class='ocrx_word' id='word_1_171' title='bbox 812 3041 869 3126; x_wconf 87' lang='lat' dir='ltr'><em>jus</em></span> <span class='ocrx_word' id='word_1_172' title='bbox 891 3039 1038 3125; x_wconf 84' lang='lat' dir='ltr'><em>gentium</em></span> <span class='ocrx_word' id='word_1_173' title='bbox 1058 3037 1164 3105; x_wconf 87' lang='lat' dir='ltr'><em>refert.</em></span> <span class='ocrx_word' id='word_1_174' title='bbox 1209 3036 1310 3104; x_wconf 87' lang='lat' dir='ltr'><em>Unde</em></span> <span class='ocrx_word' id='word_1_175' title='bbox 1327 3057 1383 3121; x_wconf 91' lang='lat' dir='ltr'><em>ap·</em></span> 
     </span>
     <span class='ocr_line' id='line_1_23' title="bbox 202 3149 1382 3239; baseline -0.002 -23"><span class='ocrx_word' id='word_1_176' title='bbox 202 3169 293 3235; x_wconf 87' lang='lat' dir='ltr'><em>paret</em></span> <span class='ocrx_word' id='word_1_177' title='bbox 326 3171 424 3235; x_wconf 91' lang='lat' dir='ltr'><em>quam</em></span> <span class='ocrx_word' id='word_1_178' title='bbox 451 3172 517 3219; x_wconf 90' lang='lat' dir='ltr'><em>non</em></span> <span class='ocrx_word' id='word_1_179' title='bbox 548 3167 637 3219; x_wconf 88' lang='lat' dir='ltr'><em>recte</em></span> <span class='ocrx_word' id='word_1_180' title='bbox 667 3152 812 3239; x_wconf 84' lang='lat' dir='ltr'><em>magistri</em></span> <span class='ocrx_word' id='word_1_181' title='bbox 836 3153 1037 3238; x_wconf 84' lang='lat' dir='ltr'><em>ignorantiae</em></span> <span class='ocrx_word' id='word_1_182' title='bbox 1057 3149 1245 3218; x_wconf 84' lang='lat' dir='ltr'><em>Academici</em></span> <span class='ocrx_word' id='word_1_183' title='bbox 1267 3163 1382 3217; x_wconf 86' lang='lat' dir='ltr'><em>contra</em></span> 
     </span>
     <span class='ocr_line' id='line_1_24' title="bbox 200 3261 1383 3349; baseline -0.002 -20"><span class='ocrx_word' id='word_1_184' title='bbox 200 3264 362 3348; x_wconf 85' lang='lat' dir='ltr'><em>justitiam</em></span> <span class='ocrx_word' id='word_1_185' title='bbox 392 3264 653 3349; x_wconf 87' lang='lat' dir='ltr'><em>disputaverint,</em></span> <span class='ocrx_word' id='word_1_186' title='bbox 683 3286 752 3332; x_wconf 91' lang='lat' dir='ltr'><em>eam</em></span> <span class='ocrx_word' id='word_1_187' title='bbox 785 3285 870 3348; x_wconf 87' lang='lat' dir='ltr'><em>quae</em></span> <span class='ocrx_word' id='word_1_188' title='bbox 902 3280 1019 3333; x_wconf 83' lang='lat' dir='ltr'><em>natura</em></span> <span class='ocrx_word' id='word_1_189' title='bbox 1052 3278 1102 3331; x_wconf 91' lang='lat' dir='ltr'><em>est</em></span> <span class='ocrx_word' id='word_1_190' title='bbox 1134 3263 1176 3329; x_wconf 87' lang='lat' dir='ltr'><em>ad</em></span> <span class='ocrx_word' id='word_1_191' title='bbox 1207 3261 1383 3328; x_wconf 84' lang='lat' dir='ltr'><em>utilitatem</em></span> 
     </span>
    </p>

    <p class='ocr_par' dir='ltr' id='par_1_4' title="bbox 168 3369 1384 3686">
     <span class='ocr_line' id='line_1_25' title="bbox 168 3369 1384 3462; baseline -0.002 -21"><span class='ocrx_word' id='word_1_192' title='bbox 168 3369 172 3376; x_wconf 78' lang='grc'><strong>“</strong></span> <span class='ocrx_word' id='word_1_193' title='bbox 203 3375 360 3442; x_wconf 86' lang='lat' dir='ltr'><em>duntaxat</em></span> <span class='ocrx_word' id='word_1_194' title='bbox 390 3395 481 3442; x_wconf 90' lang='lat' dir='ltr'><em>suam</em></span> <span class='ocrx_word' id='word_1_195' title='bbox 505 3376 647 3462; x_wconf 89' lang='lat' dir='ltr'><em>ducere,</em></span> <span class='ocrx_word' id='word_1_196' title='bbox 671 3377 800 3444; x_wconf 87' lang='lat' dir='ltr'><em>civilem</em></span> <span class='ocrx_word' id='word_1_197' title='bbox 827 3397 907 3443; x_wconf 89' lang='lat' dir='ltr'><em>vero</em></span> <span class='ocrx_word' id='word_1_198' title='bbox 929 3395 996 3443; x_wconf 90' lang='lat' dir='ltr'><em>non</em></span> <span class='ocrx_word' id='word_1_199' title='bbox 1015 3395 1055 3442; x_wconf 83' lang='lat' dir='ltr'><em>eu</em></span> <span class='ocrx_word' id='word_1_200' title='bbox 1076 3390 1192 3442; x_wconf 85' lang='lat' dir='ltr'><em>natura</em></span> <span class='ocrx_word' id='word_1_201' title='bbox 1213 3393 1307 3455; x_wconf 86' lang='lat' dir='ltr'><em>esse,</em></span> <span class='ocrx_word' id='word_1_202' title='bbox 1325 3372 1384 3439; x_wconf 88' lang='lat' dir='ltr'><em>sed</em></span> 
     </span>
     <span class='ocr_line' id='line_1_26' title="bbox 203 3485 1381 3574; baseline -0.003 -20"><span class='ocrx_word' id='word_1_203' title='bbox 203 3508 243 3554; x_wconf 90' lang='lat' dir='ltr'><em>ex</em></span> <span class='ocrx_word' id='word_1_204' title='bbox 274 3487 439 3571; x_wconf 89' lang='lat' dir='ltr'><em>opinione.</em></span> <span class='ocrx_word' id='word_1_205' title='bbox 485 3488 579 3556; x_wconf 90' lang='lat' dir='ltr'><em>Hanc</em></span> <span class='ocrx_word' id='word_1_206' title='bbox 611 3488 695 3556; x_wconf 90' lang='lat' dir='ltr'><em>euim</em></span> <span class='ocrx_word' id='word_1_207' title='bbox 731 3487 869 3556; x_wconf 89' lang='lat' dir='ltr'><em>mediam</em></span> <span class='ocrx_word' id='word_1_208' title='bbox 900 3487 1086 3574; x_wconf 90' lang='lat' dir='ltr'><em>justitiam,</em></span> <span class='ocrx_word' id='word_1_209' title='bbox 1121 3505 1206 3570; x_wconf 88' lang='lat' dir='ltr'><em>quae</em></span> <span class='ocrx_word' id='word_1_210' title='bbox 1235 3485 1381 3552; x_wconf 87' lang='lat' dir='ltr'><em>humano</em></span> 
     </span>
     <span class='ocr_line' id='line_1_27' title="bbox 204 3600 827 3686; baseline 0.003 -20"><span class='ocrx_word' id='word_1_211' title='bbox 204 3600 313 3686; x_wconf 80' lang='lat' dir='ltr'><em>generi</em></span> <span class='ocrx_word' id='word_1_212' title='bbox 336 3600 468 3685; x_wconf 91' lang='lat' dir='ltr'><em>propria</em></span> <span class='ocrx_word' id='word_1_213' title='bbox 488 3616 562 3683; x_wconf 89' lang='lat' dir='ltr'><em>est,</em></span> <span class='ocrx_word' id='word_1_214' title='bbox 586 3601 781 3668; x_wconf 88' lang='lat' dir='ltr'><em>omittebant</em></span> <span class='ocrx_word' id='word_1_215' title='bbox 804 3604 827 3668; x_wconf 80' lang='lat'><em>⁸.</em></span> 
     </span>
    </p>

    <p class='ocr_par' dir='ltr' id='par_1_5' title="bbox 199 3708 1507 4022">
     <span class='ocr_line' id='line_1_28' title="bbox 245 3708 1379 3799; baseline -0.004 -21"><span class='ocrx_word' id='word_1_216' title='bbox 245 3713 299 3778; x_wconf 89' lang='lat' dir='ltr'><em>Ex</em></span> <span class='ocrx_word' id='word_1_217' title='bbox 325 3715 436 3799; x_wconf 86' lang='lat' dir='ltr'><em>regula</em></span> <span class='ocrx_word' id='word_1_218' title='bbox 459 3713 561 3799; x_wconf 84' lang='lat' dir='ltr'><em>igitur</em></span> <span class='ocrx_word' id='word_1_219' title='bbox 581 3713 684 3798; x_wconf 89' lang='lat' dir='ltr'><em>prima</em></span> <span class='ocrx_word' id='word_1_220' title='bbox 704 3729 736 3782; x_wconf 90' lang='lat' dir='ltr'><em>et</em></span> <span class='ocrx_word' id='word_1_221' title='bbox 753 3712 898 3782; x_wconf 85' lang='lat' dir='ltr'><em>secunda</em></span> <span class='ocrx_word' id='word_1_222' title='bbox 919 3713 1008 3798; x_wconf 83' lang='lat' dir='ltr'><em>leges</em></span> <span class='ocrx_word' id='word_1_223' title='bbox 1028 3711 1113 3777; x_wconf 87' lang='lat' dir='ltr'><em>duae</em></span> <span class='ocrx_word' id='word_1_224' title='bbox 1136 3709 1319 3794; x_wconf 89' lang='lat' dir='ltr'><em>procedunt</em></span> <span class='ocrx_word' id='word_1_225' title='bbox 1339 3708 1379 3775; x_wconf 93' lang='lat' dir='ltr'><em>de</em></span> 
     </span>
     <span class='ocr_line' id='line_1_29' title="bbox 203 3822 1380 3910; baseline -0.005 -19"><span class='ocrx_word' id='word_1_226' title='bbox 203 3825 290 3891; x_wconf 91' lang='lat' dir='ltr'><em>bono</em></span> <span class='ocrx_word' id='word_1_227' title='bbox 314 3825 444 3909; x_wconf 89' lang='lat' dir='ltr'><em>alieno,</em></span> <span class='ocrx_word' id='word_1_228' title='bbox 469 3845 553 3909; x_wconf 89' lang='lat' dir='ltr'><em>quae</em></span> <span class='ocrx_word' id='word_1_229' title='bbox 573 3825 737 3910; x_wconf 84' lang='lat' dir='ltr'><em>prioribus</em></span> <span class='ocrx_word' id='word_1_230' title='bbox 761 3825 800 3891; x_wconf 93' lang='lat' dir='ltr'><em>de</em></span> <span class='ocrx_word' id='word_1_231' title='bbox 823 3824 912 3891; x_wconf 91' lang='lat' dir='ltr'><em>bono</em></span> <span class='ocrx_word' id='word_1_232' title='bbox 934 3842 996 3891; x_wconf 92' lang='lat' dir='ltr'><em>suo</em></span> <span class='ocrx_word' id='word_1_233' title='bbox 1018 3822 1242 3906; x_wconf 88' lang='lat' dir='ltr'><em>respondent,</em></span> <span class='ocrx_word' id='word_1_234' title='bbox 1260 3839 1380 3904; x_wconf 89' lang='lat' dir='ltr'><em>easque</em></span> 
     </span>
     <span class='ocr_line' id='line_1_30' title="bbox 199 3931 1507 4022; baseline -0.008 -18"><span class='ocrx_word' id='word_1_235' title='bbox 199 3937 290 4022; x_wconf 88' lang='lat' dir='ltr'><em>justo</em></span> <span class='ocrx_word' id='word_1_236' title='bbox 313 3937 416 4004; x_wconf 88' lang='lat' dir='ltr'><em>limite</em></span> <span class='ocrx_word' id='word_1_237' title='bbox 439 3938 712 4005; x_wconf 87' lang='lat' dir='ltr'><em>circumscribunt</em></span> <span class='ocrx_word' id='word_1_238' title='bbox 730 3932 765 4004; x_wconf 85' lang='lat'><em>¹⁰.</em></span> <span class='ocrx_word' id='word_1_239' title='bbox 798 3935 892 4003; x_wconf 87' lang='lat' dir='ltr'><em>Una:</em></span> <span class='ocrx_word' id='word_1_240' title='bbox 913 3935 968 4001; x_wconf 87' lang='lat' dir='ltr'><em>Nc</em></span> <span class='ocrx_word' id='word_1_241' title='bbox 980 3937 1053 4020; x_wconf 81' lang='lat' dir='ltr'><em>quis</em></span> <span class='ocrx_word' id='word_1_242' title='bbox 1064 3933 1224 4000; x_wconf 81' lang='lat' dir='ltr'><em>-alterun</em></span> <span class='ocrx_word' id='word_1_243' title='bbox 1241 3931 1378 4013; x_wconf 82' lang='lat' dir='ltr'><em>laedct;</em></span> <span class='ocrx_word' id='word_1_244' title='bbox 1392 3947 1443 3995; x_wconf 72' lang='lat' dir='ltr'><em>tex</em></span> <span class='ocrx_word' id='word_1_245' title='bbox 1457 3947 1507 3994; x_wconf 92' lang='lat'><em>111.</em></span> 
     </span>
    </p>
   </div>
   <div class='ocr_carea' id='block_1_3' title="bbox 199 4118 1379 4647">
    <p class='ocr_par' dir='ltr' id='par_1_6' title="bbox 199 4118 1379 4647">
     <span class='ocr_line' id='line_1_31' title="bbox 236 4118 1379 4189; baseline -0.007 -15"><span class='ocrx_word' id='word_1_246' title='bbox 236 4125 244 4156; x_wconf 92' lang='lat'><strong>¹</strong></span> <span class='ocrx_word' id='word_1_247' title='bbox 271 4125 302 4174; x_wconf 90' lang='lat' dir='ltr'><em>de</em></span> <span class='ocrx_word' id='word_1_248' title='bbox 334 4139 389 4187; x_wconf 87' lang='lat' dir='ltr'><em>rep.</em></span> <span class='ocrx_word' id='word_1_249' title='bbox 414 4128 431 4174; x_wconf 91' lang='lat' dir='ltr'><em>l.</em></span> <span class='ocrx_word' id='word_1_250' title='bbox 455 4139 478 4173; x_wconf 86' lang='lat'><em>2.</em></span> <span class='ocrx_word' id='word_1_251' title='bbox 504 4122 557 4189; x_wconf 86' lang='lat' dir='ltr'><em>[ap.</em></span> <span class='ocrx_word' id='word_1_252' title='bbox 579 4124 693 4174; x_wconf 87' lang='lat' dir='ltr'><em>Nonium</em></span> <span class='ocrx_word' id='word_1_253' title='bbox 717 4123 743 4173; x_wconf 90' lang='lat' dir='ltr'><em>in</em></span> <span class='ocrx_word' id='word_1_254' title='bbox 761 4139 786 4172; x_wconf 93' lang='lat' dir='ltr'><em>v.</em></span> <span class='ocrx_word' id='word_1_255' title='bbox 801 4121 968 4188; x_wconf 83' lang='lat' dir='ltr'><em>Proiectum]</em></span> <span class='ocrx_word' id='word_1_256' title='bbox 1005 4119 1065 4171; x_wconf 79' lang='lat' dir='ltr'><em>’de</em></span> <span class='ocrx_word' id='word_1_257' title='bbox 1080 4119 1173 4183; x_wconf 88' lang='lat' dir='ltr'><em>philos.</em></span> <span class='ocrx_word' id='word_1_258' title='bbox 1189 4120 1251 4168; x_wconf 77' lang='lat' dir='ltr'><em>Plat.</em></span> <span class='ocrx_word' id='word_1_259' title='bbox 1271 4118 1337 4180; x_wconf 88' lang='lat' dir='ltr'><em>[voi.</em></span> <span class='ocrx_word' id='word_1_260' title='bbox 1356 4130 1379 4166; x_wconf 77' lang='grc' dir='ltr'><em>ο.</em></span> 
     </span>
     <span class='ocr_line' id='line_1_32' title="bbox 201 4209 1379 4280; baseline -0.007 -15"><span class='ocrx_word' id='word_1_261' title='bbox 201 4217 386 4277; x_wconf 86' lang='lat' dir='ltr'><em>Oudendorpii.</em></span> <span class='ocrx_word' id='word_1_262' title='bbox 412 4231 438 4279; x_wconf 90' lang='lat' dir='ltr'><em>p.</em></span> <span class='ocrx_word' id='word_1_263' title='bbox 457 4212 525 4280; x_wconf 84' lang='lat'><em>229.]</em></span> <span class='ocrx_word' id='word_1_264' title='bbox 561 4212 645 4276; x_wconf 62' lang='grc' dir='ltr'><em>Ὀφ.</em></span> <span class='ocrx_word' id='word_1_265' title='bbox 662 4228 688 4264; x_wconf 89' lang='lat' dir='ltr'><em>et</em></span> <span class='ocrx_word' id='word_1_266' title='bbox 705 4215 736 4263; x_wconf 87' lang='lat' dir='ltr'><em>D.</em></span> <span class='ocrx_word' id='word_1_267' title='bbox 755 4213 805 4280; x_wconf 82' lang='lat' dir='ltr'><em>[vs.</em></span> <span class='ocrx_word' id='word_1_268' title='bbox 822 4214 880 4274; x_wconf 74' lang='lat'><em>276.</em></span> <span class='ocrx_word' id='word_1_269' title='bbox 896 4211 964 4277; x_wconf 88' lang='lat' dir='ltr'><em>sqq.]</em></span> <span class='ocrx_word' id='word_1_270' title='bbox 1001 4212 1062 4263; x_wconf 78' lang='lat' dir='ltr'><em>⁴de</em></span> <span class='ocrx_word' id='word_1_271' title='bbox 1082 4212 1150 4261; x_wconf 79' lang='lat' dir='ltr'><em>irai.</em></span> <span class='ocrx_word' id='word_1_272' title='bbox 1169 4223 1192 4260; x_wconf 79' lang='lat' dir='ltr'><em>a.</em></span> <span class='ocrx_word' id='word_1_273' title='bbox 1210 4222 1286 4269; x_wconf 72' lang='lat' dir='ltr'><em>ess.</em></span> <span class='ocrx_word' id='word_1_274' title='bbox 1319 4209 1379 4258; x_wconf 71' lang='lat' dir='ltr'><em>&#39;de</em></span> 
     </span>
     <span class='ocr_line' id='line_1_33' title="bbox 201 4298 1379 4372; baseline -0.007 -16"><span class='ocrx_word' id='word_1_275' title='bbox 201 4310 274 4357; x_wconf 85' lang='lat' dir='ltr'><em>clem.</em></span> <span class='ocrx_word' id='word_1_276' title='bbox 295 4311 312 4356; x_wconf 87' lang='lat' dir='ltr'><em>l.</em></span> <span class='ocrx_word' id='word_1_277' title='bbox 338 4321 360 4357; x_wconf 90' lang='lat'><em>1.</em></span> <span class='ocrx_word' id='word_1_278' title='bbox 386 4321 409 4357; x_wconf 91' lang='lat' dir='ltr'><em>c.</em></span> <span class='ocrx_word' id='word_1_279' title='bbox 437 4322 476 4372; x_wconf 82' lang='lat'><em>19.</em></span> <span class='ocrx_word' id='word_1_280' title='bbox 509 4307 521 4340; x_wconf 81' lang='lat'>⁸</span> <span class='ocrx_word' id='word_1_281' title='bbox 544 4307 601 4356; x_wconf 81' lang='lat' dir='ltr'><em>Cic.</em></span> <span class='ocrx_word' id='word_1_282' title='bbox 626 4308 658 4357; x_wconf 87' lang='lat' dir='ltr'><em>de</em></span> <span class='ocrx_word' id='word_1_283' title='bbox 685 4309 733 4368; x_wconf 74' lang='lat' dir='ltr'><em>leg.</em></span> <span class='ocrx_word' id='word_1_284' title='bbox 751 4309 768 4355; x_wconf 90' lang='lat' dir='ltr'><em>l.</em></span> <span class='ocrx_word' id='word_1_285' title='bbox 789 4319 810 4355; x_wconf 87' lang='lat'><em>1.</em></span> <span class='ocrx_word' id='word_1_286' title='bbox 832 4304 868 4370; x_wconf 86' lang='lat' dir='ltr'><em>[c.</em></span> <span class='ocrx_word' id='word_1_287' title='bbox 885 4317 910 4364; x_wconf 85' lang='lat'><em>7.</em></span> <span class='ocrx_word' id='word_1_288' title='bbox 927 4305 941 4368; x_wconf 73' lang='grc' dir='ltr'>ς</span> <span class='ocrx_word' id='word_1_289' title='bbox 958 4302 1010 4369; x_wconf 63' lang='lat' dir='ltr'><em>aa]</em></span> <span class='ocrx_word' id='word_1_290' title='bbox 1047 4301 1093 4352; x_wconf 78' lang='grc' dir='ltr'><em>Η.</em></span> <span class='ocrx_word' id='word_1_291' title='bbox 1107 4314 1136 4351; x_wconf 91' lang='lat' dir='ltr'><em>ut</em></span> <span class='ocrx_word' id='word_1_292' title='bbox 1150 4301 1213 4352; x_wconf 85' lang='lat' dir='ltr'><em>vim.</em></span> <span class='ocrx_word' id='word_1_293' title='bbox 1229 4301 1254 4349; x_wconf 77' lang='lat' dir='ltr'><em>ff.</em></span> <span class='ocrx_word' id='word_1_294' title='bbox 1272 4303 1304 4350; x_wconf 85' lang='lat' dir='ltr'><em>de</em></span> <span class='ocrx_word' id='word_1_295' title='bbox 1319 4298 1379 4358; x_wconf 79' lang='lat' dir='ltr'><em>just.</em></span> 
     </span>
     <span class='ocr_line' id='line_1_34' title="bbox 200 4392 1379 4464; baseline -0.008 -15"><span class='ocrx_word' id='word_1_296' title='bbox 200 4410 225 4448; x_wconf 87' lang='lat' dir='ltr'><em>et</em></span> <span class='ocrx_word' id='word_1_297' title='bbox 241 4397 305 4457; x_wconf 87' lang='lat' dir='ltr'><em>iure.</em></span> <span class='ocrx_word' id='word_1_298' title='bbox 326 4398 370 4464; x_wconf 88' lang='lat' dir='ltr'><em>[D.</em></span> <span class='ocrx_word' id='word_1_299' title='bbox 388 4413 409 4449; x_wconf 90' lang='grc' dir='ltr'><strong><em>ι.</em></strong></span> <span class='ocrx_word' id='word_1_300' title='bbox 429 4413 450 4449; x_wconf 87' lang='lat'><em>1.</em></span> <span class='ocrx_word' id='word_1_301' title='bbox 464 4397 499 4463; x_wconf 80' lang='lat' dir='ltr'><em>s.]</em></span> <span class='ocrx_word' id='word_1_302' title='bbox 536 4397 627 4448; x_wconf 82' lang='lat' dir='ltr'><em>⁸Cic.</em></span> <span class='ocrx_word' id='word_1_303' title='bbox 645 4399 677 4448; x_wconf 88' lang='lat' dir='ltr'><em>de</em></span> <span class='ocrx_word' id='word_1_304' title='bbox 694 4411 749 4459; x_wconf 87' lang='lat' dir='ltr'><em>rep.</em></span> <span class='ocrx_word' id='word_1_305' title='bbox 761 4399 779 4446; x_wconf 94' lang='lat' dir='ltr'><em>l.</em></span> <span class='ocrx_word' id='word_1_306' title='bbox 797 4409 820 4456; x_wconf 77' lang='lat' dir='ltr'><em>s.</em></span> <span class='ocrx_word' id='word_1_307' title='bbox 841 4395 877 4462; x_wconf 92' lang='lat' dir='ltr'><em>[c.</em></span> <span class='ocrx_word' id='word_1_308' title='bbox 895 4410 934 4459; x_wconf 84' lang='lat'><em>19.</em></span> <span class='ocrx_word' id='word_1_309' title='bbox 952 4407 977 4446; x_wconf 86' lang='lat' dir='ltr'><em>et</em></span> <span class='ocrx_word' id='word_1_310' title='bbox 995 4393 1048 4458; x_wconf 73' lang='lat' dir='ltr'><em>to]</em></span> <span class='ocrx_word' id='word_1_311' title='bbox 1068 4396 1137 4444; x_wconf 67' lang='grc' dir='ltr'><em>ινα.</em></span> <span class='ocrx_word' id='word_1_312' title='bbox 1155 4392 1237 4442; x_wconf 83' lang='lat' dir='ltr'><em>Iustis.</em></span> <span class='ocrx_word' id='word_1_313' title='bbox 1252 4392 1305 4442; x_wconf 89' lang='lat' dir='ltr'><em>dlv.</em></span> <span class='ocrx_word' id='word_1_314' title='bbox 1321 4394 1339 4441; x_wconf 87' lang='lat'><em>1.</em></span> <span class='ocrx_word' id='word_1_315' title='bbox 1356 4404 1379 4448; x_wconf 81' lang='lat' dir='ltr'><em>s.</em></span> 
     </span>
     <span class='ocr_line' id='line_1_35' title="bbox 200 4481 1379 4551; baseline -0.006 -12"><span class='ocrx_word' id='word_1_316' title='bbox 200 4503 223 4539; x_wconf 92' lang='lat' dir='ltr'><em>c.</em></span> <span class='ocrx_word' id='word_1_317' title='bbox 241 4503 279 4548; x_wconf 83' lang='lat' dir='ltr'><em>rs.</em></span> <span class='ocrx_word' id='word_1_318' title='bbox 294 4504 331 4551; x_wconf 70' lang='grc' dir='ltr'><strong><em>ιγ.</em></strong></span> <span class='ocrx_word' id='word_1_319' title='bbox 349 4493 387 4540; x_wconf 88' lang='lat'><em>18.</em></span> <span class='ocrx_word' id='word_1_320' title='bbox 421 4491 518 4541; x_wconf 75' lang='lat' dir='ltr'><em>’Laco</em></span> <span class='ocrx_word' id='word_1_321' title='bbox 541 4491 564 4540; x_wconf 78' lang='lat' dir='ltr'><em>d</em></span> <span class='ocrx_word' id='word_1_322' title='bbox 584 4491 665 4540; x_wconf 82' lang='lat' dir='ltr'><em>c.18.</em></span> <span class='ocrx_word' id='word_1_323' title='bbox 700 4487 722 4523; x_wconf 86' lang='lat'><em>¹⁰</em></span> <span class='ocrx_word' id='word_1_324' title='bbox 739 4489 795 4538; x_wconf 87' lang='lat' dir='ltr'><em>Cic.</em></span> <span class='ocrx_word' id='word_1_325' title='bbox 812 4489 844 4540; x_wconf 84' lang='lat' dir='ltr'><em>de</em></span> <span class='ocrx_word' id='word_1_326' title='bbox 862 4488 977 4538; x_wconf 74' lang='grc' dir='ltr'><em>οιὶλι.</em></span> <span class='ocrx_word' id='word_1_327' title='bbox 997 4485 1033 4551; x_wconf 92' lang='lat' dir='ltr'><em>[c.</em></span> <span class='ocrx_word' id='word_1_328' title='bbox 1048 4485 1161 4547; x_wconf 78' lang='lat' dir='ltr'><em>7.§ao.</em></span> <span class='ocrx_word' id='word_1_329' title='bbox 1182 4481 1233 4548; x_wconf 57' lang='grc' dir='ltr'><strong><em>ιιι]</em></strong></span> <span class='ocrx_word' id='word_1_330' title='bbox 1260 4485 1320 4533; x_wconf 84' lang='lat' dir='ltr'><em>lnst.</em></span> <span class='ocrx_word' id='word_1_331' title='bbox 1347 4484 1379 4533; x_wconf 86' lang='lat' dir='ltr'><em>de</em></span> 
     </span>
     <span class='ocr_line' id='line_1_36' title="bbox 199 4578 822 4647; baseline -0.005 -14"><span class='ocrx_word' id='word_1_332' title='bbox 199 4581 256 4641; x_wconf 83' lang='lat' dir='ltr'><em>iuss.</em></span> <span class='ocrx_word' id='word_1_333' title='bbox 273 4594 298 4632; x_wconf 87' lang='lat' dir='ltr'><em>et</em></span> <span class='ocrx_word' id='word_1_334' title='bbox 313 4582 403 4646; x_wconf 83' lang='lat' dir='ltr'><em>jure.§</em></span> <span class='ocrx_word' id='word_1_335' title='bbox 417 4581 481 4643; x_wconf 84' lang='lat' dir='ltr'><em>iuris</em></span> <span class='ocrx_word' id='word_1_336' title='bbox 495 4593 639 4646; x_wconf 80' lang='lat' dir='ltr'><em>praecepta.</em></span> <span class='ocrx_word' id='word_1_337' title='bbox 660 4579 691 4647; x_wconf 81' lang='lat' dir='ltr'><em>[L</em></span> <span class='ocrx_word' id='word_1_338' title='bbox 710 4594 731 4631; x_wconf 88' lang='lat'><em>1.</em></span> <span class='ocrx_word' id='word_1_339' title='bbox 749 4593 770 4630; x_wconf 91' lang='grc' dir='ltr'><strong><em>ι.</em></strong></span> <span class='ocrx_word' id='word_1_340' title='bbox 787 4578 822 4644; x_wconf 66' lang='lat' dir='ltr'><em>a]</em></span> 
     </span>
    </p>
   </div>
   <div class='ocr_carea' id='block_1_4' title="bbox 0 0 1730 5434">
    <p class='ocr_par' dir='ltr' id='par_1_7' title="bbox 0 0 1730 5434">
     <span class='ocr_line' id='line_1_37' title="bbox 0 0 1730 5434; baseline 0 1"><span class='ocrx_word' id='word_1_341' title='bbox 0 0 1730 5434; x_wconf 95' lang='lat' dir='ltr'><em> </em></span> 
     </span>
    </p>
   </div>
  </div>
 </body>
</html>
