3450 5434
519 657 566 707 DE
589 656 682 727 julla
708 657 891 707 Pannona.
917 659 997 707 CAP.
1021 660 1101 705 VIII.
1324 660 1382 718 117

207 812 326 895 recipit
346 813 418 879 sive
445 812 701 879 additamentum
722 826 754 878 er
775 826 938 898 quatenus
954 810 1036 895 fidas
1053 814 1251 898 permittit:
1282 810 1383 876 Nunc
1396 818 1473 917 Illi·
1481 818 1542 917 ᾖ]

207 923 376 1005 quomodo
398 923 523 988 subditi
544 924 633 1007 juste
655 922 777 989 bellum
794 937 922 1008 gerant,
943 922 1170 1005 explicandum
1183 936 1251 987 est:
1275 940 1384 1003 neque
1394 938 1450 987 pars
1465 925 1500 971 Η·

208 1032 294 1099 enim
316 1034 357 1099 ab
385 1033 451 1099 illis
480 1033 605 1117 suscipi
627 1033 706 1101 satis
733 1047 824 1117 patet
844 1041 869 1100 ¹.
914 1032 1055 1099 Materia
1088 1032 1164 1099 belli
1198 1032 1383 1098 voluntarie

207 1143 379 1227 agentibus
409 1142 516 1226 ipsum
537 1145 593 1229 jus
616 1142 704 1220 fuit,
728 1142 871 1211 subditis
893 1156 1100 1225 praeceptum
1129 1142 1323 1225 superioris:
1346 1158 1385 1208 ut

208 1253 309 1338 igitur
337 1252 403 1319 illis
434 1256 511 1338 jus,
543 1255 587 1321 ita
616 1254 670 1321 his
700 1269 907 1337 praeceptum
940 1253 1050 1339 egredi
1081 1267 1155 1319 tuto
1176 1272 1242 1320 non
1265 1253 1342 1318 licet
1362 1258 1383 1317 ¹.

207 1362 336 1448 Legum
359 1363 444 1429 enirn
467 1365 717 1446 convenientia,
737 1379 776 1431 ut
794 1362 874 1430 alibi
894 1363 1098 1431 ostendimus
1114 1362 1150 1445 ⁸,
1169 1364 1294 1431 ratione
1306 1363 1385 1431 sub-

208 1474 352 1541 ditorum
383 1475 418 1541 in
449 1496 487 1542 ea
508 1476 663 1559 opinione
686 1475 855 1555 consistit,
879 1494 946 1555 qua
967 1474 1175 1557 superiorum
1196 1476 1286 1559 jussa
1307 1493 1385 1540 con·

209 1604 289 1669 grua
315 1584 464 1669 iustitiae
497 1586 715 1653 arbitrantur:
738 1586 803 1654 hoc
825 1600 933 1651 autem
957 1586 1031 1651 illos
1054 1584 1139 1651 tueri
1167 1604 1233 1651 non
1252 1598 1384 1669 potest,

209 1714 284 1761 cum
306 1695 449 1763 mandati
467 1696 547 1762 fines
569 1716 635 1762 non
657 1699 846 1763 observant.
892 1695 1035 1761 Eatenus
1058 1694 1159 1779 igitur
1175 1696 1264 1780 juste
1284 1695 1386 1759 bella·

208 1807 312 1887 bunt,
335 1821 498 1889 quatenus
518 1808 705 1874 mandatum
725 1807 910 1891 accipiunt:
934 1806 1106 1873 nonenim
1127 1804 1211 1871 idem
1233 1804 1386 1872 omnibus

209 1916 403 2001 injungitur.
447 1918 494 1982 Et
519 1920 605 1985 bona
632 1919 766 2001 quidem
789 1918 823 1983 in
844 1918 1005 1983 bellorum
1027 1936 1107 1985 usus
1127 1915 1277 1983 conferre
1298 1936 1386 1981 com·

210 2048 308 2093 mune
342 2044 391 2094 est
422 2027 587 2109 omnium,
620 2029 769 2113 corporis
801 2042 909 2095 autem
942 2026 1160 2095 ministerium
1183 2028 1271 2093 bello
1294 2026 1385 2093 adhi-

210 2139 305 2218 bere,
327 2138 421 2221 quod
438 2139 577 2206 militare
598 2139 742 2223 dicitur,
765 2158 832 2206 non
853 2158 966 2206 omnes
980 2139 1154 2224 iubentur:
1177 2158 1286 2222 neque
1309 2157 1385 2205 sane

211 2248 343 2331 expedit
360 2248 384 2315 ⁶.
428 2248 553 2316 Ordine
574 2251 659 2318 enim
680 2265 714 2316 et
734 2250 858 2316 dilectu
880 2270 990 2333 opus,
1012 2249 1101 2316 sicut
1119 2265 1151 2315 et
1169 2270 1276 2316 rerum
1297 2250 1386 2335 judi·

209 2374 354 2425 catarum
387 2360 553 2427 exsecutio
584 2378 651 2426 non
682 2377 783 2443 penes
812 2378 1083 2441 unumquemque
1114 2373 1183 2442 est,
1207 2359 1265 2424 sed
1287 2378 1386 2441 penes

211 2488 268 2537 eos
286 2470 466 2554 duntaxat,
485 2472 544 2555 qui
571 2474 700 2557 jussum
731 2485 926 2555 acceperunt
945 2468 971 2535 ⁵.
1017 2468 1072 2535 Fit
1103 2484 1209 2535 autem
1234 2471 1297 2536 hoc
1329 2486 1386 2537 aut

211 2580 427 2664 nominatim,
460 2597 518 2649 aut
549 2582 635 2648 inter
668 2597 830 2661 caeteros,
864 2595 903 2647 ut
933 2581 978 2647 ita
1011 2580 1143 2662 dicam,
1166 2581 1229 2647 hoc
1256 2595 1305 2647 est
1325 2602 1385 2663 per

211 2690 436 2759 evocationem
457 2706 498 2762 ut
519 2693 553 2759 in
575 2696 743 2775 tumultu,
764 2712 832 2774 quo
854 2691 992 2757 celebris
1015 2690 1070 2756 illa
1091 2710 1158 2756 vox
1177 2694 1348 2756 consulum
1372 2691 1384 2727 ⁸

211 2817 353 2885 spectat:
372 2807 432 2888 qui
451 2804 689 2890 rempublicam
712 2804 841 2872 saluam
861 2802 978 2871 volunt
998 2822 1048 2865 me
1067 2814 1276 2885 sequantur,
1298 2815 1330 2865 et
1350 2801 1383 2865 iu

208 2913 307 2996 iustis
325 2912 621 2996 proscriptionibus
630 2914 654 2979 ⁷.
676 2913 797 2995 Neque
817 2911 1153 2996 tantumdplrarsssive
1165 2912 1307 2991 directe,
1328 2913 1386 2977 sed

210 3027 346 3106 ἑμμέσως
363 3044 487 3107 perque
507 3023 730 3108 interpositam
754 3042 934 3107 personam.
981 3021 1069 3088 Ecce
1095 3022 1179 3087 enim
1202 3022 1385 3105 respublica

211 3148 270 3199 aut
294 3132 450 3217 Princeps
472 3134 549 3199 belli
579 3134 694 3200 ducem
718 3134 821 3219 legit,
845 3133 903 3216 qui
924 3147 1056 3217 accepta
1077 3147 1240 3217 potestate
1262 3132 1386 3199 consti·

212 3244 279 3309 tuit
308 3244 460 3312 tribunos
492 3260 524 3311 ct
554 3244 790 3328 centuriones,
824 3259 856 3310 et
878 3244 913 3310 hi
945 3244 1080 3310 militem
1104 3246 1220 3329 legunt
1235 3241 1260 3310 ⁸.
1306 3244 1385 3310 Sine

160 3346 165 3355 ’
211 3355 363 3421 mandato
385 3372 494 3423 autem
514 3357 603 3440 juste
632 3375 698 3423 non
720 3356 854 3421 militari
881 3356 967 3422 Cato
988 3356 1067 3421 satis
1090 3354 1251 3422 intellexit
1271 3358 1306 3437 ⁹,
1327 3356 1384 3437 qui

212 3463 317 3531 filiunt
338 3466 473 3531 missurn
496 3464 617 3532 Iactum
636 3468 790 3533 monebat
806 3481 845 3532 ut
863 3480 1014 3547 caveret,
1036 3485 1076 3531 ne
1092 3466 1251 3548 praelium
1270 3466 1384 3548 iniret,

211 3576 276 3643 nisi
297 3595 387 3643 novo
405 3576 540 3644 militiae
559 3592 761 3645 sacramento
781 3578 964 3663 obligatus:
987 3579 1198 3659 nequeenim
1218 3578 1274 3662 jus
1297 3598 1384 3660 csse,

213 3688 272 3770 qui
295 3688 389 3754 miles
408 3708 476 3756 non
498 3690 564 3769 sit,
588 3710 732 3775 pugnare
754 3709 829 3756 curn
849 3691 958 3757 hoste.
1003 3690 1066 3754 Vis
1087 3704 1194 3755 autem
1207 3691 1386 3756 haecman-

213 3798 281 3865 dati
313 3799 346 3865 in
378 3800 520 3885 singulis
551 3800 647 3866 etiam
679 3801 865 3868 actionibus
895 3815 1072 3884 spectatur.
1117 3800 1256 3867 Peccant
1284 3802 1386 3886 igitur

212 3909 352 3989 milites,
377 3910 435 3993 qui
456 3913 547 3977 nulla
567 3912 689 3979 ducum
712 3913 906 3979 auctoritate
928 3911 1199 3995 populationibus
1222 3928 1254 3980 et
1276 3913 1385 3979 incen-

248 4178 361 4241 1inpr.
382 4181 483 4242 capitis.
516 4178 572 4232 ’ln
594 4184 678 4232 concl.
700 4184 725 4231 6.
758 4180 818 4232 ”ad
842 4185 928 4233 concl.
945 4185 969 4232 6.
987 4196 1033 4232 art.
1050 4196 1074 4242 ³·
1106 4181 1159 4231 ⁴c.
1178 4186 1209 4233 de
1228 4184 1385 4234 occidendis.

215 4271 303 4333 [Dect.
324 4274 393 4319 Grat.
410 4287 437 4332 p.
456 4286 480 4320 a.
499 4284 539 4329 2³·
558 4285 580 4329 s.
599 4272 637 4337 8.]
673 4272 718 4322 ⁸1.
735 4275 781 4322 ult.
800 4276 829 4323 C.
847 4276 879 4323 de
898 4274 977 4331 judic.
997 4276 1039 4337 [C.
1057 4287 1080 4333 ³·
1098 4288 1122 4323 a.
1141 4274 1178 4336 4.]
1198 4278 1215 4322 l.
1231 4276 1283 4322 mil.
1301 4276 1322 4337 ς.
1340 4276 1385 4335 qui

212 4359 291 4418 judic.
315 4360 340 4409 ff.
362 4364 394 4411 de
416 4376 444 4411 te
467 4360 522 4419 iud.
547 4363 592 4424 [D.
616 4377 658 4425 42.
684 4377 705 4413 t.
731 4363 755 4412 ό.
778 4368 801 4424 ξ.
824 4364 861 4426 a]
901 4364 913 4397 ⁰
936 4364 1383 4431 Serv.adllencid.l.8.[vs.1.]

212 4450 308 4501 ⁷filu.
325 4452 352 4501 in
370 4468 398 4502 v.
415 4453 558 4503 Assaslnus.
575 4467 601 4514 q.
620 4466 642 4512 3.
676 4454 722 4503 8Ι.
749 4468 770 4503 1.
788 4456 981 4515 §.magistrum
998 4456 1025 4505 ff.
1051 4458 1081 4505 de
1103 4468 1188 4505 exerc.
1211 4468 1259 4507 act.
1285 4457 1329 4519 [D.
1347 4470 1385 4519 14.

217 4556 237 4590 t.
258 4556 279 4590 1.
300 4544 321 4605 ς.
343 4544 377 4605 1.]
413 4540 548 4593 ⁹Cic.de
570 4542 648 4593 offil.
669 4544 919 4609 1.[c.1r.§.37.]
1241 4536 1242 4540 ¹
