3450 5434
366 597 431 677 256
667 620 714 665 nr
737 622 832 685 June
858 620 1042 667 annonas.
1068 620 1147 666 cna.
1172 621 1236 666 xrr.

366 786 435 837 tum
462 773 506 839 sit
528 772 655 839 facinus
672 774 837 841 hominem
861 774 1038 859 ingenuum
1061 775 1281 840 immerentem
1307 775 1340 839 in
1366 774 1539 858 captivita-

364 900 431 950 tem
460 888 608 966 trahere,
632 888 750 952 habere
773 888 806 953 in
835 887 978 954 vinculis
1006 903 1038 953 et
1067 888 1232 966 cruciatu:
1264 888 1358 970 quod
1386 886 1538 953 Lusitani

365 998 399 1062 in
420 1001 542 1064 multos
564 1000 713 1066 homines
737 1000 922 1067 Hollandos
944 998 1093 1066 fecerunt
1115 998 1330 1081 faciuntque,
1354 1014 1443 1065 tanta
1469 1000 1541 1083 qui-

366 1111 437 1175 dem
469 1111 668 1194 pertinacia,
693 1128 730 1178 ut
753 1112 873 1179 oblatis
906 1132 945 1176 ex
977 1112 1124 1195 ipsorum
1149 1131 1284 1178 numero
1309 1114 1414 1177 multo
1439 1112 1539 1195 pluri·

366 1224 428 1289 bus
445 1238 502 1288 aut
521 1224 693 1289 sufficienti
716 1226 822 1306 pretio
843 1244 1021 1306 numquam
1042 1222 1277 1289 redemtionem
1299 1225 1539 1304 concesserint,

367 1336 425 1401 sed
448 1356 534 1417 quos
556 1351 708 1419 ceperant
728 1352 902 1420 perpetuae
924 1335 1108 1401 addixerint
1130 1335 1299 1401 servituti:
1324 1336 1416 1417 quod
1440 1336 1540 1419 juris-

367 1447 511 1513 consulti
534 1468 647 1514 omnes
668 1451 807 1514 clamant
836 1448 932 1513 etiam
956 1448 988 1513 in
1010 1449 1098 1513 bello
1121 1447 1270 1531 legitimo
1292 1446 1375 1511 inter
1400 1447 1540 1513 Christi-

369 1580 449 1625 anos
480 1580 545 1625 non
581 1560 698 1640 licere,
730 1581 806 1626 cum
838 1560 882 1627 sit
912 1559 978 1645 juri
1002 1574 1133 1642 recepto
1157 1562 1355 1624 contrarium
1378 1567 1401 1622 ¹.
1450 1559 1541 1645 Quid

368 1688 476 1738 autem
499 1673 725 1739 detestabilius
744 1687 795 1739 est
813 1687 869 1737 aut
889 1670 1035 1756 perjurio
1051 1686 1108 1739 aut
1119 1672 1344 1753 qualicunque
1356 1670 1538 1753 perfidia²i

369 1786 455 1851 Nam
480 1801 605 1851 caetera
628 1784 787 1850 maleficia
809 1804 980 1867 personam
1002 1781 1070 1850 fere
1090 1782 1271 1866 respiciunt
1293 1783 1364 1866 ejus
1386 1782 1419 1848 in
1445 1802 1540 1864 quem

369 1897 577 1981 diriguntur,
601 1896 717 1981 perfidi
750 1911 858 1962 autem
883 1911 916 1962 et
937 1896 1047 1961 Deum
1069 1895 1281 1979 impugnant,
1306 1914 1403 1976 quem
1427 1908 1540 1961 testem

369 2026 426 2076 aut
447 2010 614 2092 conceptis
636 2010 768 2091 verbis,
793 2026 850 2075 aut
870 2008 942 2075 aliis
965 2024 1050 2074 certe
1073 2006 1203 2074 indiciis
1224 2007 1400 2088 adhibent,
1420 2022 1453 2071 et
1473 2026 1542 2071 om·

367 2142 441 2187 nent
473 2121 643 2188 hominum
672 2121 883 2201 societatem,
917 2121 1057 2203 abrupto
1080 2119 1237 2197 vincum,
1262 2139 1329 2200 quo
1362 2119 1434 2185 solo
1457 2118 1541 2183 inter

369 2234 517 2301 homines
550 2233 774 2319 ignotissimos
805 2231 1061 2299 securisumus.
1109 2230 1258 2297 Romani¹
1276 2231 1354 2296 olim
1387 2230 1485 2294 etian'r
1509 2231 1540 2295 in

369 2367 455 2429 quos
474 2349 581 2432 justas
603 2346 767 2411 habebant
789 2364 951 2410 armorum
971 2363 1111 2424 causas,
1135 2344 1187 2408 his
1208 2342 1398 2426 priusquam
1419 2342 1539 2408 bellurn

368 2458 550 2524 indicerent
583 2457 755 2522 amicitiam
790 2455 1067 2523 renuntiabant⁸.
1133 2455 1285 2519 Lusitani
1318 2469 1430 2520 contra
1466 2473 1537 2519 cum

203 2568 355 2683 ξξὺξζιι·
367 2569 592 2636 crudelissima
615 2590 766 2651 quaeque
789 2568 822 2633 in
846 2568 987 2635 Batavos
1018 2567 1265 2653 excogitarent,
1291 2586 1358 2648 quo
1391 2568 1472 2631 haec
1496 2564 1540 2630 ia·

208 2690 340 2733 '’um-³
367 2682 465 2747 cilius
488 2683 724 2762 succederent,
749 2679 911 2745 amicitiae
940 2682 1016 2745 velo
1040 2680 1270 2745 abutebantur.
1317 2678 1381 2745 Sed
1401 2679 1467 2743 hoc
1487 2696 1541 2760 pa-

366 2815 457 2861 rum:
491 2808 603 2861 contra
635 2813 724 2860 sacra
754 2792 843 2875 pacis
875 2791 1036 2876 insignia,
1070 2806 1181 2857 contra
1213 2790 1383 2873 pactiones
1409 2788 1540 2855 minime

366 2907 506 2987 dubias,
530 2920 643 2973 contra
665 2904 890 2988 interpositam
911 2902 1124 2988 jurisjurandi
1146 2902 1337 2987 religionem
1362 2902 1397 2967 in
1416 2900 1542 2968 violan-

367 3019 418 3086 dis
447 3019 579 3086 Batavis
611 3034 719 3101 aperte
749 3033 885 3084 ventum
917 3031 989 3097 est,
1012 3035 1072 3081 nec
1093 3015 1275 3098 quidquam
1305 3029 1369 3079 tam
1394 3029 1541 3081 sanctum

367 3130 454 3212 fuit,
478 3132 570 3213 quod
601 3131 677 3197 illos
705 3131 745 3196 ab
777 3128 1019 3195 Hollandorum
1053 3116 1211 3211 sanguine
1244 3142 1420 3192 coerceret.
1479 3126 1541 3192 His

367 3244 473 3310 affinia
502 3258 581 3309 sunt
601 3262 727 3309 venena
757 3257 790 3306 et
820 3239 956 3306 immissi
981 3240 1160 3305 amicorum
1186 3238 1293 3321 specie
1319 3258 1540 3322 percussores.

208 3361 358 3463 {egeam
368 3356 470 3443 Quod
503 3355 543 3420 de
575 3354 694 3421 Perseo
725 3354 818 3438 Rege
852 3354 931 3419 olim
964 3352 1088 3417 dictum
1119 3365 1168 3418 est
1191 3350 1256 3423 huc
1280 3348 1393 3417 referri
1417 3366 1542 3434 potest:

208 3483 308 3573 ²2⁴⁶
334 3488 355 3528 ι
348 3487 434 3535 non
453 3468 579 3552 justum
603 3467 725 3534 bellum
748 3485 900 3551 apparare
925 3464 1128 3544 Lusitanos,
1153 3462 1212 3529 sad
1227 3467 1427 3547 peremnia
1451 3464 1542 3529 clan-

207 3538 231 3587 p
368 3580 500 3647 destina
523 3579 781 3644 latrociniorum
802 3592 834 3643 at
854 3574 1085 3660 veneficiorum
1109 3576 1175 3640 scel
1174 3597 1233 3641 era
1249 3576 1446 3661 grassari⁴.
1472 3576 1541 3641 Aut

369 3694 462 3776 quod
488 3691 522 3759 in
553 3690 690 3757 Darium
714 3689 917 3756 Alexander:
949 3689 1057 3773 Impia
1086 3687 1173 3752 bella
1196 3690 1363 3773 suscipitis
1387 3702 1444 3768 et,
1467 3708 1538 3752 cum

368 3806 520 3871 habeatis
552 3825 675 3883 arma,
708 3803 892 3868 licitamini
921 3803 1063 3866 hostium
1098 3803 1213 3886 capita
1236 3805 1258 3864 ⁵.
1315 3797 1406 3863 Haec
1440 3797 1540 3883 igitur

366 3962 563 3973 ..-.....——-—-

403 4044 497 4093 ¹Bart.
512 4056 537 4092 et
555 4044 605 4091 Dd.
622 4043 689 4091 adl.
703 4044 798 4093 hostes.
812 4040 839 4088 ff
856 4042 887 4089 de
903 4051 970 4099 capt.
991 4039 1034 4100 [D.
1050 4051 1092 4099 49.
1113 4050 1151 4093 15.
1168 4036 1223 4098 24]
1244 4038 1349 4085 Covarr.
1366 4036 1436 4085 inc.
1453 4050 1543 4097 pecca·

369 4140 460 4195 tum5.
478 4149 517 4183 ιι.
532 4149 557 4183 ιι.
575 4135 599 4182 6
632 4130 691 4181 ²V.
705 4134 754 4182 Dd.
772 4132 832 4180 inl.
846 4144 868 4179 ιι
885 4130 937 4180 duo
955 4130 1065 4191 patroni.
1085 4132 1107 4187 5.
1122 4130 1168 4175 ult.
1183 4127 1208 4175 li.
1227 4125 1382 4184 deleretur
1403 4126 1448 4190 [D.
1469 4143 1506 4177 ιι.
1522 4142 1543 4177 a.

373 4241 411 4286 13.
431 4228 453 4289 5.
474 4226 511 4288 6.]
537 4226 648 4274 Addel.
662 4226 708 4273 ult
725 4224 751 4272 ff.
767 4222 937 4273 stellionatus.
958 4220 1001 4285 [D.
1019 4233 1060 4282 47.
1079 4232 1119 4268 ιο.
1137 4219 1174 4280 4.]
1199 4220 1217 4266 1.
1242 4218 1264 4266 si
1284 4218 1340 4278 quis
1361 4216 1452 4275 maior.
1468 4220 1498 4268 C.
1513 4220 1543 4268 de

370 4332 445 4368 trans.
471 4319 554 4379 [C.a
556 4331 604 4378 ,4.
622 4316 678 4381 4ι.]
698 4318 729 4364 V.
744 4315 892 4363 Gelliuml.
910 4326 934 4372 7.
952 4326 976 4362 c.
1000 4314 1037 4360 18.
1055 4313 1086 4359 Et
1101 4324 1165 4371 quae
1182 4309 1290 4359 diximus
1310 4311 1342 4358 ad
1357 4312 1444 4358 concl
1445 4323 1495 4451 ab?
1501 4322 1544 4358 ιιι.

372 4424 395 4468 3.
411 4426 438 4471 p.
457 4424 480 4459 a.
513 4408 600 4458 ’Lim
611 4404 658 4457 nb.
677 4409 717 4465 36
737 4408 774 4468 [c
791 4405 828 4470 3.]
845 4417 871 4454 et
889 4403 1049 4463 aliipassim.
1074 4401 1161 4449 ⁴le.
1186 4400 1232 4448 lib.
1247 4414 1289 4462 42.
1310 4401 1346 4462 [c.
1368 4399 1437 4464 18.]

370 4504 417 4551 lib.
434 4516 459 4563 4.
478 4500 515 4561 [c.
533 4500 569 4561 a]
