3450 5434
487 648 534 693 DE
557 648 651 713 June
677 646 860 694 PRAEDAE.
886 648 966 693 CAP.
992 648 1039 694 xl.
1287 634 1345 711 183

174 806 317 871 colorem
349 801 579 867 adinvenerat:
609 800 826 868 constitutum
855 820 925 867 esse
955 801 1109 883 Batavis,
1140 800 1169 865 si
1192 801 1345 867 mercium

172 914 277 998 pretia
299 913 435 979 nimium
468 912 733 993 intenderentur,
754 912 865 996 Joram
890 913 931 980 ad
953 928 1127 979 mercatum
1150 912 1209 978 ire.
1252 914 1348 998 Jorae

174 1043 283 1091 autem
314 1024 383 1108 tegi
413 1043 488 1089 cum
515 1022 758 1089 Aelrinensibus
786 1045 825 1089 eo
858 1039 1003 1108 tempore
1034 1026 1156 1090 bellurn
1187 1038 1255 1089 erat
1277 1044 1348 1089 acre

174 1154 206 1202 et
234 1135 406 1202 infestum:
437 1134 591 1217 occupari
619 1134 721 1219 igitur
749 1155 849 1201 naves
876 1135 1055 1217 suadebat,
1087 1135 1278 1218 priusquam
1298 1155 1349 1202 res

175 1247 322 1313 hostium
354 1246 439 1312 irent
469 1247 629 1331 adjutum.
671 1244 744 1331 Jam
766 1260 798 1313 et
817 1243 974 1313 aviditate
996 1261 1027 1311 et
1045 1246 1123 1312 odio
1142 1245 1348 1312 ferventibus

174 1357 290 1425 animis
331 1356 541 1440 componitur
578 1357 687 1423 dolus.
751 1357 912 1423 Traditur
951 1358 1072 1442 piperis
1112 1357 1348 1439 aliquantulum

174 1489 249 1535 cunr
267 1489 325 1551 spe
343 1467 377 1533 in
399 1468 469 1533 dies
486 1468 617 1554 majoris
638 1468 770 1551 copiae:
794 1488 892 1550 quarn
920 1469 1064 1535 dicentes
1085 1467 1191 1554 longis
1209 1468 1350 1535 navibus

175 1579 349 1646 adventare
382 1579 549 1645 Sabander
578 1594 611 1645 et
643 1579 753 1645 Corco
784 1594 817 1645 et
853 1600 968 1665 magna
1003 1580 1053 1647 vis
1092 1580 1348 1661 Achinensium,

176 1691 272 1773 quasi
289 1689 542 1773 permutationis
561 1690 779 1757 instituendae
790 1692 915 1776 gratia,
934 1711 1034 1758 naves
1045 1691 1212 1757 Batavicas
1224 1690 1350 1756 inscen-

175 1802 282 1882 dunt‚
305 1800 419 1867 armati
447 1821 584 1882 ornnes,
613 1817 653 1867 ut
673 1820 745 1867 mos
765 1803 863 1868 habet
886 1803 1003 1888 gentis.
1050 1805 1238 1869 Attulerant
1258 1803 1351 1867 cibos

174 1928 342 1996 potusque
370 1914 544 1995 pharmaco
575 1911 718 1979 infectos
740 1928 880 1979 mentem
902 1914 1085 1995 alienanto,
1112 1913 1269 1979 dutroam
1292 1934 1351 1979 vo-

176 2038 269 2089 cant:
304 2044 372 2105 quo
405 2043 480 2090 cunt
510 2042 544 2089 se
565 2040 682 2090 nautae
713 2024 842 2089 avidius
867 2024 1142 2111 ingurgitassent,
1174 2040 1353 2109 coeperunt

175 2134 289 2201 subito
309 2154 367 2216 per
376 2132 468 2199 foros
480 2150 512 2199 et
522 2136 666 2201 tabulata
677 2135 878 2216 discursare,
898 2138 1018 2221 jactare
1030 2136 1135 2219 capita
1150 2137 1352 2203 utvecordes

177 2261 277 2334 atque
304 2245 463 2329 limphati.
510 2247 549 2312 ld
579 2246 686 2311 visunt
714 2262 765 2311 est
790 2262 920 2331 tempus
945 2248 1070 2313 dudum
1091 2249 1242 2313 ineditam
1262 2266 1352 2313 exsc-

176 2356 313 2439 quendi.
358 2356 535 2423 Dementes
563 2377 601 2422 ac
619 2377 770 2442 segreges
787 2378 944 2440 pecorum
963 2359 1029 2424 ritu
1048 2360 1271 2426 trucidantur:
1294 2378 1353 2424 nec

177 2486 310 2552 pugna,
337 2467 539 2547 sedlaniena
559 2482 636 2534 erat.
682 2467 856 2553 Vertigine
878 2468 975 2535 simul
996 2484 1028 2535 et
1045 2471 1239 2537 vulneribus
1261 2469 1352 2552 fusi,

178 2578 395 2661 trepidantem
429 2578 513 2644 inter
544 2580 645 2645 verba
675 2579 827 2662 spiritum
860 2581 1019 2647 efflabant.
1065 2580 1110 2647 Et
1140 2583 1204 2666 jam
1239 2597 1354 2648 cuncta

179 2689 395 2772 tenebantur,
429 2710 504 2757 nam
533 2705 566 2755 et
584 2691 739 2758 Indorum
759 2710 877 2773 pravae
897 2692 1019 2757 circum
1039 2692 1186 2774 undique
1206 2693 1353 2771 aderant,

178 2801 356 2867 instructae
389 2801 486 2868 armis
519 2822 617 2884 opera
650 2802 907 2885 Lusitanorum,
941 2802 1005 2868 nisi
1035 2802 1130 2885 pauci
1154 2803 1353 2885 admodum,

177 2913 325 2978 nondum
349 2912 429 2979 victi
451 2911 609 2978 feralibus
632 2913 761 2998 epulis,
784 2933 819 2980 se
841 2928 875 2978 et
889 2932 989 2979 naves
1002 2913 1086 2979 tueri
1097 2913 1353 2992 sustinuissent,

179 3039 212 3088 et
231 3024 323 3107 jactu
355 3024 521 3108 glandium
554 3026 681 3091 hostem
712 3023 818 3090 ferum
847 3024 992 3091 cruentis
1017 3025 1163 3109 vestigiis
1187 3026 1351 3091 evolvere.

178 3134 274 3201 Prior
301 3135 420 3217 navis,
451 3136 521 3201 Leo
555 3137 748 3217 dicebatur,
771 3137 907 3202 liberata
931 3138 1087 3217 alteram,
1112 3138 1271 3203 Leaenam
1296 3158 1354 3203 no·

179 3246 290 3327 mine,
310 3266 412 3330 prope
435 3262 561 3331 captam
574 3250 733 3328 asseruit,
756 3248 900 3315 victores
916 3250 982 3334 jam
992 3249 1197 3317 Achinenses
1207 3268 1356 3334 aggressa

180 3358 355 3441 depellere.
391 3359 441 3423 Ita
462 3379 562 3425 naves
586 3374 739 3427 retentae.
780 3359 962 3425 Madebant
985 3360 1113 3427 interim
1138 3360 1258 3427 insonti
1282 3381 1355 3428 san·

180 3470 281 3554 guine
293 3470 425 3536 navium
435 3473 556 3550 latera,
570 3484 602 3535 et
615 3469 684 3553 ipse
696 3471 931 3538 Houtnrannus
942 3474 1155 3538 coenaculum
1166 3475 1357 3539 cruentabat

180 3579 354 3647 confossus
376 3581 508 3648 dextera
531 3582 699 3665 hospitali.
745 3584 928 3665 sequentes
947 3603 1004 3665 per
1023 3582 1093 3649 dies
1112 3604 1148 3648 ea
1167 3584 1283 3649 veneni
1304 3585 1356 3651 vis

181 3690 264 3772 fuit,
288 3706 327 3758 ut
347 3713 421 3775 pars
442 3707 615 3783 nautarum
633 3708 771 3759 veterno
791 3694 937 3777 oppressi
955 3696 1124 3779 jacerent,
1147 3714 1221 3777 pars
1244 3695 1356 3761 furore

180 3802 215 3868 in
237 3818 353 3868 mutua
374 3806 511 3870 vulnera
528 3820 711 3888 agerentur.
742 3805 816 3871 Nec
837 3804 955 3870 melius
974 3819 1082 3870 actum
1107 3826 1181 3870 cum
1202 3807 1277 3889 his,
1298 3808 1356 3889 qui

180 3935 222 3979 eo
243 3929 389 3997 tempore
413 3915 446 3979 in
473 3916 554 3980 urbe
575 3936 611 3980 ac
632 3930 795 3999 potestate
818 3916 1058 3982 Achinensium
1083 3932 1193 3997 erant,
1218 3918 1357 3983 ducente

181 4025 223 4089 ad
249 4026 364 4090 caedes
391 4026 478 4111 regis
510 4026 615 4109 ipsius
646 4027 738 4108 filio,
762 4048 859 4110 quem
879 4027 1031 4095 Lusitani
1054 4028 1150 4094 donis
1174 4042 1206 4093 et
1230 4027 1358 4110 pollici-

182 4136 364 4203 tationibus
393 4156 488 4203 suum
513 4138 705 4205 effecerant:
734 4139 908 4205 desiderati
929 4138 1077 4205 homines
1100 4157 1166 4204 non
1187 4138 1357 4221 pauciores

181 4248 398 4332 septuaginta.
444 4248 547 4315 Paulo
580 4265 656 4332 post
687 4250 844 4316 adversus
863 4250 1077 4330 Neckianos,
1110 4249 1168 4332 qui
1193 4249 1224 4313 in
1250 4250 1508 4342 BandaAnnonoo

181 4360 289 4425 insula
317 4360 520 4439 resederant,
558 4381 644 4443 quos
671 4360 755 4427 inter
786 4361 951 4429 Adrianus
981 4360 1134 4442 Venius,
1166 4376 1270 4427 emtus
1299 4382 1357 4427 rex
1370 4324 1462 4375 ‘mh'

182 4470 319 4539 Tubani
352 4488 389 4538 ut
419 4492 476 4539 eos
508 4473 607 4539 armis
631 4472 814 4540 detraheret
846 4490 903 4541 aut
934 4474 1029 4539 etiam
1068 4487 1219 4556 necaret,
1248 4471 1354 4537 minax
