3450 5434
516 602 563 650 DE
588 603 680 669 June
707 603 889 651 Pannona.
914 605 994 654 CAP.
1017 606 1096 655 VIII.
1281 597 1284 602 ¹
1329 606 1388 669 119

218 773 315 842 putat
346 776 478 843 gerere,
500 758 599 823 simul
630 758 727 824 ctiam
747 759 803 844 jus
825 759 891 825 illis
914 774 1098 843 competere
1129 774 1223 842 putat
1245 760 1279 825 in
1302 760 1389 825 bello

216 884 312 953 capta
334 877 357 935 ¹.
404 869 490 933 Nam
516 868 625 935 ethic
647 869 837 952 acquirendi
859 871 996 938 dominii
1018 871 1135 937 modus
1158 885 1232 950 est,
1256 869 1389 936 omnino

216 980 333 1047 similis
361 978 391 1045 ei
420 979 478 1062 qui
501 977 540 1044 lit
558 999 616 1063 per
636 1000 703 1047 rem
723 981 900 1066 judicatam
922 978 952 1045 ²:
986 981 1014 1047 si
1041 982 1125 1048 enim
1156 982 1244 1064 juste
1266 1000 1389 1064 pugna-

216 1106 267 1156 ret
287 1091 496 1172 respublica,
517 1089 620 1174 judex
638 1090 671 1155 in
694 1092 806 1158 hostes
821 1092 917 1157 etiam
935 1106 1086 1158 externos
1102 1091 1355 1157 constitueretur
1367 1088 1388 1155 ⁸.

217 1200 264 1265 Et
283 1199 337 1263 hic
357 1201 459 1284 igitur
481 1200 637 1267 convenit
657 1202 748 1282 quod
768 1201 874 1266 dicere
896 1203 1059 1283 solemus,
1080 1202 1169 1286 juste
1190 1219 1262 1266 eum
1285 1199 1391 1283 possi·

217 1310 316 1392 dere,
347 1311 406 1393 qui
437 1326 584 1393 praetore
616 1326 748 1376 auctore
779 1327 944 1394 comparat
974 1326 1030 1376 aut
1061 1311 1209 1394 possidet
1228 1310 1250 1375 ⁴.
1296 1311 1391 1376 Sicut

218 1421 319 1505 igitur
341 1421 487 1501 bellum,
511 1420 556 1485 ita
579 1434 612 1485 et
639 1419 855 1507 depraedatio
884 1442 1062 1507 rerumque
1080 1435 1259 1508 captarum
1278 1419 1390 1486 deten-
1404 1428 1488 1475 cnon.
1505 1427 1540 1473 H·

218 1535 265 1595 tio
285 1530 493 1596 subditorum
514 1544 664 1616 respectu
683 1552 724 1595 ex
748 1544 896 1616 utraque
910 1545 1014 1618 parte
1025 1533 1125 1615 justa
1146 1531 1274 1596 datur:
1289 1544 1391 1616 prae-

217 1641 349 1721 cedente
368 1642 493 1707 ree'le'eet
506 1642 630 1726 jussu,
652 1644 709 1705 eui
729 1644 820 1705 ratio
838 1640 1025 1727 probabilis
1046 1662 1109 1704 nou
1130 1654 1302 1727 repugnet.
1334 1642 1390 1707 An

217 1772 298 1819 vero
319 1751 485 1834 utrimque
507 1765 540 1816 et
562 1750 767 1836 dominium,
791 1752 855 1816 hoc
879 1765 929 1817 est
951 1752 1005 1835 jus
1038 1750 1120 1817 illud
1154 1752 1390 1836 irrevocabile,

218 1878 417 1945 quaeratur,
440 1861 655 1944 inquisitione
676 1861 812 1946 indiget.
859 1861 1004 1927 Omnino
1028 1861 1129 1928 ausim
1151 1860 1390 1948 affirmarejure
1402 1864 1524 1965 mg}-

219 1974 363 2059 gentium
376 1973 550 2057 primario,
562 1974 654 2055 quod
676 1994 716 2039 ex
738 1987 854 2039 natura
878 1972 1010 2055 defluit,
1035 1974 1097 2038 hoc
1110 1972 1217 2055 ipsum
1230 1993 1296 2038 non
1312 1994 1390 2039 con·

217 2084 353 2168 tingere.
399 2083 521 2166 Neque
542 2084 627 2149 enirn
643 2083 757 2167 opinio
779 2084 974 2166 cujusquam
994 2088 1005 2121 ⁵
1025 2102 1171 2165 eousque
1192 2082 1334 2164 sufficit,
1354 2098 1391 2148 ut

218 2194 353 2260 domino
381 2194 508 2261 nolenti
542 2194 722 2260 dominium
744 2192 882 2261 auferat.
929 2194 976 2259 Et
997 2194 1186 2259 naturaliter
1209 2193 1392 2279 obligamur

218 2305 261 2371 ad
289 2304 552 2385 restitutionem,
583 2324 651 2371 non
679 2319 805 2370 tantum
833 2304 946 2387 iniqua
972 2304 1161 2388 acceptione
1181 2305 1227 2369 rei
1250 2305 1390 2387 alienae,

220 2416 277 2481 sed
297 2416 518 2498 qualicunque
536 2414 761 2499 possessione:
784 2415 871 2480 unde
892 2434 950 2480 nec
970 2414 1242 2498 praescriptiones
1262 2434 1300 2481 eo
1317 2414 1391 2499 jure

221 2541 365 2609 receptas
396 2526 565 2592 verissima
597 2525 757 2593 sententia
775 2542 825 2593 est
851 2524 876 2591 ⁸.
934 2526 1000 2592 Sed
1019 2524 1150 2591 defendi
1181 2538 1292 2608 potest
1318 2526 1391 2609 jure

221 2637 365 2721 gentium
397 2636 613 2719 secundario,
637 2636 728 2718 quod
760 2655 831 2702 esse
849 2636 901 2703 sui
924 2636 1050 2721 origine
1072 2636 1170 2701 civile
1190 2635 1333 2702 diximus
1354 2641 1391 2717 ⁷,

220 2747 306 2813 idem
336 2747 420 2814 illud
449 2747 633 2830 procedere.
676 2747 842 2813 Videntur
862 2746 948 2812 enim
971 2745 1085 2829 populi
1109 2746 1331 2827 conscivisse,
1355 2760 1393 2811 ut

220 2858 308 2924 bello
329 2873 424 2943 capta
443 2859 610 2941 utrimque
628 2858 825 2942 capientium
847 2856 963 2922 fierent
980 2854 1016 2937 ⁸,
1039 2875 1099 2921 nec
1121 2857 1192 2941 ejus
1212 2855 1257 2922 rei
1281 2856 1393 2922 deesse

220 2968 373 3034 rationes.
408 2968 609 3052 Diligentius
630 2969 714 3033 enim
737 2967 970 3051 rempublicam
1001 2963 1184 3032 defendunt
1212 2966 1301 3032 cives
1323 2968 1393 3032 bel·

221 3079 312 3161 lique
343 3100 440 3145 onera
470 3079 662 3162 promtiores
685 3078 848 3146 sustinent
872 3076 917 3149 rei
938 3076 1084 3160 privatae
1104 3076 1240 3144 vinculo
1262 3078 1293 3156 ⁸,
1317 3098 1391 3142 cum

221 3210 296 3274 spes
315 3190 557 3271 quodammodo
577 3184 723 3273 praecisa
743 3204 792 3254 est
811 3190 911 3255 semel
932 3188 1047 3256 amissa
1067 3188 1291 3271 recuperandi.
1317 3188 1391 3255 Nec

220 3300 419 3384 reipublicae
442 3300 621 3382 quidquam
641 3298 810 3381 abscedit,
834 3299 891 3365 cui
910 3314 967 3366 aut
986 3299 1094 3367 victae
1111 3300 1167 3384 jus
1187 3297 1273 3365 foret
1297 3299 1392 3365 inane

219 3411 292 3477 sine
313 3412 461 3491 viribus,
483 3426 541 3476 aut
561 3410 690 3479 victrici
714 3411 799 3477 inter
818 3425 963 3493 caetera,
986 3432 1069 3494 quae
1091 3411 1124 3475 in
1148 3409 1294 3477 dominio
1314 3412 1392 3476 hos·

220 3523 302 3588 tium
323 3521 474 3603 fuerunt,
495 3522 590 3588 etiam
611 3521 698 3587 bello
711 3536 820 3604 erepta
831 3520 1087 3604 acquirerentur.
1111 3521 1270 3607 Magnum
1283 3536 1391 3587 autem

221 3635 325 3718 hujus
355 3635 402 3699 rei
433 3648 656 3720 argumentum
676 3647 743 3712 est,
768 3632 859 3715 quod
882 3631 967 3699 facta
988 3653 1089 3715 pace,
1113 3632 1298 3715 dequibus
1325 3651 1392 3699 non

223 3823 415 3834 ——-

257 3942 317 3993 1ex
341 3946 426 3993 concl.
449 3958 473 4003 3.
506 3941 558 3993 ²1.
583 3947 729 3994 naturalem.
747 3947 770 4002 5.
788 3944 997 4005 uleffideacq.
1016 3946 1084 3994 dom.
1104 3944 1149 4007 [D.
1166 3958 1207 4007 41.
1230 3958 1250 3993 1.
1271 3957 1294 4001 s.
1311 3948 1333 4003 5.
1352 3946 1391 4007 7.]

220 4032 232 4066 ⁸
255 4035 287 4082 V.
301 4036 333 4083 ad
355 4048 407 4095 reg.
431 4048 456 4098 9.
488 4035 500 4067 ⁴
522 4038 540 4083 l.
562 4034 630 4093 iuste
652 4035 777 4095 possidet.
800 4035 826 4084 ff.
850 4037 882 4084 de
906 4048 961 4096 aeq.
987 4048 1056 4095 poss.
1076 4035 1120 4097 [D.
1137 4048 1178 4097 41·
1198 4050 1221 4083 2.
1243 4036 1294 4097 tu]
1313 4038 1329 4083 l.
1348 4036 1392 4096 qui

221 4137 335 4173 auctore.
350 4124 375 4173 ff.
399 4128 431 4173 de
454 4139 506 4185 reg.
528 4124 577 4183 jur.
601 4126 645 4187 [D.
670 4138 710 4182 50.
737 4139 775 4184 ¹7·
801 4126 871 4188 137].
904 4125 949 4174 Il.
968 4140 991 4174 a.
1010 4125 1035 4174 ff.
1053 4128 1085 4174 de
1104 4125 1135 4175 iis
1154 4126 1198 4185 qui
1218 4136 1274 4174 sunt
1290 4125 1330 4173 sui
1350 4128 1392 4175 vel

221 4213 343 4272 abieris.
362 4213 407 4279 [Β.
425 4228 446 4263 t.
463 4216 499 4277 6.]
524 4218 541 4263 l.
558 4218 694 4265 solvendo.
711 4216 737 4264 ff.
755 4218 859 4277 deneg.
877 4228 940 4278 gest.
959 4217 1003 4277 [D.
1022 4229 1045 4273 ³·
1064 4228 1087 4273 5.
1106 4215 1159 4279 39.]
1178 4217 1196 4263 l.
1214 4214 1349 4264 distractis.
1367 4228 1392 4264 et

222 4308 240 4353 l.
258 4305 409 4354 debitorem.
420 4307 449 4353 C.
466 4308 498 4355 de
516 4306 585 4367 pign.
602 4306 645 4368 [C.
663 4309 687 4354 8.
708 4320 746 4369 ι4.
768 4321 805 4369 ¹4·
823 4320 848 4356 et
869 4306 920 4371 15·]
940 4309 957 4355 1.
975 4319 999 4365 ³·
1017 4308 1047 4355 C.
1065 4309 1096 4355 de
1114 4305 1151 4354 rei
1169 4304 1239 4354 vind.
1256 4304 1298 4369 [C.
1307 4318 1330 4364 3.
1339 4306 1391 4368 aa]

221 4398 327 4460 ‘Vasq
345 4411 426 4447 contr.
447 4399 484 4447 ill.
503 4402 521 4447 l.
545 4413 568 4448 2.
585 4413 606 4447 c.
625 4410 665 4454 51.
683 4411 708 4446 n.
727 4410 767 4455 23.
802 4395 861 4445 IV.
880 4412 930 4459 reg.
949 4400 973 4446 8.
1006 4396 1067 4445 ⁸V.
1081 4394 1108 4445 in
1122 4396 1199 4445 simili
1214 4396 1281 4445 Vict.
1302 4410 1328 4446 n.
1350 4411 1392 4461 49.

222 4487 436 4539 ⁸1.inbe110ff.
454 4492 486 4539 de
504 4501 571 4551 capt.
589 4490 615 4538 in
632 4504 672 4552 pr.
690 4489 735 4552 [D.
752 4503 793 4552 49.
814 4502 852 4546 ιε.
873 4488 925 4553 tm]
