3450 5434
371 612 433 672 218
662 626 709 671 un
733 624 826 691 Junn
853 624 1041 672 annuunt.
1067 626 1146 671 cna.
1173 626 1239 673 x11.

371 784 453 867 tigit
483 778 522 843 id
549 783 687 863 quisque
717 791 839 844 teneat.
898 779 1025 845 Contra
1057 794 1164 846 autem
1198 779 1414 863 Thucydides
1446 783 1544 845 ¹eam

371 906 511 969 terram,
535 910 620 971 quae
644 888 862 955 indivisione
885 892 1010 973 populo
1034 890 1118 957 nulli
1134 890 1289 970 obvenit,
1310 895 1458 975 ἀόριστον,
1483 892 1545 958 hoc

372 1018 422 1068 est
452 1000 655 1067 indefinitam
682 1016 714 1066 et
736 1000 896 1067 limitibus
919 1002 1021 1067 nullis
1041 1001 1319 1085 circumscriptam
1343 1018 1449 1069 vocat.

415 1114 468 1179 Ex
479 1113 531 1178 his
543 1134 629 1195 quae
640 1113 799 1179 hactenus
810 1111 898 1178 dicta
909 1128 1010 1193 sunt,
1034 1114 1101 1179 duo
1114 1113 1251 1199 intelligi
1261 1130 1415 1197 possunt.
1448 1114 1546 1181 Prius

371 1240 421 1291 cst
443 1245 496 1290 eas
514 1244 592 1304 tes,
610 1244 694 1307 quae
714 1223 870 1306 occupari
890 1244 955 1290 non
977 1240 1118 1307 possunt
1130 1240 1186 1291 aut
1197 1240 1355 1309 occupata
1366 1245 1546 1307 numquam

371 1351 470 1417 sunt,
495 1336 620 1402 nullius
641 1334 790 1419 proprias
811 1354 882 1401 esse
905 1355 1002 1419 posse
1025 1336 1036 1371 ¹
1047 1382 1057 1416 ,
1081 1336 1160 1418 quia
1179 1337 1285 1404 omnis
1306 1338 1490 1421 proprietas
1508 1338 1547 1403 ab

370 1447 586 1530 occupatione
604 1447 759 1529 coeperit.
804 1447 954 1516 Alterum
974 1468 1054 1515 vero
1078 1468 1131 1514 eas
1153 1468 1204 1515 res
1226 1469 1364 1528 omnes,
1389 1468 1476 1531 quae
1502 1448 1547 1515 ita

371 1579 389 1626 a
412 1574 527 1623 natura
556 1572 758 1640 comparatae
783 1573 888 1638 sunt‚
911 1574 949 1625 ut
968 1558 1080 1641 aliquo
1103 1574 1216 1625 utente
1236 1560 1453 1627 nihilominus
1474 1559 1546 1626 aliis

372 1670 547 1753 quibusvis
577 1670 617 1734 ad
646 1689 743 1735 usum
765 1668 952 1753 promiscue
975 1670 1163 1754 sufficiant,
1188 1672 1259 1757 eius
1283 1671 1448 1754 hodieque
1469 1692 1547 1737 con·

372 1782 507 1849 ditionis
539 1801 610 1847 esse
642 1796 674 1847 et
705 1795 866 1865 perpetuo
900 1800 971 1847 esse
1003 1782 1145 1864 debere,
1177 1784 1272 1868 qu'us
1301 1782 1446 1862 fuerint,
1471 1803 1546 1849 cum

371 1894 514 1977 primum
537 1914 555 1958 a
581 1907 698 1958 natura
728 1892 878 1976 proditae
908 1906 997 1957 sunt.
1044 1893 1118 1959 Hoc
1150 1892 1305 1961 Cicer0⁸
1334 1895 1461 1961 voluit:
1496 1894 1547 1959 Ac

373 2005 537 2070 latissime
565 2004 696 2090 quidem
715 2017 836 2090 patens
859 2004 1044 2069 hominibus
1065 2008 1157 2070 inter
1179 2009 1263 2091 ipsos
1285 2006 1433 2071 omnibus
1455 2010 1548 2071 inter

372 2135 477 2179 omnes
509 2118 647 2179 societas
679 2116 759 2179 haec
790 2128 862 2196 est,
895 2118 932 2179 in
961 2136 1029 2200 qua
1062 2118 1204 2179 omnium
1232 2135 1371 2197 rerum,
1395 2136 1480 2201 quas
1504 2114 1551 2181 ad

371 2246 569 2289 communem
601 2245 695 2289 usum
728 2238 858 2291 natura
885 2231 1030 2312 genuit,
1054 2240 1102 2292 est
1129 2226 1297 2294 seruanda
1317 2234 1547 2291 communitas.

373 2339 459 2403 Sunt
492 2352 599 2403 autem
632 2357 745 2403 omnes
768 2356 820 2403 res
849 2340 950 2424 hujus
976 2337 1126 2423 generis,
1153 2338 1187 2403 in
1209 2336 1333 2420 quibus
1355 2337 1425 2404 sine
1448 2337 1549 2402 detri-

372 2467 483 2515 mento
526 2448 660 2514 alterius
702 2449 794 2515 alteri
834 2449 1034 2517 commodari
1064 2464 1187 2532 potest.
1242 2448 1331 2515 Hinc
1363 2449 1447 2515 illud
1478 2469 1548 2515 esse

371 2560 453 2628 dicit
483 2559 619 2627 Cicero:
655 2562 735 2626 Non
762 2563 942 2647 prohibere
973 2582 1063 2647 aqua
1090 2562 1289 2647 profluente.
1345 2561 1431 2625 Nam
1462 2580 1548 2642 aqua

370 2674 538 2757 profluens
570 2694 636 2756 qua
668 2673 766 2753 talis,
795 2692 862 2738 non
893 2692 959 2754 qua
991 2672 1111 2738 flumen
1146 2687 1217 2751 est,
1251 2671 1337 2737 inter
1358 2671 1548 2737 communia

370 2785 517 2853 omniunt
539 2806 558 2851 a
576 2783 822 2871 jurisconsultis
842 2782 983 2849 refertur
1004 2797 1075 2848 eta
1095 2798 1193 2865 poeta
1216 2784 1249 2847 ⁴:

447 2897 538 2971 Quid
552 2898 736 2983 prohibetis
758 2896 896 2981 aquas?
920 2914 997 2959 usus
1019 2896 1198 2958 corninunis
1219 2913 1386 2978 aquarum
1408 2908 1457 2959 cst
1470 2916 1484 2959 .·

448 3010 521 3074 Nec
543 3009 639 3073 solem
657 3010 833 3093 proprium
856 3020 1009 3085 natura,
1034 3026 1090 3069 nec
1114 3008 1199 3069 aira
1215 3004 1326 3088 fecit,

448 3122 521 3186 Nec
543 3132 655 3185 tenues
677 3118 810 3185 undas:
834 3121 870 3183 in
889 3116 1028 3204 publica
1051 3134 1193 3180 munera
1213 3119 1300 3183 neni.

414 3232 507 3298 Dicit
528 3232 607 3297 haec
628 3250 695 3296 non
719 3248 789 3297 esse
810 3245 925 3295 natura
945 3226 1100 3311 propria,
1124 3227 1213 3293 sicut
1230 3225 1418 3309 Ulpianus⁸
1432 3240 1547 3293 natura

371 3342 525 3410 omnibus
556 3355 689 3425 patere,
713 3356 782 3406 tum
815 3340 894 3421 quia
923 3338 1064 3422 primum
1089 3358 1106 3403 a
1129 3352 1245 3403 natura
1264 3336 1393 3420 prodita
1415 3352 1495 3403 sunt
1515 3353 1548 3403 et

372 3455 405 3519 in
434 3452 559 3520 nullius
588 3452 695 3517 adhuc
725 3449 905 3516 dominium
935 3464 1180 3533 pervenerunt,
1208 3464 1246 3515 ut
1268 3448 1419 3530 loquitur
1441 3448 1548 3514 Nera-

370 3566 438 3632 tius
455 3560 491 3646 ⁸‚
515 3579 585 3630 tum
609 3562 710 3645 quia,
734 3576 772 3627 ut
796 3561 914 3627 Cicero
936 3564 947 3603 ⁷
971 3560 1076 3641 dicit,
1100 3576 1252 3627 anatura
1275 3560 1316 3625 ad
1337 3580 1438 3626 usum
1457 3580 1548 3626 com·

371 3696 502 3743 munem
526 3675 635 3761 genita
661 3674 827 3740 videntur.
870 3672 1006 3738 Publica
1029 3686 1137 3738 autem
1160 3687 1280 3753 vocat,
1304 3671 1460 3739 tralatitia
1482 3672 1548 3757 sig-

371 3788 560 3855 nificatione
590 3796 624 3869 ⁸,
656 3806 723 3853 non
754 3806 838 3868 quae
871 3785 911 3850 ad
933 3786 1094 3868 populum
1118 3784 1286 3867 aliquem,
1311 3784 1369 3849 sed
1398 3804 1485 3867 quae
1507 3784 1547 3849 ad

371 3901 561 3967 societatem
580 3899 754 3964 humanam
773 3895 960 3980 pertinent,
985 3916 1069 3980 quae
1092 3896 1227 3980 publica
1247 3896 1331 3981 juris
1353 3896 1500 3981 gentium
1512 3895 1546 3960 in

375 4090 564 4103 —0-

407 4210 414 4245 ¹
440 4212 457 4260 t.
485 4224 505 4259 1.
531 4207 568 4273 [c.
595 4207 664 4272 139]
699 4204 710 4238 ²
735 4208 764 4255 V.
789 4208 864 4255 Duae.
891 4206 915 4254 in
941 4206 980 4255 tit.
1004 4206 1030 4254 ff.
1058 4208 1089 4255 dc
1114 4218 1161 4254 rer.
1189 4205 1244 4254 div.
1271 4216 1296 4253 ct
1314 4206 1381 4264 quat.
1400 4202 1447 4267 [D.
1469 4216 1490 4251 ι.
1509 4203 1546 4263 8.]

373 4304 425 4352 ³d.
442 4304 519 4351 libro.
539 4299 574 4364 [c.
595 4300 633 4349 16.
651 4304 673 4358 5.
693 4298 746 4363 su]
781 4296 793 4328 ⁴
811 4297 887 4345 Ovid.
907 4298 1010 4345 Metam.
1029 4300 1045 4345 l.
1064 4298 1088 4344 6.
1109 4294 1160 4360 [vs.
1179 4309 1236 4357 349.
1256 4294 1323 4359 sqq]
1361 4294 1371 4326 ⁵
1390 4294 1548 4343 Lvenditor.

372 4396 399 4442 ff.
416 4406 508 4443 comm.
524 4393 610 4453 praed.
627 4392 671 4453 [D.
687 4392 710 4438 8.
725 4401 750 4449 4.
770 4388 821 4450 tp]
854 4387 866 4419 ⁸
885 4390 901 4436 1.
917 4390 986 4447 quod
1003 4388 1028 4436 in
1045 4388 1141 4436 littore.
1161 4386 1186 4435 ff.
1205 4386 1439 4446 deaeqrendom.
1451 4384 1496 4446 [D.
1507 4398 1548 4443 4¹·

377 4498 398 4535 ι.
418 4485 468 4546 14]
504 4482 592 4532 ’loco
610 4482 697 4531 citato.
731 4478 790 4528 ⁸V.
809 4480 891 4528 Conn.
909 4478 1076 4529 Commciv.
1094 4480 1152 4536 La.
1170 4491 1193 4527 c.
1213 4492 1236 4527 α.
1255 4478 1386 4525 Doncllus.
1405 4477 1422 4521 l.
1441 4487 1507 4533 uc.
1525 4488 1547 4523 a.
1608 4532 1616 4547 .
