3450 5434
517 649 564 697 DE
587 649 681 716 Juurt
706 649 891 699 undenus.
914 651 995 699 CAP.
1018 651 1059 699 11.
1357 659 1377 721 9

201 814 254 889 rip
277 813 311 877 ἐκ
336 816 388 884 τῆς
407 816 496 884 κοινῆς
516 808 643 894 φύσεως.
688 804 768 870 Non
789 817 899 893 potest
920 805 1021 872 aliud
1047 809 1193 894 reperiri
1216 810 1379 894 justitiae

196 921 404 1008 principium
424 921 557 1005 origum
578 917 673 998 alia,
694 937 794 1004 quam
815 939 837 982 a
858 917 930 982 Deo
951 931 983 983 et
1004 939 1027 982 a
1055 922 1218 984 comtnum'
1238 933 1378 988 natura.

244 1030 331 1096 Cum
352 1030 454 1116 igitur
473 1049 525 1096 res
545 1029 694 1096 conditos
716 1029 810 1096 Deus
834 1048 905 1095 esse
927 1027 1046 1095 fecerit
1069 1045 1102 1096 et
1124 1049 1193 1097 esse
1214 1032 1379 1112 voluerit,

201 1142 413 1226 proprietates
436 1140 592 1224 quasdam
613 1143 775 1208 naturales
797 1140 936 1226 singulis
959 1140 1104 1224 indidit,
1129 1141 1252 1225 quibus
1272 1142 1378 1227 ipsum

201 1255 284 1322 illud
306 1273 376 1321 esse
398 1268 646 1321 conservaretur
668 1266 700 1318 et
719 1252 841 1335 quibus
865 1251 906 1317 ad
926 1253 1157 1318 bonumsuum
1170 1256 1379 1338 unumquod-

201 1385 290 1449 que,
321 1367 414 1432 velut
436 1383 476 1431 ex
498 1364 601 1447 prima
624 1362 759 1449 originis
782 1366 875 1449 lege,
899 1363 1075 1430 duceretur
1098 1373 1122 1430 ¹.
1168 1354 1268 1432 Unde
1290 1367 1380 1450 prin·

202 1477 325 1561 cipium
347 1477 451 1544 totius
476 1475 635 1543 naturalis
655 1475 779 1542 ordinis
801 1491 889 1541 recte
912 1489 1026 1558 poetae
1049 1489 1082 1542 et
1108 1475 1299 1561 philosophi
1321 1500 1379 1546 ve·

201 1603 286 1657 teres
308 1588 320 1624 ¹
342 1609 486 1655 amorem
517 1601 723 1665 statuerunt,
757 1588 853 1672 cujus
880 1587 983 1672 prima
1005 1587 1058 1655 vis
1086 1588 1258 1672 primaque
1291 1591 1378 1658 actio

203 1702 370 1785 reciproca
406 1715 456 1768 est
491 1700 525 1767 in
558 1720 592 1767 se
623 1699 744 1783 ipsum.
805 1700 882 1786 Qua
919 1701 1045 1768 ratione
1081 1700 1279 1783 culpandum
1312 1720 1379 1769 non

204 1828 253 1880 est
283 1813 375 1896 quod
402 1826 536 1880 secutus
564 1811 782 1878 Academicos
807 1811 966 1879 Horatius
987 1811 999 1847 ⁸
1020 1811 1206 1877 utilitatem
1227 1812 1320 1897 justi
1348 1828 1379 1878 et

204 1927 304 2010 aequi
323 1937 427 2011 prope
450 1937 591 1989 matrem
615 1922 708 1990 dixit.
756 1921 873 1988 Omnis
897 1922 982 1989 enim
1005 1938 1141 2002 natura,
1168 1938 1205 1989 ut
1228 1924 1378 2007 plurimis

203 2035 287 2102 locis
316 2033 435 2101 Cicero
467 2034 634 2117 inculcat,
664 2034 803 2120 diligens
833 2026 883 2100 e‘st
903 2035 956 2100 sui
979 2053 1080 2118 seque
1102 2036 1225 2100 salvam
1246 2055 1283 2102 ac
1305 2038 1380 2103 bea-

205 2161 268 2214 tam
302 2148 396 2228 vult,
428 2146 528 2230 idque
558 2165 624 2213 non
658 2146 692 2213 in
722 2145 912 2213 hominibus
941 2145 1021 2212 solis
1052 2146 1164 2212 videre
1195 2163 1245 2213 est
1266 2148 1378 2215 sedin

205 2259 319 2326 bestiis
348 2257 467 2340 etiam,
500 2259 567 2324 imo
598 2271 630 2324 et
658 2258 692 2324 in
720 2259 819 2325 rebus
852 2257 1014 2324 inanimis.
1060 2258 1126 2324 Hic
1146 2257 1231 2325 euim
1253 2274 1303 2326 est
1324 2252 1380 2327 ilie

205 2391 303 2438 verus
328 2385 360 2436 et
376 2370 509 2438 divinus
530 2370 583 2436 sui
606 2391 697 2438 amor
719 2373 756 2452 ⁴,
779 2370 870 2436 omni
892 2389 933 2436 ex
956 2384 1046 2453 parte
1057 2370 1240 2437 laudabilis.
1286 2373 1380 2459 Quae

206 2483 291 2548 enim
304 2482 337 2548 in
361 2481 453 2550 vitiis
473 2483 608 2566 ponitur
625 2485 792 2570 φιλαυτία,
816 2483 880 2548 hoc
903 2495 953 2547 est
974 2485 1112 2547 nimium
1133 2485 1186 2546 sut·
1208 2482 1379 2565 studium,

206 2594 301 2661 istius
335 2593 454 2660 amoris
477 2612 630 2662 excessus
652 2608 712 2660 est.
757 2594 863 2660 Recte
886 2607 995 2658 autem
1019 2591 1169 2659 Socrates
1194 2614 1268 2660 cum
1294 2595 1381 2678 apud

206 2707 481 2790 Xenophontem⁵
502 2719 572 2771 tum
602 2704 690 2788 apud
714 2704 883 2771 Platonem
906 2701 918 2736 ⁸
941 2717 1040 2787 atque
1061 2705 1156 2772 etiam
1179 2705 1347 2790 Diogenes
1368 2708 1380 2748 ⁷

203 2817 362 2903 justitiam
389 2816 545 2883 virtutem
575 2831 748 2897 statuunt,
784 2834 869 2898 quae
891 2834 953 2881 nos
980 2815 1079 2882 utiles
1100 2815 1182 2882 facit
1203 2838 1279 2883 cum
1308 2818 1381 2884 aliis

206 2944 275 2996 tum
310 2927 406 2995 nobis
440 2927 529 3011 ipsis.
574 2927 708 3015 Quippe
739 2927 904 2993 hominem
930 2927 1055 3011 iustum
1075 2929 1167 2994 nullo
1196 2929 1295 2995 modo
1317 2929 1380 2996 sibi

207 3041 269 3126 ipsi
289 3060 462 3108 suorumve
484 3039 624 3124 partium
647 3037 707 3105 ulli
730 3037 895 3105 facturum
917 3037 1093 3124 iujuriam,
1118 3049 1290 3107 causamve
1318 3040 1381 3107 sibi

207 3152 355 3218 futurum
385 3151 509 3219 doloris
541 3165 598 3218 aut
622 3149 834 3217 incommodi.
879 3150 982 3237 Quod
1001 3150 1129 3236 egregie
1149 3151 1347 3219 Plutarchus
1368 3159 1381 3194 ⁸

207 3265 361 3350 adjuncta
387 3262 630 3348 comparatione
653 3261 814 3346 explicat,
839 3282 914 3328 cum
936 3277 1035 3348 negat
1052 3265 1126 3330 oleo
1148 3263 1287 3329 similem
1311 3283 1381 3331 esse

205 3375 388 3461 justitiam,
418 3375 510 3457 quod
531 3394 550 3440 a
569 3373 705 3464 medicis
728 3374 849 3441 dicitur
880 3373 1097 3442 exterioribus
1128 3375 1274 3458 corporis
1305 3395 1381 3459 pro-

207 3487 325 3569 desse,
349 3506 469 3553 nocere
492 3485 720 3553 interioribus:
740 3487 832 3572 justo
853 3486 940 3552 enim
958 3506 1116 3552 summam
1134 3487 1188 3554 sui
1220 3507 1291 3552 esse
1324 3506 1381 3553 cu·

206 3619 284 3666 ram.
330 3597 399 3664 Alii
413 3601 424 3635 ¹
437 3597 494 3681 qui
506 3597 637 3664 nomina
659 3597 815 3664 subtilius
828 3597 1056 3683 distinguunt,
1080 3597 1381 3683 nontamJ'ustitiae

208 3713 271 3778 hoc
300 3730 386 3794 opus
418 3729 488 3777 esse
512 3710 650 3790 volunt,
675 3728 771 3791 quam
806 3709 976 3791 caritatis,
999 3710 1040 3775 ad
1063 3730 1161 3793 quam
1181 3729 1243 3776 nos
1265 3724 1381 3777 natura

242 4027 325 4078 ¹Cic.
342 4029 373 4078 de
398 4027 442 4078 fin.
467 4031 485 4078 1.
506 4042 531 4090 4.
551 4027 587 4093 [c.
607 4029 673 4092 10.§
691 4027 920 4095 os.]etActd.L
942 4043 965 4080 r.
999 4028 1098 4080 ’Pluto
1124 4031 1151 4080 in
1171 4043 1298 4080 consuetu
1319 4031 1380 4080 iles.

207 4131 232 4170 et
254 4121 334 4169 Ptrm.
358 4117 396 4184 [p.
423 4123 478 4179 178.
502 4119 539 4185 b.]
575 4118 587 4152 ⁸
612 4122 660 4170 stt.
685 4123 702 4170 l.
731 4134 752 4170 r.
771 4133 794 4180 ³·
814 4119 865 4186 [vs.
882 4120 936 4187 pit]
971 4122 1077 4172 ⁴Arist.
1095 4124 1127 4172 de
1147 4135 1212 4171 mor.
1229 4124 1261 4172 ed
1278 4121 1382 4173 Nicom.

207 4215 431 4276 l.9.c.4et8.
451 4209 674 4276 [p.1166.r.vs.
696 4223 734 4270 17.
756 4224 825 4274 etp.
849 4212 922 4277 1169.
945 4213 1091 4279 1.vs.17.]
1112 4215 1291 4274 derepto.
1311 4227 1335 4262 c.
1358 4225 1381 4271 5.

209 4300 248 4367 [p.
273 4301 345 4360 1263.
372 4315 394 4352 r.
417 4315 455 4352 vt.
477 4315 519 4364 41.
540 4300 608 4367 squ]
634 4303 715 4352 castr.
739 4301 857 4367 edsius
873 4305 994 4365 gentium
1012 4308 1031 4354 l.
1053 4318 1073 4354 r.
1095 4305 1120 4354 r.
1146 4307 1178 4354 de
1198 4302 1258 4362 just.
1275 4317 1300 4353 et
1317 4303 1382 4362 iure.

210 4392 254 4458 [D.
275 4390 457 4457 1.1.r.§4.]
494 4391 664 4442 ‘comment
682 4397 740 4455 l.4
765 4392 800 4458 [c.
817 4393 854 4459 4.]
891 4395 951 4445 ⁸de
966 4409 1021 4457 rep.
1038 4398 1056 4443 1.
1075 4409 1097 4445 r.
1115 4394 1152 4459 [p.
1170 4406 1228 4453 ³⁵3·
1242 4393 1277 4461 e.]
1314 4392 1381 4458 lep.

208 4483 277 4534 stob.
298 4483 324 4533 ln
342 4483 417 4533 floril.
435 4486 452 4532 l.
469 4482 605 4549 9.[u.49.]
641 4484 803 4535 ⁸Plut.crt.
822 4483 861 4550 [p.
876 4497 933 4547 354.
950 4484 986 4551 d]
1023 4486 1381 4550 ’Tlrom.r.2.q.77.trt.4.

209 4576 237 4626 in
253 4587 319 4637 resp.
334 4577 391 4624 sen.
406 4575 438 4626 de
452 4573 536 4623 benef.
552 4575 569 4624 t
583 4585 607 4632 s.
625 4587 648 4624 c.
665 4589 690 4639 9.
