3450 5434
500 642 548 689 m
571 642 665 709 JURE
690 640 875 688 euntem.
900 641 980 689 CAP.
1004 639 1069 689 xtl.
1307 642 1369 703 247

202 814 338 869 naturae
359 798 404 865 sit
422 796 582 865 contraria
601 812 634 862 et
653 794 742 863 omui
761 796 931 863 hominum
948 796 1056 881 generi
1070 796 1168 862 noxia
1179 792 1372 881 ,jusfacere

200 931 268 979 non
292 925 411 995 potest.
457 909 587 975 Deinde
616 909 670 974 illa
694 909 821 976 coactio
845 898 979 975 durasse
1002 908 1116 974 debuit
1137 928 1196 991 per
1218 921 1370 991 tempuS,

199 1026 298 1109 cujus
317 1023 404 1089 initii
423 1042 490 1087 non
509 1037 616 1088 exstet
632 1020 788 1087 memoria
809 1029 840 1084 ¹:
864 1019 900 1087 id
919 1040 999 1087 vero
1019 1035 1145 1087 tantum
1165 1019 1242 1086 hinc
1261 1021 1370 1101 abest,

198 1151 301 1202 utne
324 1151 455 1201 centum
480 1134 612 1216 quidem
635 1133 712 1199 anni
736 1132 898 1216 exierint,
931 1152 972 1198 ex
995 1153 1064 1214 quo
1087 1145 1156 1197 tota
1179 1130 1247 1197 fere
1270 1150 1371 1215 nego-

200 1248 295 1313 tiatio
326 1247 439 1311 Indica
470 1266 570 1330 penes
601 1244 751 1311 Venetos
791 1244 855 1311 fuit
895 1266 953 1327 per
987 1244 1225 1309 Alexandrinas
1256 1244 1371 1328 trajec-

202 1360 312 1425 tiones
331 1358 353 1423 ².
399 1357 526 1423 Debuit
558 1356 653 1422 etiam
677 1356 752 1423 talis
775 1375 846 1423 esse
869 1356 1019 1438 coactio,
1055 1356 1110 1421 cui
1132 1355 1281 1421 restitum
1304 1373 1372 1422 non

200 1471 256 1536 sit.
303 1471 350 1536 At
381 1469 572 1537 restiterunt
591 1468 682 1535 Galli
705 1483 739 1534 et
760 1468 862 1553 Angli
896 1468 1019 1550 aliique
1039 1468 1063 1534 ³.
1109 1467 1229 1550 Neque
1252 1466 1373 1533 sufficit

198 1582 330 1664 aliquos
362 1600 432 1647 esse
463 1596 618 1662 coactos,
652 1581 710 1646 sed
738 1596 777 1646 ut
807 1600 920 1647 omnes
951 1580 1057 1645 coacti
1080 1581 1147 1647 sint
1169 1578 1372 1661 requiritur,

104 1713 110 1725 ·
198 1714 273 1759 cum
297 1715 355 1778 per
373 1714 477 1759 unum
497 1713 563 1758 non
582 1708 732 1760 coactum
752 1708 902 1760 servetur
921 1692 954 1758 in
974 1712 1069 1759 causa
1089 1690 1254 1758 communi
1275 1690 1372 1756 liber·

199 1806 277 1873 tatis
299 1805 477 1890 possessio,
525 1807 650 1872 Arabes
673 1820 782 1870 autem
810 1819 842 1870 et
866 1804 1019 1871 Sinenses
1042 1824 1060 1870 a
1083 1804 1224 1871 saeculis
1245 1803 1373 1885 aliquot
1415 1807 1418 1815 '
1478 1880 1479 1885 ἵ

198 1919 350 1984 adhunc
384 1918 470 1984 diem
493 1931 651 2001 perpetuo
675 1937 750 1983 cum
774 1916 864 1983 Indis
887 1918 1106 2001 negotiantur.
1153 1915 1248 1980 Nihil
1272 1903 1377 2000 igitur'

198 2030 333 2114 prodest
355 2029 416 2095 ista
439 2028 620 2113 usurpatio.
645 2029 699 2094 Ex
719 2028 772 2095 his
793 2048 877 2111 quae
897 2028 983 2094 dicta
996 2043 1075 2094 sunt
1085 2028 1163 2095 satis
1175 2026 1373 2111 perspicitur

201 2162 312 2209 eorum
338 2162 430 2207 caeca
454 2141 618 2221 aviditas,
643 2141 701 2222 qui
726 2160 767 2206 ne
791 2160 989 2223 quemquam
1011 2142 1044 2205 in
1067 2152 1190 2224 partem
1214 2138 1298 2205 lucri
1317 2138 1373 2203 ad-

199 2256 350 2335 mittant,
384 2254 451 2320 iliis
480 2254 663 2319 rationibus
691 2252 925 2319 conscientiam
949 2272 1040 2318 suam
1064 2256 1192 2336 placare
1215 2252 1372 2330 student,

201 2386 285 2449 quas
316 2365 378 2449 ipsi
410 2364 558 2450 magistri
591 2366 837 2448 Hispanorum,
872 2364 987 2447 quiin
1012 2364 1122 2430 eadem
1155 2379 1232 2430 sunt
1256 2382 1372 2441 causa,

200 2477 388 2545 manifestae
411 2476 567 2544 vanitatis
590 2477 794 2543 convincunt
812 2475 834 2541 ⁴.
881 2476 1005 2542 Omnes
1028 2476 1112 2541 enim
1137 2476 1196 2557 qui
1219 2474 1252 2541 in
1277 2476 1374 2541 rebus

200 2589 323 2656 Indicis
343 2604 542 2673 usurpantur
561 2591 688 2655 colores
707 2589 829 2673 injuste
848 2588 988 2672 captari,
1013 2602 1170 2669 quantum
1195 2587 1275 2669 ipsis
1295 2586 1374 2652 licet

200 2703 280 2769 satis
313 2703 479 2782 innuunt,
511 2701 703 2783 adduntque
734 2720 912 2783 numquam
946 2720 1013 2765 eam
1044 2720 1109 2764 rem
1133 2699 1218 2764 serio
1246 2699 1373 2763 theolo-

203 2834 320 2899 gorum
343 2814 490 2879 examine
513 2814 691 2897 probatam.
727 2813 785 2877 Illa
808 2832 889 2878 vero
902 2813 1034 2893 querela
1047 2811 1128 2893 quid
1141 2826 1191 2875 est
1203 2809 1372 2890 iniquius,

204 2927 296 3008 quod
327 2925 443 2990 dicunt
474 2924 627 2990 Lusitani
660 2940 818 3006 quaestus
849 2942 927 2989 suos
958 2922 1120 2988 exhauriri
1144 2921 1238 3004 copia
1262 2936 1374 2985 contra

202 3037 402 3104 licentium?
447 3038 535 3102 Inter
556 3037 733 3103 certissima
754 3037 838 3102 enim
868 3036 952 3120 juris
977 3034 1143 3101 enuntiata
1168 3049 1234 3115 est,
1258 3052 1316 3099 nec
1340 3032 1373 3097 in

202 3150 282 3216 doio
308 3169 382 3215 eum
406 3149 553 3230 versari,
573 3168 633 3215 nec
666 3147 813 3214 fraudem
846 3146 975 3229 facere,
1000 3168 1040 3212 ne
1064 3148 1216 3213 damnum
1240 3144 1373 3225 quidem

201 3261 292 3327 alteri
316 3262 390 3327 dare
409 3260 535 3341 videri,
560 3260 619 3342 qui
638 3261 711 3345 jure
732 3280 793 3327 suo
814 3260 919 3324 utitur
939 3266 969 3323 ⁶:
994 3258 1085 3341 quod
1104 3258 1241 3322 maxime
1259 3274 1373 3321 verum

202 3388 272 3454 est,
297 3371 324 3439 si
347 3393 412 3438 nou
434 3388 473 3437 ut
493 3373 585 3438 alteri
606 3388 783 3453 noceatur,
808 3372 866 3438 sed
886 3392 952 3436 rem
973 3390 1063 3437 suam
1084 3369 1223 3454 augendi
1244 3368 1373 3448 animo,

203 3485 370 3568 quidpiam
392 3483 479 3550 fiat‘.
504 3484 624 3567 Inspici
645 3484 730 3549 enim
750 3484 847 3549 debet
865 3482 899 3547 id
910 3483 1000 3564 quod
1011 3481 1234 3565 principaliter
1244 3480 1374 3565 agitur,

203 3616 268 3663 non
290 3597 382 3679 quod
401 3597 602 3665 extrinsecus
622 3595 655 3661 in
676 3594 943 3677 consequentiam
963 3593 1088 3660 venit⁷.
1113 3593 1182 3658 Imo
1202 3593 1228 3657 si
1245 3591 1376 3675 proprie

237 3868 562 3929 ¹Vasq.d.loco.n.11.
588 3866 765 3917 ’Guicciard
774 3871 791 3916 1.
804 3881 840 3929 19·
851 3866 941 3915 histor.
968 3862 1022 3913 Ι11.
1033 3876 1117 3923 supra.
1143 3862 1247 3923 ⁴Vasq.
1257 3875 1375 3913 controv.

202 3960 241 4009 ill.
265 3974 287 4009 c.
312 3973 351 4008 ro.
375 3974 401 4007 n.
421 3973 459 4007 ιο.
476 3960 545 4008 Viet.
563 3972 635 4019 parte
654 3974 676 4008 1.
691 3960 722 4008 de
740 3958 819 4007 Indis.
836 3959 883 4006 rel.
905 3970 925 4005 1.
943 3970 968 4004 n.
988 3966 1011 4013 a.
1044 3952 1090 4001 ⁸1.
1109 3953 1148 4001 sin
1168 3966 1259 4002 autem.
1278 3958 1299 4013 ς.
1316 3968 1376 4014 pen.

202 4053 229 4101 11.
246 4054 278 4101 de
296 4052 332 4101 rei
351 4051 423 4101 vind.
444 4048 488 4114 [D.
506 4052 530 4099 6.
551 4064 571 4098 r.
591 4051 646 4112 27.]
664 4049 794 4099 inuidos
811 4050 923 4097 videtur.
938 4046 964 4095 ff.
983 4048 1014 4096 de
1029 4058 1081 4107 reg.
1098 4044 1145 4103 jur.
1163 4046 1207 4107 [D.
1216 4058 1255 4101 50·
1273 4057 1311 4102 17.
1322 4046 1374 4107 55.]

202 4147 219 4192 1.
242 4144 308 4192 illud
332 4154 443 4191 constat.
461 4142 487 4190 ff.
505 4155 570 4202 quae
588 4142 615 4189 in
633 4142 664 4190 fr.
683 4143 753 4189 cred.
773 4140 816 4205 [D.
834 4154 876 4201 42.
894 4142 917 4187 8.
936 4136 985 4201 1³·]
1006 4140 1024 4185 1.
1044 4136 1181 4186 fluminum.
1198 4140 1219 4195 ς.
1238 4138 1283 4184 ult·
1301 4135 1326 4183 ff.
1344 4138 1374 4185 de

204 4237 287 4284 damn.
314 4234 360 4282 inf.
385 4233 430 4297 [D.
450 4244 491 4295 ³9-
511 4247 534 4281 a.
554 4234 607 4294 αφ]
626 4235 643 4279 l.
660 4244 735 4281 nemo
760 4234 885 4281 damnum.
903 4229 928 4278 11.
945 4232 976 4278 de
991 4242 1041 4289 reg.
1059 4227 1107 4285 iur.
1124 4228 1168 4290 [D.
1185 4240 1225 4283 50.
1247 4238 1285 4285 17.
1307 4228 1373 4290 rsu]

203 4326 269 4375 Bart.
296 4326 323 4373 in
349 4328 367 4373 l.
391 4338 412 4374 1.
434 4338 460 4372 n.
485 4337 508 4380 s.
534 4324 559 4372 ff.
586 4326 618 4372 de
636 4323 792 4373 fluminibus.
812 4324 856 4385 [D.
875 4334 916 4382 43.
937 4320 987 4387 ra]
1008 4322 1089 4369 Castr.
1107 4320 1164 4367 inl.
1183 4318 1203 4367 si
1220 4318 1277 4366 tibi.
1294 4320 1324 4367 C.
1343 4319 1375 4368 de

203 4417 293 4467 seruit.
311 4418 354 4479 [C.
373 4430 396 4474 3.
415 4428 454 4478 ³4
474 4415 525 4479 10.]
561 4415 572 4447 ⁸
590 4419 607 4465 1.
627 4430 648 4464 1.
666 4419 688 4474 5.
700 4416 817 4476 denique.
833 4414 859 4463 11.
876 4416 907 4463 de
923 4426 986 4473 aqua
1002 4424 1026 4459 er
1045 4424 1085 4471 aq.
1101 4411 1172 4471 pluv.
1192 4407 1295 4472 [D.,39.
1313 4421 1335 4467 s.
1354 4423 1375 4458 1.

204 4513 227 4567 ς.
242 4507 295 4573 aa]
331 4506 390 4555 ⁷V.
411 4508 488 4568 vrsq.
512 4519 632 4558 controv.
650 4520 697 4556 usu
715 4507 780 4567 freq.
799 4520 822 4554 c.
845 4519 870 4567 4.
891 4518 916 4554 n.
939 4516 962 4562 ³·
984 4514 1009 4553 et
1031 4514 1085 4563 aeq.
