3450 5434
378 675 420 739 50
670 673 730 722 ΔΒΕ
743 674 837 741 Juutt
863 673 1059 730 PRAEDAE„
1073 673 1154 720 CAP·
1181 676 1232 722 tv.

369 837 442 919 J'ure
475 845 607 897 naturae
635 828 785 912 praedam
810 825 818 860 ¹
842 828 920 893 oriri
950 830 1120 911 probatum
1154 844 1226 910 est,
1250 830 1341 912 quod
1361 847 1393 897 et
1414 829 1446 896 in
1470 832 1544 897 aliis

372 942 589 1010 animantibus
616 937 839 1022 conspicitur,
863 937 929 1003 illis
952 938 1048 1004 etiam
1072 960 1155 1022 quae
1180 941 1335 1025 gregatim
1364 957 1544 1024 pascuntur

372 1069 429 1121 aut
450 1055 580 1120 volant:
605 1071 677 1118 nam
699 1069 772 1115 cum
794 1049 873 1114 alias
895 1068 1046 1132 possessa
1066 1051 1253 1134 relinquant
1273 1051 1541 1134 possidentibus,

372 1165 457 1231 idem
479 1179 585 1230 tamen
609 1181 675 1229 non
696 1160 822 1227 faciunt
840 1160 964 1243 praelio
984 1161 1128 1228 irritata:
1152 1183 1220 1245 quo
1240 1163 1324 1229 illud
1346 1163 1541 1229 Plutarchi¹

371 1274 484 1342 referri
506 1289 631 1359 potest:
650 1277 726 1343 etate
756 1277 861 1348 αὐτοὺς
894 1275 979 1341 δεινὸν
1009 1274 1162 1342 attelane
1191 1283 1357 1351 ποιοῦντος,
1387 1279 1473 1343 ἀλλὰ
1499 1280 1541 1359 τῷ

370 1387 565 1472 πρεσβυτάτῳ
585 1394 641 1456 τῶν
660 1385 751 1468 νόμον
768 1387 1004 1459 ἀκολουθοῦντος,
1023 1380 1052 1459 le
1072 1388 1113 1468 τῷ
1133 1388 1267 1469 κρείττονι
1284 1389 1327 1454 rie
1344 1393 1402 1453 τῶν
1421 1387 1542 1462 siurim

370 1503 491 1573 ithaca,
513 1495 671 1582 οὶρχδμονος
692 1499 752 1564 uini
773 1497 897 1562 cottana
918 1496 968 1562 seui
990 1504 1131 1563 τελευτῶν
1141 1499 1180 1570 εἷς
1201 1499 1242 1563 τοὶ
1254 1498 1344 1579 hipra
1387 1495 1493 1561 Nihil
1509 1516 1542 1558 sc

373 1621 434 1674 aut
454 1629 563 1694 graue
583 1619 644 1671 aut
666 1607 818 1690 iniquum
834 1603 976 1689 faeere,
1000 1602 1058 1668 sed
1066 1606 1127 1688 jus
1140 1607 1540 1691 antiquissimarum,

372 1716 460 1804 quod
483 1737 534 1784 res
558 1717 758 1802 inferiorum
781 1714 1007 1801 superioribus
1029 1713 1224 1800 largiatur,
1248 1737 1271 1780 a
1290 1715 1362 1780 Deo
1380 1720 1540 1802 incipiens

374 1843 406 1894 et
428 1833 465 1894 in
488 1829 608 1893 bestias
632 1825 778 1892 desinens
791 1846 804 1889 .·
840 1843 991 1908 quaeque
1013 1839 1092 1892 stant
1114 1825 1147 1889 in
1172 1825 1299 1911 Gorgia
1330 1825 1476 1892 Platonis
1507 1842 1542 1892 et

375 1940 493 2024 passim
515 1938 602 2022 apud
623 1951 773 2004 auctores
793 1935 826 2000 in
848 1936 932 2000 hanc
952 1935 1157 2003 sententiam.
1201 1935 1249 2002 Et
1271 1938 1335 2004 hoc
1356 1937 1463 2021 ipsum
1484 1939 1541 2022 jus

375 2071 444 2118 esse
469 2063 624 2124 naturae,
649 2047 741 2131 quod
763 2045 859 2113 etiam
882 2046 968 2112 inter
989 2044 1072 2112 feras
1092 2049 1220 2129 valeat,
1242 2048 1407 2132 Josephus
1428 2048 1541 2131 prodi-

373 2161 423 2227 dit
444 2175 477 2226 et
498 2179 565 2226 non
587 2178 655 2225 ttno
678 2161 751 2224 loco
775 2156 939 2224 Aristides
951 2156 973 2223 ¹.
1004 2157 1228 2240 Philosophus
1246 2169 1259 2203 ⁴
1279 2159 1430 2238 etiamzi
1452 2179 1540 2229 neta-

370 2278 441 2356 μοιῆ
459 2276 547 2358 φύσει
569 2273 688 2348 κτητική
709 2295 780 2344 πως.
813 2267 880 2333 Res
900 2268 1063 2334 militaris
1083 2270 1295 2336 naturaliter
1306 2269 1542 2356 quodammodo

371 2383 576 2469 acquisitiva
597 2394 658 2446 est.
694 2379 905 2462 Theophilus
917 2386 929 2419 ⁸
942 2380 1024 2445 hanc
1044 2380 1295 2463 acquisitionem
1306 2386 1430 2469 φυσικὴν
1440 2392 1541 2459 κτῆσιν

370 2509 492 2574 vocat,
510 2493 737 2579 possessionem
757 2489 912 2556 videlicet
932 2491 1138 2557 naturalem.
1163 2491 1261 2558 Unde
1275 2491 1428 2574 sequitur
1442 2492 1538 2558 ctiam

188 2601 356 2703 ‘’my-Ji·
371 2606 455 2671 inter
477 2602 684 2669 Christianos
705 2599 771 2686 juri
792 2600 927 2683 praedae
945 2603 1054 2666 locum
1078 2622 1158 2670 esse.
1180 2603 1286 2669 Recte
1307 2601 1401 2668 etiam
1419 2604 1540 2702 praeda

191 2709 240 2754 ¹¹¹·
367 2717 433 2804 juri
458 2715 627 2802 gentium,
651 2718 744 2798 ἐθοοκῷ
767 2713 862 2798 νόμῳ,
886 2727 924 2777 ut
943 2712 1031 2795 apud
1049 2712 1275 2797 Theophilum
1295 2729 1364 2790 est,
1387 2715 1541 2780 attribui·

370 2842 426 2894 tur
440 2834 471 2891 ⁸:
496 2839 534 2891 ut
557 2824 644 2908 apud
664 2823 920 2890 Demosthenem
941 2830 972 2887 ⁷:
995 2824 1049 2893 εἶτ’
1067 2830 1098 2893 οὐ
1116 2829 1210 2899 δεινὸν,
1233 2825 1255 2894 ai
1276 2837 1317 2907 γῆ
1337 2829 1389 2894 razi
1402 2829 1466 2900 lael,
1488 2828 1539 2892 nal

368 2945 497 3026 φανερῶς
527 2937 703 3021 ποιροένομον,
737 2939 767 3002 οὖ
798 2937 881 3017 μόνον
913 2937 995 3017 nupt
1026 2939 1076 3004 riu
1095 2939 1299 3018 γεγραμμένον
1325 2938 1423 3019 νόμον,
1454 2942 1539 3006 ἀλλὰ

368 3052 418 3118 nul
438 3051 520 3131 nepe
541 3050 589 3115 alu
609 3047 694 3114 notuit
715 3045 1017 3128 andstandandans
1035 3049 1133 3128 νόμον,
1154 3050 1203 3116 τὸν
1220 3048 1335 3127 ἄγονον
1352 3051 1402 3117 nai
1414 3051 1540 3135 φέροντο

368 3163 426 3244 βίοι
453 3160 542 3238 ciui
571 3159 601 3223 ἕν
631 3157 771 3237 πολεμίου
801 3156 888 3240 palpa
913 3159 956 3237 uis
988 3158 1096 3237 ἐξεῖναί
1114 3184 1163 3240 μοι
1187 3161 1365 3241 ualenter.
1407 3159 1540 3226 Deinde

367 3287 446 3336 uero
466 3286 571 3330 nanae
590 3262 682 3329 illud
696 3283 803 3349 grate
825 3277 893 3345 est,
917 3285 933 3328 ο
956 3264 1066 3331 Tellus
1089 3280 1121 3332 et
1142 3265 1229 3349 Dii,
1254 3289 1360 3334 nonne
1380 3270 1537 3355 manifes-

368 3381 517 3442 tissimae
546 3377 765 3460 iniquitatis,
789 3395 845 3439 nec
868 3379 992 3461 scripto
1015 3375 1188 3443 duntaxat
1200 3379 1282 3464 juri
1300 3385 1538 3462 eontrarium,

369 3486 426 3553 ted
453 3486 509 3552 illi
531 3490 633 3552 etiam
654 3484 742 3572 legi,
776 3507 861 3571 quae
880 3490 999 3572 generi
1027 3489 1171 3554 humana
1198 3494 1469 3586 conmanunt,
1498 3509 1536 3558 ut

367 3619 441 3662 cum
465 3601 539 3683 quis
564 3618 615 3662 res
639 3617 726 3661 meas
746 3601 782 3664 ui
800 3597 940 3681 auferat
962 3601 1142 3684 rapiatque
1160 3601 1348 3682 hostiliter,
1371 3605 1456 3667 milri
1473 3625 1538 3668 non

369 3708 470 3773 liceat
488 3723 559 3794 par
576 3711 660 3794 pari
683 3707 889 3793 rependere?
910 3707 1028 3792 Judice
1051 3708 1145 3775 etiam
1169 3710 1260 3794 Cyro
1281 3713 1293 3749 ⁸
1315 3715 1538 3795 ulueeiunelan

366 3824 514 3904 ἆνθμόποος
536 3821 626 3894 ἀΐδιος
647 3824 741 3898 ἐστιν,
768 3818 839 3888 ὅταν
858 3822 1057 3902 πολεμούντων
1073 3823 1156 3897 πόλις
1174 3826 1237 3906 itte}
1258 3831 1314 3892 πῖνο
1331 3825 1450 3892 inimus
1467 3825 1540 3894 elnae

366 3935 407 3999 ri
427 3932 584 4014 χρήματα.
609 3928 743 3993 Lexest
767 3931 858 3993 inter
881 3929 1023 3993 homines
1045 3934 1258 4018 sempiterna,
1276 3946 1377 4019 capta
1394 3936 1538 4000 hostium

362 4109 557 4122 *Qu—n·-

404 4197 411 4232 ¹
431 4199 527 4248 Confer
544 4212 603 4248 cum
621 4199 758 4248 demonstr.
776 4211 822 4247 art.
843 4213 863 4247 1.
882 4200 955 4248 artic.
973 4214 997 4248 a.
1015 4211 1039 4248 ct
1058 4213 1081 4257 3·
1098 4203 1184 4251 conci.
1198 4216 1220 4251 1.
1237 4201 1249 4236 ⁸
1265 4205 1336 4252 cam.
1347 4202 1387 4268 [p.
1399 4207 1453 4262 136.
1463 4207 1488 4254 d.
1498 4205 1535 4268 e]

366 4287 512 4338 ⁸Citantur
534 4303 576 4349 ap.
601 4289 673 4337 Frbt.
699 4292 764 4337 Sem.
789 4292 807 4338 l.
835 4303 858 4337 a.
885 4303 910 4337 c.
938 4303 961 4338 a.
990 4287 1029 4353 [p.
1057 4289 1111 4355 ud]
1146 4291 1252 4342 ⁴hrist.
1270 4295 1301 4342 de
1318 4307 1372 4355 rep.
1391 4298 1408 4343 1.
1429 4309 1451 4343 1.
1469 4310 1493 4345 c.
1510 4299 1537 4344 8.

367 4377 406 4442 [p.
432 4379 502 4435 1256.
520 4393 544 4427 a.
563 4393 601 4428 vs.
620 4377 672 4442 aa]
708 4378 798 4428 ‘lust
817 4381 848 4428 de
866 4392 915 4427 scs.
932 4380 986 4429 div.
1007 4378 1043 4443 [l.
1062 4395 1085 4429 ο.
1105 4381 1140 4445 1.]
1176 4383 1282 4433 ⁸Couf.
1300 4399 1358 4435 cum
1375 4387 1538 4434 πωπω.

365 4468 518 4517 artiones
542 4481 564 4526 3.
581 4471 665 4517 concl.
693 4483 714 4517 1.
749 4467 804 4518 ⁷c.
830 4469 956 4519 Aristocr.
974 4469 1011 4532 [p.
1028 4471 1086 4534 639.
1103 4473 1124 4533 §.
1142 4472 1195 4536 ao]
1231 4473 1244 4506 ⁸
1268 4477 1410 4535 xenophon
1428 4477 1459 4525 de
1476 4477 1536 4524 inst.

365 4556 722 4622 wfflahst
