3450 5434
486 655 533 708 ne
555 655 649 726 Just
676 657 858 707 rnnsnno.
883 659 963 710 cnr.
986 658 1034 709 vt.
1310 639 1355 724 65

177 811 245 884 lum
268 811 312 883 ob
338 828 467 886 causam
500 814 684 892 intulisset,
709 834 906 898 quamquam
931 815 1007 885 illos
1029 816 1142 885 hostes
1164 833 1231 885 uon
1264 831 1355 884 acce·

175 941 291 1010 perat,
313 945 380 998 non
401 927 573 996 absolutus
601 925 700 994 modo
732 940 782 998 est
804 944 879 996 cunr
904 939 1137 1009 accusaretur,
1159 925 1217 994 sed
1239 924 1355 1000 triurn-

173 1039 277 1121 phum
301 1035 396 1106 etiam
420 1033 618 1121 impetrarit.
664 1035 850 1121 Repudiatr
872 1049 906 1106 et
928 1037 1068 1106 Catonis
1087 1037 1268 1122 sententia,
1293 1034 1352 1123 qui

174 1149 296 1218 bellurn
328 1143 442 1230 istud,
474 1145 567 1231 quod
586 1147 698 1233 Julius
724 1146 845 1221 Caesar
876 1167 951 1220 cum
978 1147 1116 1233 imperio
1145 1149 1180 1218 in
1207 1148 1351 1223 Galliam

174 1255 296 1332 mistus
316 1258 485 1331 Ariovisto
508 1273 541 1330 ct
564 1257 737 1329 Germanis
769 1262 928 1344 quodque
956 1259 1041 1330 idem
1070 1258 1235 1334 Britannis
1265 1260 1354 1331 intu-

174 1368 237 1453 lit,
259 1369 423 1454 privatum
446 1369 589 1441 dicebat.
642 1370 850 1458 Quamquam
873 1391 940 1440 non
963 1369 1108 1444 diffiteor
1129 1387 1163 1442 et
1183 1372 1352 1445 Manlium

176 1498 210 1554 et
232 1481 404 1556 Caesarem
434 1499 473 1552 eo
496 1478 628 1557 defendi
657 1478 829 1566 potuisse,
852 1482 1042 1566 quodcum
1066 1483 1155 1569 genti
1178 1482 1278 1555 alicui
1301 1482 1351 1552 in·

175 1591 300 1661 dictum
333 1607 383 1660 est
408 1593 551 1675 bellum,
578 1591 770 1676 quicunque
797 1595 826 1660 ei
854 1593 978 1661 auxilio
1008 1592 1112 1662 futuri
1145 1611 1224 1664 sunt
1255 1593 1352 1665 tacite

176 1702 406 1788 comprehendi
427 1702 594 1771 videntur.
643 1700 718 1788 Ego
740 1725 820 1773 vero
844 1704 941 1778 etiam
960 1704 1090 1771 Decimi
1109 1704 1204 1773 Bruti
1226 1707 1350 1772 bellum

176 1815 346 1900 publicum
369 1828 476 1898 puto,
499 1815 591 1897 quod
609 1812 664 1881 ille
683 1815 784 1899 gessit
803 1817 962 1884 adversus
982 1814 1187 1897 Antonium,
1207 1814 1350 1883 Galliam

176 1925 370 1994 Citeriorem
382 1923 583 2010 provinciam
595 1923 758 1996 obtinens.
788 1925 835 1994 Et
853 1926 905 1996 his
923 1928 1106 1997 rationibus
1127 1943 1227 2010 atque
1245 1946 1353 1994 exorn-

174 2036 239 2123 plis
261 2057 396 2104 moveor
419 2033 460 2103 ad
482 2033 714 2120 repudiandam
730 2037 917 2110 Innocentii
937 2054 971 2106 et
989 2059 1063 2106 eum
1084 2037 1252 2121 sequentis
1274 2039 1351 2105 Bar·

176 2149 236 2216 toli
259 2146 484 2216 auctoritatem
506 2145 530 2212 ¹:
554 2167 636 2230 quae
660 2167 735 2220 sane
757 2147 792 2218 in
815 2148 922 2220 causis
942 2151 1027 2237 juris
1047 2149 1172 2234 publici
1192 2163 1250 2216 aut
1272 2169 1351 2234 gen-

175 2260 259 2326 tium
281 2277 348 2330 nou
371 2258 511 2330 multum
534 2257 653 2350 habere
675 2257 773 2330 debet
791 2257 971 2341 momenti,
987 2257 1176 2343 praesertim
1195 2280 1269 2333 cum
1291 2281 1352 2329 nec

176 2373 275 2438 altera
294 2389 368 2453 pars
389 2382 496 2435 careat
515 2367 808 2453 adstipulatoribus
827 2383 859 2441 et
882 2369 1015 2457 quidem
1033 2367 1191 2454 Hispanis
1207 2369 1243 2453 ¹,
1261 2372 1352 2456 quod

175 2499 279 2568 genus
301 2480 335 2552 in
355 2477 612 2570 Jurisprudentia
632 2478 764 2551 minime
785 2482 1060 2554 contemnendum
1080 2496 1147 2554 est:
1163 2483 1350 2566 praesertim

176 2614 250 2661 curn
276 2593 311 2659 in
339 2589 538 2676 repressaliis
558 2589 594 2672 ⁸,
622 2609 706 2678 quae
729 2590 806 2664 belli
828 2590 955 2676 species
977 2592 1134 2676 quaedam
1158 2605 1232 2674 est,
1256 2615 1350 2662 nemo

174 2724 242 2774 non
269 2707 333 2772 hoc
359 2702 467 2787 ipsun
495 2699 662 2776 concedat.
709 2701 805 2774 Sicut
830 2718 938 2776 autern
965 2701 1086 2788 privati
1109 2724 1129 2774 a
1150 2703 1286 2788 privatis
1309 2705 1351 2772 ad

174 2816 298 2884 bellum
321 2829 408 2882 recte
430 2828 659 2895 assumuntur,
683 2813 729 2884 ita
747 2809 805 2886 uui
825 2810 1024 2897 reipublicae
1056 2829 1114 2881 aut
1145 2815 1348 2900 magistratui

173 2947 240 2995 non
265 2923 382 3018 privati
405 2925 527 3008 modo,
549 2923 659 2998 sedet
679 2928 777 2997 altera
799 2923 984 3009 respublica
1003 2939 1061 2997 aut
1087 2921 1294 3012 magistratus
1316 2926 1350 2994 in

172 3039 261 3107 bello
282 3053 391 3123 potest
408 3034 558 3110 accedere
578 3035 601 3106 ⁴.
647 3034 736 3104 Hinc
758 3033 900 3118 auxilia,
924 3054 1009 3123 quae
1021 3033 1166 3103 Graeci⁸
1186 3037 1351 3123 eleganter

174 3149 384 3236 distinguunt
412 3150 592 3234 ξυμμαχλαν
619 3152 668 3224 καὶ
700 3149 868 3236 ἐπιμαχίαν
896 3163 1076 3230 vocantes,
1109 3168 1247 3231 quarum
1269 3151 1350 3216 haec

172 3261 215 3330 ad
245 3258 465 3329 defensionem
496 3256 677 3341 duntaxat,
708 3277 747 3332 eu
777 3259 849 3348 lege
868 3258 994 3328 scilicet
1012 3259 1249 3344 prima‚altera
1269 3282 1349 3330 vero

174 3375 216 3441 ad
235 3375 496 3457 qualemcunque
514 3371 593 3441 belli
612 3389 741 3440 causam
759 3368 910 3456 pertinet.
933 3370 1128 3458 Eodemque
1148 3371 1246 3440 modo
1258 3376 1351 3441 velut

173 3482 388 3551 instrumenta
411 3482 537 3567 publici
558 3481 635 3549 belli
658 3496 737 3550 sunt
757 3480 906 3564 subditi,
929 3483 994 3549 hoc
1017 3497 1067 3550 est
1089 3481 1137 3551 illi
1150 3483 1208 3566 qui
1220 3485 1350 3570 legibus

172 3592 372 3680 reipublicae
397 3592 545 3662 obstricti
578 3608 675 3661 sunt:
699 3611 767 3676 quo
790 3608 916 3677 spectat
937 3590 970 3662 in
994 3607 1117 3677 partem
1140 3592 1193 3661 lex
1212 3591 1350 3678 septima

169 3796 371 3816 Η

208 3925 217 3960 ¹
235 3921 262 3976 ln
283 3939 308 3976 e.
332 3925 402 3976 olim.
425 3927 457 3976 de
481 3937 540 3977 rest.
563 3929 630 3988 spol.
655 3925 795 3990 [neeretd.
822 3934 846 3974 a.
865 3936 905 3983 rs.
933 3923 985 3986 ru]
1012 3935 1038 3972 n.
1056 3925 1080 3972 8.
1094 3934 1122 3973 ct
1138 3919 1166 3972 ln
1184 3937 1208 3972 c.
1225 3920 1300 3974 slent.
1317 3927 1349 3974 dc

171 4015 279 4076 luceiu-
299 4017 438 4083 [vectum
456 4027 479 4070 u
497 4030 537 4079 u.
550 4016 605 4082 nn]
623 4031 649 4072 n·
667 4029 691 4075 s.
705 4029 730 4072 tt
746 4017 805 4070 nm.
820 4014 967 4074 luterum.
983 4015 1017 4066 aa
1033 4015 1223 4070 ultionum·
1235 4028 1262 4064 ιι
1274 4027 1300 4064 et
1312 4027 1350 4068 rr.

172 4105 185 4146 ²
203 4107 270 4160 Viet.
286 4111 312 4162 d.
329 4111 348 4162 l.
366 4110 448 4168 llyrlr
466 4105 570 4172 dejure
588 4107 650 4160 belli
668 4110 687 4158 1.
707 4121 730 4160 t.
748 4119 772 4157 t.
791 4115 814 4162 2·
832 4119 858 4164 n·
875 4119 900 4169 9·
918 4107 993 4162 Adde
1009 4103 1071 4160 silv.
1087 4102 1115 4154 ln
1132 4119 1159 4154 v.
1174 4102 1349 4181 bellumne.

172 4197 225 4254 ibi:
249 4197 339 4254 sufficit
363 4196 448 4252 etiarn.
482 4197 493 4238 ⁸
510 4199 541 4248 V.
556 4197 619 4254 silv.
642 4197 668 4248 in
685 4210 712 4248 v.
730 4196 851 4264 Repress.
869 4197 890 4262 ς.
909 4207 932 4246 a.
965 4193 1050 4244 ‘Cin
1076 4193 1109 4245 de
1126 4194 1170 4244 oll‘.
1187 4197 1205 4244 l.
1224 4209 1245 4246 r.
1262 4195 1349 4251 Ambr.

173 4292 207 4340 de
223 4289 267 4339 off.
285 4293 302 4338 l.
323 4303 344 4338 1.
361 4301 384 4339 c.
403 4290 443 4346 36.
453 4285 545 4340 citatur
555 4287 580 4338 in
599 4303 622 4338 c.
638 4279 848 4340 noninferenda.
869 4284 958 4352 [Dect.
975 4288 1046 4336 θαι.
1063 4296 1091 4347 p.
1110 4295 1133 4334 a.
1147 4297 1187 4344 23.
1197 4297 1221 4344 s.
1231 4284 1269 4349 7.]
1280 4287 1350 4336 Bald.

172 4381 240 4430 adl.
260 4393 270 4428 r
291 4381 320 4429 C.
337 4381 405 4430 unde
415 4380 450 4430 vi.
471 4374 514 4444 [c.
534 4383 558 4430 Β.
574 4380 613 4443 4.]
632 4393 657 4430 n.
675 4381 707 4443 46
725 4391 750 4430 et
767 4393 809 4442 47.
827 4374 1163 4436 Caietadsumm.'1¹botm
1182 4385 1206 4424 s.
1225 4387 1248 4424 a.
1266 4389 1292 4436 q.
1308 4389 1350 4438 4ο.

172 4482 220 4526 m
245 4483 268 4522 ι.
290 4474 321 4521 ad
337 4473 482 4526 secundam.
499 4471 576 4524 Mart.
593 4472 673 4525 hurl.
689 4485 716 4536 q.
735 4483 774 4529 rs.
793 4469 831 4536 [p.
851 4467 921 4534 ³24]
940 4469 1016 4530 Vrsq.
1035 4479 1118 4517 contr.
1125 4466 1163 4516 ill.
1182 4481 1205 4516 c.
1224 4479 1265 4516 aa.
1283 4481 1308 4517 n.
1326 4470 1350 4516 6.

172 4563 185 4597 ⁸
204 4561 285 4612 Thuc.
304 4562 350 4612 lib.
371 4576 392 4612 t.
413 4559 449 4626 [c.
465 4561 521 4627 44]
540 4574 567 4614 et
585 4561 622 4616 ibi
640 4565 721 4614 whol.

1203 4663 1223 4728 5
