3450 5434
504 674 550 719 DE
577 670 668 731 June
695 673 878 719 tunsone.
904 675 982 721 cn1¹.
1008 675 1055 721 xt.
1306 675 1365 741 193

184 826 447 910 praestitissent,
481 827 608 894 innoxii
640 827 985 909 praetervehebantur.
1031 829 1172 895 Etcum
1196 830 1361 915 inJavam

181 955 320 1006 ventum
356 955 441 1005 esset
471 940 604 1023 jamque
627 938 816 1023 gravissima
839 940 1073 1007 Lusitanorum
1096 944 1216 1007 scelera
1238 943 1362 1025 patuis·

184 1065 280 1130 sent,
302 1052 430 1116 ultione
450 1064 557 1115 tamen
579 1049 676 1115 iidem
698 1050 945 1132 abstinuerunt,
963 1072 1036 1118 cum
1064 1068 1150 1119 esset
1168 1053 1202 1118 in
1221 1054 1360 1135 proclivi

182 1160 349 1246 navigium
381 1160 677 1244 comprehendere,
701 1182 769 1243 quo
791 1164 918 1246 legatus
940 1162 1177 1243 Malaccensis,
1202 1180 1360 1231 mercator

179 1273 246 1357 jam
267 1288 336 1338 tum
361 1272 550 1339 Hollandici
572 1272 760 1358 sanguinis,
793 1274 987 1340 vehebatur.
1036 1275 1084 1341 At
1115 1276 1264 1342 Lusitani
1293 1276 1357 1359 jam

183 1399 258 1449 ante
288 1384 511 1450 Rasadaumae
544 1384 690 1450 consiliis
719 1384 765 1449 ita
796 1384 949 1467 permixti
975 1401 1088 1466 erant,
1112 1400 1149 1452 ut
1172 1388 1212 1453 ad
1235 1388 1357 1454 bellum

181 1495 313 1561 Batavis
347 1493 551 1561 inferendum
588 1511 621 1561 et
648 1496 898 1579 intercipiendas
938 1516 1036 1563 naves
1062 1497 1174 1582 Javanr
1209 1498 1292 1563 inter
1325 1513 1358 1563 et

181 1606 340 1673 Panianas
350 1606 491 1687 insulas,
504 1606 591 1690 pacti
613 1621 722 1672 essent
741 1606 919 1673 maritimas
943 1607 1052 1690 copias
1075 1626 1148 1673 suas
1171 1628 1245 1673 cum
1266 1608 1357 1673 illius

182 1719 285 1784 classe
317 1718 527 1802 conjungere.
574 1718 620 1784 Et
647 1738 724 1785 mox
756 1718 813 1783 ubi
845 1718 1042 1784 Batavorum
1069 1718 1173 1800 aliqui
1200 1718 1356 1785 Bantamo

179 1829 221 1894 ad
254 1848 354 1895 naves
388 1828 515 1912 regredi
546 1830 769 1909 conabantur,
802 1846 933 1913 portum
967 1829 1014 1895 illi
1046 1830 1258 1896 obsederant:
1291 1850 1355 1912 qua

179 1960 278 2023 super
295 1960 329 2008 re
349 1942 502 2007 monebat
518 1940 701 2021 Sabander,
714 1940 747 2006 in
772 1942 852 2006 urbe
875 1941 981 2007 securi
1003 1956 1040 2006 ut
1063 1956 1186 2017 essent,
1199 1941 1240 2006 ad
1260 1940 1353 2007 fidem

180 2050 337 2135 praefecti
365 2052 545 2135 pertinere:
574 2066 663 2118 extra
696 2072 737 2117 ne
760 2050 842 2134 quid
861 2052 1045 2133 accideret,
1070 2071 1153 2135 opus
1177 2052 1256 2135 ipsis
1280 2073 1355 2135 pro-

178 2163 325 2229 videntia
358 2179 391 2228 et
422 2163 559 2230 virtute.
604 2162 713 2229 Etiam
743 2162 945 2247 Tomagonis
980 2161 1130 2243 insidiis,
1166 2182 1246 2245 quas
1279 2178 1355 2228 ante

179 2274 382 2341 narravimus
405 2288 437 2339 et
469 2272 641 2340 Cidaeensi
664 2272 817 2357 perfidiae
840 2273 991 2340 Lusitani
1014 2272 1199 2341 adfixerunt.
1244 2273 1353 2339 Dilata

177 2386 376 2453 Batavorum
405 2384 571 2451 mansione
594 2384 746 2451 Lusitani
769 2405 843 2450 cum
863 2385 936 2467 ipso
958 2384 1166 2450 Bantamensi
1187 2384 1510 2467 praefectoAnno1597.

179 2496 256 2563 belli
280 2510 416 2562 conatus
436 2496 626 2578 sociarunt,
650 2515 791 2578 quorum
810 2496 977 2578 pactiones
996 2496 1061 2578 jam
1078 2495 1260 2561 retulimus.
1283 2498 1353 2561 Ve-

179 2608 229 2673 nit
261 2606 380 2687 etiam,
407 2605 499 2673 venit
518 2606 615 2675 missa
638 2607 773 2690 publico
796 2606 830 2671 in
854 2606 1049 2673 Batavorum
1076 2606 1211 2671 exitium
1237 2608 1352 2691 conju-

177 2735 244 2786 rata
261 2738 399 2798 manus,
423 2718 562 2784 ducente
585 2718 927 2801 Emmanuele‚cujus
950 2714 1049 2782 frater
1074 2716 1181 2783 Goam
1205 2719 1349 2803 regebat.

175 2830 315 2896 Bellicae
336 2849 436 2895 naves
464 2829 636 2895 excellenti
659 2828 882 2914 magnitudine
914 2843 1003 2893 erant
1022 2842 1187 2909 quatuor:
1212 2831 1349 2912 longae,

176 2960 259 3024 quas
278 2940 418 3027 galerus
440 2938 601 3020 dicimus,
623 2954 707 3005 tres:
730 2938 837 3006 iustae
860 2937 1087 3021 paulominus
1110 2938 1252 3023 triginta.
1281 2939 1349 3005 Has

175 3053 332 3119 adversus
363 3050 546 3117 Hollandos
577 3051 665 3117 vires
688 3050 839 3117 Lusitani
863 3065 1071 3133 paraverant:
1096 3048 1279 3115 Hollandos
1301 3071 1349 3115 re-

176 3164 371 3248 quirebant,
395 3162 558 3248 digressos
592 3162 856 3247 indignabantur.
904 3161 1113 3249 Quinetiam
1138 3162 1196 3245 (en
1220 3181 1287 3241 quo
1311 3160 1350 3225 il·

175 3277 282 3342 lorum
314 3274 492 3358 procedant
523 3272 617 3357 odia)
649 3292 735 3339 arma
769 3272 925 3339 adversus
958 3272 1096 3339 Batavos
1130 3287 1280 3354 suscepta
1315 3272 1347 3336 in

176 3388 405 3453 Bantamenses
426 3383 643 3451 transferunt:
667 3386 731 3450 hoc
750 3384 905 3464 nomine,
930 3384 1021 3466 quod
1049 3382 1123 3450 illos
1149 3402 1215 3447 non
1237 3383 1349 3465 prohi-

176 3499 327 3565 buissent
348 3498 520 3578 recedere,
543 3512 601 3563 aut
623 3512 798 3580 postquam
821 3510 1018 3561 recesserant
1041 3514 1107 3560 non
1130 3514 1240 3560 secum
1263 3494 1348 3577 pari-

175 3623 225 3675 ter
258 3608 519 3692 insequerentur.
562 3607 684 3674 Videte
712 3627 826 3687 nunc,
858 3606 971 3687 cives,
994 3626 1033 3672 an
1064 3605 1127 3671 illis
1150 3604 1346 3689 parcendum

174 3720 241 3800 sit,
273 3720 330 3802 qui
353 3720 394 3785 ab
417 3719 512 3785 initio
535 3720 579 3785 ita
602 3718 739 3784 fuerunt
756 3716 914 3798 animati,
937 3733 974 3781 ut
996 3715 1023 3781 si
1056 3714 1161 3783 iacere
1183 3735 1248 3782 non
1272 3738 1348 3799 pos·

173 3846 272 3914 sent,
305 3831 449 3915 accipere
480 3852 515 3896 se
547 3844 700 3914 putarent
726 3828 896 3913 iniuriam:
926 3826 1051 3909 quique
1074 3847 1140 3893 non
1165 3828 1264 3893 modo
1288 3828 1348 3893 Ba·

172 3957 268 4009 tavos
289 3942 400 4025 ipsos,
423 3943 481 4008 sed
504 3962 616 4008 omnes
640 3941 713 4007 illos
735 3959 795 4024 pro
815 3938 969 4005 hostibus
989 3939 1128 4021 habent,
1143 3939 1200 4021 qui
1216 3938 1346 4005 Batavis

173 4074 239 4119 non
269 4053 348 4119 satis
377 4055 488 4121 hostes
509 4054 675 4119 videntur.
719 4052 784 4116 Hic
802 4050 933 4117 illorum
957 4050 1106 4133 animus,
1129 4052 1208 4117 haec
1231 4070 1345 4131 mens,

172 4167 252 4232 baec
284 4165 439 4231 consilia:
463 4180 602 4233 eventus
631 4177 757 4230 tantum
788 4177 900 4228 contra
929 4161 1059 4228 cecidit.
1104 4162 1196 4227 Victi
1227 4176 1345 4227 sunta

170 4276 327 4361 Javanis,
360 4298 428 4360 quo
461 4276 584 4362 justius
615 4274 743 4341 Batavis
773 4274 934 4339 cederent.
989 4273 1053 4339 Sed
1075 4293 1115 4338 ne
1143 4271 1344 4354 sicquidem

173 4406 341 4472 repressus
363 4387 459 4454 furor
481 4403 513 4453 et
536 4388 646 4453 insana
669 4385 836 4470 pugnandi
853 4386 967 4453 libido.
1013 4384 1098 4451 Nam
1122 4404 1197 4449 cum
1228 4384 1427 4455 &lan-Anna
1451 4425 1504 4469 1⁵99

172 4500 289 4564 dorum
302 4498 456 4581 auspiciis
468 4498 722 4577 Houtmannus,
732 4513 770 4563 ut
783 4496 938 4576 diximus,
948 4496 1115 4563 Achiuum
1129 4496 1344 4577 Taprobanae
1357 4464 1379 4510 '¹'
1395 4468 1456 4526 θ’θ’·
1469 4482 1503 4523 ¹³⁹

1132 4627 1168 4687 13
