3450 5434
714 651 899 692 PRAEFATIO·
1348 651 1392 691 vll

219 833 344 895 quenter
365 822 539 896 inspexisse,
559 823 638 897 quod
666 825 773 896 viginti
791 825 874 882 annis
894 835 961 880 ante
982 823 1151 883 absolvisset
1172 837 1202 882 et
1222 825 1285 882 aliis
1307 823 1393 880 rebus

218 937 314 984 motus
336 927 464 984 scribere
483 942 630 1000 aggressus
651 938 734 985 esset.
766 928 840 984 Nam
864 929 1111 986 commentarium
1132 927 1250 1000 dejure
1272 925 1392 1001 praedae

218 1029 367 1104 confecit,
392 1042 426 1088 ut
454 1030 611 1088 Lusitanos
638 1031 745 1103 iniuria
766 1031 891 1088 Batavos
911 1031 947 1087 ab
969 1029 1077 1089 Indicis
1097 1030 1276 1087 commerciis
1294 1029 1392 1103 prohi-

218 1131 302 1201 bere,
325 1133 449 1191 Batavos
467 1145 571 1192 contra
592 1144 622 1191 et
645 1135 818 1192 Societatem
841 1132 969 1192 Indicam
990 1134 1137 1193 Lusitanis
1158 1134 1263 1191 merito
1283 1132 1390 1190 bellurn

218 1236 326 1294 inferre
353 1249 382 1295 et
412 1235 531 1310 praedas
558 1237 593 1294 ab
618 1238 652 1294 iis
678 1254 760 1310 agere
788 1236 1008 1296 demonstraret.
1055 1239 1185 1295 Multum
1211 1237 1287 1294 enim
1314 1227 1392 1309 apud

218 1351 360 1398 nostrates
386 1339 421 1398 de
447 1341 512 1414 jure
540 1339 661 1413 praedae
690 1339 912 1414 disputabatur,
938 1342 1107 1415 praesertim
1127 1356 1165 1398 ex
1180 1356 1242 1413 quo
1262 1350 1392 1412 tempore

217 1445 379 1517 praefectus
400 1444 460 1517 Jac.
475 1444 700 1502 Hemskerckius
719 1446 887 1517 opulentam
909 1445 1119 1503 Lusitanorum
1140 1460 1241 1502 navem
1263 1444 1293 1500 in
1314 1443 1391 1500 freto

217 1547 393 1605 Malaccensi
415 1559 531 1622 ceperat
552 1559 581 1606 et
603 1546 719 1605 domum
740 1546 911 1606 abduxerat.
946 1548 1069 1605 Grotius
1092 1548 1152 1621 ipse
1174 1548 1203 1605 in
1227 1546 1391 1605 Annalibus

217 1661 246 1708 et
269 1650 407 1708 Historiis
428 1666 489 1709 eam
510 1667 569 1709 rem
591 1651 675 1708 nobis
694 1651 737 1709 his
758 1650 854 1709 verbis
878 1653 1017 1727 proponit
1033 1647 1071 1729 (l.
1086 1668 1111 1709 1.
1132 1669 1162 1726 p.
1182 1647 1271 1728 429.)

252 1853 346 1920 Jorae
374 1875 483 1931 quoque
511 1877 567 1916 rex
595 1855 657 1937 (est
679 1857 712 1916 id
728 1877 850 1934 regnam
871 1864 901 1917 in
921 1859 1104 1918 Molaccensi
1121 1856 1257 1937 regione)
1278 1869 1390 1916 ueteres

217 1965 248 2019 in
269 1961 425 2020 Lusitanos
446 1961 568 2037 offensas
582 1977 716 2038 promere
736 1981 841 2034 ausus,
868 1962 938 2026 Jac.
959 1963 1211 2032 Hemslrercltium,
1231 1962 1305 2020 duas
1325 1973 1388 2019 tum

216 2083 303 2122 nares
331 2065 481 2124 ducentem
510 2065 719 2137 Hollundicas,
740 2071 878 2126 incitaris
899 2068 941 2126 ad
958 2086 1113 2126 caraccant
1134 2073 1288 2125 immensae
1308 2083 1388 2140 mog-

216 2169 357 2227 nitudinis
386 2175 416 2228 in
442 2167 543 2243 freto,
572 2170 648 2243 qnod
672 2169 843 2228 Malaccam
871 2176 967 2242 inter,
999 2171 1207 2230 Lusitanorum
1232 2173 1387 2239 coloniam,

215 2283 245 2331 et
266 2274 440 2332 Sumatrom
451 2275 623 2344 intercedit,
641 2274 872 2350 opprimendam3
892 2287 996 2333 auctor
1006 2275 1080 2333 idem
1089 2279 1227 2348 testisque
1237 2276 1388 2331 uictoriae.

215 2377 329 2436 Bataui
352 2376 484 2452 praedo,
514 2390 631 2450 quanta
663 2395 716 2434 non
747 2381 825 2436 alias
850 2392 964 2454 parta,
996 2384 1140 2450 contenti,
1160 2383 1243 2436 ritae
1263 2376 1387 2436 bostium

215 2476 407 2559 (septingenti
423 2478 521 2554 ferme
542 2493 631 2539 erant
651 2487 738 2540 omnis
759 2499 842 2540 sexus
852 2495 944 2555 atque
952 2481 1085 2562 aetatis)
1092 2496 1265 2559 pepercere,
1277 2499 1387 2555 *quam-

214 2603 301 2658 quam
321 2589 454 2644 recentia
475 2587 570 2643 multa
588 2587 749 2643 exstabunt
772 2585 963 2645 Lusitanicae
982 2587 1168 2646 crudelitatis
1189 2587 1329 2661 exempla.
1346 2617 1388 2628 -

213 2689 329 2748 Portae
350 2708 387 2747 etc
407 2687 535 2748 hostibus
549 2690 675 2765 publicis
695 2704 756 2764 opes
778 2709 914 2764 magnum
936 2690 1086 2750 lusitanis
1107 2704 1137 2750 et
1156 2696 1222 2766 regi
1234 2691 1385 2757 damnum,

214 2793 339 2852 Batauis
367 2804 398 2850 et
423 2797 568 2868 priuatim
590 2803 619 2850 ct
639 2797 670 2850 in
691 2811 835 2850 commune
855 2812 918 2850 cum
939 2794 1027 2851 laude
1046 2794 1189 2852 commoda
1207 2792 1386 2869 afferebant.

213 2895 339 2972 Reperti
358 2908 457 2954 tomen
478 2901 508 2954 in
533 2907 622 2970 gente
643 2914 697 2952 non
718 2899 810 2953 minus
830 2898 956 2971 simplice
976 2915 1063 2969 quam
1084 2909 1221 2969 quaestus
1241 2895 1386 2966 studiosa,

213 3004 264 3075 qui
289 3013 408 3076 partem
439 3002 618 3071 abnuerint,
655 3002 750 3059 ueluti
785 3005 878 3058 minus
906 3000 1020 3057 deceret
1051 3012 1225 3057 mercatores
1255 3000 1386 3057 militare

213 3105 325 3164 lucrum
346 3117 393 3175 et,
413 3116 448 3162 ut
465 3100 564 3176 ferme
583 3103 709 3175 accidit,
731 3106 829 3163 multis
848 3105 1065 3163 immerentibus
1084 3116 1215 3179 raptum.
1243 3103 1385 3161 Mouebat

213 3220 242 3266 ct
262 3219 344 3266 uetus
365 3225 428 3265 cum
450 3206 601 3267 Lusitanis
621 3211 774 3278 amicitia,
794 3212 913 3284 coepisse
932 3208 1047 3266 creditu
1067 3219 1175 3282 quarto
1195 3219 1267 3266 ante
1280 3209 1384 3280 seculo,

213 3330 276 3370 curn
301 3310 492 3387 Ulpsuponem
512 3312 621 3386 Belgae
640 3325 860 3388 expugnavere,
882 3324 936 3371 etc.

253 3519 392 3579 Fruinius
420 3535 480 3593 quo
507 3519 595 3592 magis
621 3536 696 3588 rem,
725 3537 798 3594 quae
828 3519 916 3580 hodie
938 3521 968 3578 in
989 3520 1167 3579 oblivionem
1189 3519 1280 3590 abiit,
1300 3518 1384 3576 noble

212 3635 390 3699 exponeret,
411 3624 487 3683 Acta
501 3624 654 3682 Societatis
674 3623 791 3682 Indicae
806 3636 835 3682 et
847 3623 991 3683 Ordinum
1004 3623 1228 3682 Foederatorum
1240 3623 1385 3697 inspexit,

212 3728 338 3802 indeque
359 3731 451 3788 multa
468 3730 614 3802 extraxit,
633 3745 705 3800 quae
723 3727 758 3786 ad
775 3731 885 3803 patriae
902 3730 1050 3787 historiam
1069 3729 1190 3786 faciunt.
1211 3724 1259 3784 Ad
1277 3725 1383 3782 librum

212 3831 248 3890 de
274 3834 338 3906 jure
367 3831 487 3906 praedae
509 3831 582 3889 bene
603 3831 824 3906 intelligendum
845 3833 941 3906 magni
962 3833 1101 3891 momenti
1121 3845 1180 3901 est,
1200 3830 1280 3904 quod
1300 3830 1384 3888 nobts

212 3935 363 4010 persuadet
385 3937 539 4005 FruInius,
562 3937 735 3994 Societatem
758 3935 885 3995 Indicam
906 3937 994 3995 initio
1015 3937 1087 3995 nihil
1110 3948 1222 4011 praeter
1243 3937 1384 4010 navigati-

210 4057 295 4098 onem
323 4051 354 4098 et
380 4040 552 4098 commercia
580 4040 738 4114 cogitasse,
775 4039 902 4098 eamdem
931 4058 1001 4099 vero
1029 4043 1236 4100 Lusitanorum
1266 4041 1383 4114 injuriis

210 4157 240 4204 et
260 4143 371 4203 damnis
392 4145 479 4203 illatis
501 4154 646 4212 coactam,
669 4143 814 4204 Ordinum
824 4144 1050 4205 Foederatorum
1068 4162 1226 4215 consensu,
1243 4162 1311 4203 mox
1321 4147 1381 4204 vim

210 4249 241 4307 vi
263 4249 463 4317 arcere,bella
485 4249 592 4306 inferre
613 4261 642 4306 et
662 4247 779 4322 praedas
799 4267 883 4323 agere
904 4251 1041 4325 coepisse.
1064 4251 1200 4309 Fruinius
1219 4267 1295 4308 nova
1312 4251 1382 4308 haec

211 4351 344 4410 instituta
373 4370 431 4410 non
458 4353 592 4411 omnibus
622 4350 740 4410 Indicae
770 4354 923 4412 societatis
950 4355 1135 4412 consortibus
1160 4355 1301 4428 placuisse
1332 4354 1381 4413 de·

211 4469 372 4528 monstrat,
390 4458 448 4516 imo
466 4459 572 4516 multos
597 4473 629 4514 ea
657 4458 842 4516 vehementer
867 4459 1057 4532 improbasse,
1078 4459 1108 4516 in
1130 4459 1236 4533 quibus
1257 4461 1380 4533 primum
