<?xml version="1.0" encoding="UTF-8"?>
<!DOCTYPE html PUBLIC "-//W3C//DTD XHTML 1.0 Transitional//EN"
    "http://www.w3.org/TR/xhtml1/DTD/xhtml1-transitional.dtd">
<html xmlns="http://www.w3.org/1999/xhtml" xml:lang="en" lang="en">
 <head>
  <title>
</title>
<meta http-equiv="Content-Type" content="text/html;charset=utf-8" />
  <meta name='ocr-system' content='tesseract 3.04.00' />
  <meta name='ocr-capabilities' content='ocr_page ocr_carea ocr_par ocr_line ocrx_word'/>
</head>
<body>
  <div class='ocr_page' id='page_1' title='image "./ledroitdeprised02hamagoog_0176.png"; bbox 0 0 3450 5434; ppageno 0'>
   <div class='ocr_carea' id='block_1_1' title="bbox 310 597 1221 665">
    <p class='ocr_par' dir='ltr' id='par_1_1' title="bbox 310 597 1221 665">
     <span class='ocr_line' id='line_1_1' title="bbox 310 597 1221 665; baseline -0.007 -17"><span class='ocrx_word' id='word_1_1' title='bbox 310 645 312 648; x_wconf 83' lang='lat'>.</span> <span class='ocrx_word' id='word_1_2' title='bbox 366 599 427 664; x_wconf 78' lang='lat'>154</span> <span class='ocrx_word' id='word_1_3' title='bbox 674 600 721 645; x_wconf 80' lang='grc'><strong>1111</strong></span> <span class='ocrx_word' id='word_1_4' title='bbox 744 598 839 665; x_wconf 75' lang='lat' dir='ltr'>June</span> <span class='ocrx_word' id='word_1_5' title='bbox 866 597 1050 647; x_wconf 70' lang='lat' dir='ltr'>nunaunt.</span> <span class='ocrx_word' id='word_1_6' title='bbox 1080 599 1160 646; x_wconf 80' lang='lat' dir='ltr'>cnr.</span> <span class='ocrx_word' id='word_1_7' title='bbox 1186 598 1221 643; x_wconf 91' lang='lat' dir='ltr'>x.</span> 
     </span>
    </p>
   </div>
   <div class='ocr_carea' id='block_1_2' title="bbox 294 746 1534 3713">
    <p class='ocr_par' dir='ltr' id='par_1_2' title="bbox 294 746 1534 3713">
     <span class='ocr_line' id='line_1_2' title="bbox 356 746 1530 838; baseline -0.004 -19"><span class='ocrx_word' id='word_1_8' title='bbox 356 753 452 838; x_wconf 90' lang='lat' dir='ltr'>dere)</span> <span class='ocrx_word' id='word_1_9' title='bbox 485 749 528 819; x_wconf 86' lang='lat' dir='ltr'>ad</span> <span class='ocrx_word' id='word_1_10' title='bbox 558 771 695 834; x_wconf 87' lang='lat' dir='ltr'>aequam</span> <span class='ocrx_word' id='word_1_11' title='bbox 725 770 836 818; x_wconf 84' lang='lat' dir='ltr'>secum</span> <span class='ocrx_word' id='word_1_12' title='bbox 871 752 1009 836; x_wconf 84' lang='lat' dir='ltr'>praedae</span> <span class='ocrx_word' id='word_1_13' title='bbox 1032 766 1155 836; x_wconf 84' lang='lat' dir='ltr'>partem</span> <span class='ocrx_word' id='word_1_14' title='bbox 1183 746 1372 817; x_wconf 82' lang='lat' dir='ltr'>admiserint</span> <span class='ocrx_word' id='word_1_15' title='bbox 1389 757 1412 815; x_wconf 90' lang='lat'>¹.</span> <span class='ocrx_word' id='word_1_16' title='bbox 1456 746 1530 815; x_wconf 87' lang='lat' dir='ltr'>Nec</span> 
     </span>
     <span class='ocr_line' id='line_1_3' title="bbox 355 858 1529 944; baseline -0.005 -14"><span class='ocrx_word' id='word_1_17' title='bbox 355 864 459 930; x_wconf 54' lang='lat' dir='ltr'>uliud¹</span> <span class='ocrx_word' id='word_1_18' title='bbox 472 865 592 930; x_wconf 81' lang='lat' dir='ltr'>volunt</span> <span class='ocrx_word' id='word_1_19' title='bbox 622 862 790 929; x_wconf 85' lang='lat' dir='ltr'>Ambrosii</span> <span class='ocrx_word' id='word_1_20' title='bbox 820 863 921 928; x_wconf 89' lang='lat' dir='ltr'>verba</span> <span class='ocrx_word' id='word_1_21' title='bbox 952 860 987 943; x_wconf 86' lang='lat'>²,</span> <span class='ocrx_word' id='word_1_22' title='bbox 1020 881 1161 944; x_wconf 90' lang='lat' dir='ltr'>quorum</span> <span class='ocrx_word' id='word_1_23' title='bbox 1196 874 1270 927; x_wconf 86' lang='lat' dir='ltr'>ante</span> <span class='ocrx_word' id='word_1_24' title='bbox 1301 858 1529 925; x_wconf 85' lang='lat' dir='ltr'>meminimus:</span> 
     </span>
     <span class='ocr_line' id='line_1_4' title="bbox 355 970 1530 1061; baseline -0.003 -23"><span class='ocrx_word' id='word_1_25' title='bbox 355 975 442 1041; x_wconf 76' lang='lat' dir='ltr'>Sane</span> <span class='ocrx_word' id='word_1_26' title='bbox 470 977 521 1039; x_wconf 81' lang='lat' dir='ltr'>his</span> <span class='ocrx_word' id='word_1_27' title='bbox 553 977 612 1060; x_wconf 82' lang='lat' dir='ltr'>qui</span> <span class='ocrx_word' id='word_1_28' title='bbox 630 996 736 1039; x_wconf 82' lang='lat' dir='ltr'>secum</span> <span class='ocrx_word' id='word_1_29' title='bbox 747 973 898 1061; x_wconf 78' lang='lat' dir='ltr'>fuissent</span> <span class='ocrx_word' id='word_1_30' title='bbox 917 976 954 1037; x_wconf 83' lang='lat' dir='ltr'>in</span> <span class='ocrx_word' id='word_1_31' title='bbox 973 972 1200 1057; x_wconf 55' lang='lat' dir='ltr'>adamantum</span> <span class='ocrx_word' id='word_1_32' title='bbox 1212 970 1364 1055; x_wconf 83' lang='lat' dir='ltr'>fortasse</span> <span class='ocrx_word' id='word_1_33' title='bbox 1384 974 1506 1035; x_wconf 83' lang='lat' dir='ltr'>sociati</span> <span class='ocrx_word' id='word_1_34' title='bbox 1516 1014 1530 1049; x_wconf 85' lang='lat'>‚</span> 
     </span>
     <span class='ocr_line' id='line_1_5' title="bbox 349 1079 1529 1173; baseline -0.005 -22"><span class='ocrx_word' id='word_1_35' title='bbox 349 1099 485 1173; x_wconf 82' lang='lat' dir='ltr'>partem</span> <span class='ocrx_word' id='word_1_36' title='bbox 512 1084 721 1149; x_wconf 75' lang='lat' dir='ltr'>emolumenti</span> <span class='ocrx_word' id='word_1_37' title='bbox 748 1083 962 1149; x_wconf 80' lang='lat' dir='ltr'>tribuendam</span> <span class='ocrx_word' id='word_1_38' title='bbox 985 1086 1130 1165; x_wconf 79' lang='lat' dir='ltr'>asserit,</span> <span class='ocrx_word' id='word_1_39' title='bbox 1154 1094 1326 1167; x_wconf 84' lang='lat' dir='ltr'>tamquam</span> <span class='ocrx_word' id='word_1_40' title='bbox 1350 1079 1529 1147; x_wconf 73' lang='lat' dir='ltr'>mercedem</span> 
     </span>
     <span class='ocr_line' id='line_1_6' title="bbox 354 1190 1530 1278; baseline -0.003 -18"><span class='ocrx_word' id='word_1_41' title='bbox 354 1196 491 1262; x_wconf 81' lang='lat' dir='ltr'>laboris.</span> <span class='ocrx_word' id='word_1_42' title='bbox 533 1195 579 1261; x_wconf 88' lang='lat' dir='ltr'>Et</span> <span class='ocrx_word' id='word_1_43' title='bbox 605 1196 668 1260; x_wconf 91' lang='lat' dir='ltr'>hoc</span> <span class='ocrx_word' id='word_1_44' title='bbox 699 1194 806 1277; x_wconf 86' lang='lat' dir='ltr'>ipsum</span> <span class='ocrx_word' id='word_1_45' title='bbox 841 1194 876 1259; x_wconf 91' lang='lat' dir='ltr'>in</span> <span class='ocrx_word' id='word_1_46' title='bbox 909 1193 974 1259; x_wconf 91' lang='lat' dir='ltr'>Dei</span> <span class='ocrx_word' id='word_1_47' title='bbox 1007 1195 1135 1278; x_wconf 92' lang='lat' dir='ltr'>populo</span> <span class='ocrx_word' id='word_1_48' title='bbox 1166 1207 1328 1276; x_wconf 87' lang='lat' dir='ltr'>perpetuo</span> <span class='ocrx_word' id='word_1_49' title='bbox 1358 1190 1530 1272; x_wconf 84' lang='lat' dir='ltr'>obtinuit,</span> 
     </span>
     <span class='ocr_line' id='line_1_7' title="bbox 353 1304 1530 1385; baseline -0.005 -13"><span class='ocrx_word' id='word_1_50' title='bbox 353 1307 395 1372; x_wconf 90' lang='lat' dir='ltr'>ab</span> <span class='ocrx_word' id='word_1_51' title='bbox 427 1305 613 1372; x_wconf 86' lang='lat' dir='ltr'>Abrahamo</span> <span class='ocrx_word' id='word_1_52' title='bbox 645 1305 772 1371; x_wconf 89' lang='lat' dir='ltr'>scilicet</span> <span class='ocrx_word' id='word_1_53' title='bbox 802 1304 846 1371; x_wconf 88' lang='lat' dir='ltr'>ad</span> <span class='ocrx_word' id='word_1_54' title='bbox 877 1304 1085 1371; x_wconf 85' lang='lat' dir='ltr'>Maccabaica</span> <span class='ocrx_word' id='word_1_55' title='bbox 1118 1324 1226 1385; x_wconf 90' lang='lat' dir='ltr'>usque</span> <span class='ocrx_word' id='word_1_56' title='bbox 1257 1316 1403 1385; x_wconf 85' lang='lat' dir='ltr'>tempora</span> <span class='ocrx_word' id='word_1_57' title='bbox 1424 1304 1458 1381; x_wconf 83' lang='lat'>⁸,</span> <span class='ocrx_word' id='word_1_58' title='bbox 1491 1316 1530 1367; x_wconf 92' lang='lat' dir='ltr'>ut</span> 
     </span>
     <span class='ocr_line' id='line_1_8' title="bbox 353 1412 1531 1498; baseline -0.004 -15"><span class='ocrx_word' id='word_1_59' title='bbox 353 1416 436 1483; x_wconf 92' lang='lat' dir='ltr'>socii</span> <span class='ocrx_word' id='word_1_60' title='bbox 465 1414 659 1498; x_wconf 81' lang='lat' dir='ltr'>subditique</span> <span class='ocrx_word' id='word_1_61' title='bbox 686 1415 822 1498; x_wconf 72' lang='lat' dir='ltr'>praedae</span> <span class='ocrx_word' id='word_1_62' title='bbox 842 1414 1019 1498; x_wconf 81' lang='lat' dir='ltr'>participes</span> <span class='ocrx_word' id='word_1_63' title='bbox 1041 1414 1165 1481; x_wconf 87' lang='lat' dir='ltr'>fierent.</span> <span class='ocrx_word' id='word_1_64' title='bbox 1210 1414 1262 1479; x_wconf 91' lang='lat' dir='ltr'>De</span> <span class='ocrx_word' id='word_1_65' title='bbox 1290 1432 1381 1495; x_wconf 88' lang='lat' dir='ltr'>quo,</span> <span class='ocrx_word' id='word_1_66' title='bbox 1404 1412 1531 1496; x_wconf 87' lang='lat' dir='ltr'>praeci-</span> 
     </span>
     <span class='ocr_line' id='line_1_9' title="bbox 352 1522 1531 1611; baseline -0.006 -16"><span class='ocrx_word' id='word_1_67' title='bbox 352 1548 420 1611; x_wconf 86' lang='lat' dir='ltr'>pue</span> <span class='ocrx_word' id='word_1_68' title='bbox 451 1546 517 1610; x_wconf 91' lang='lat' dir='ltr'>qua</span> <span class='ocrx_word' id='word_1_69' title='bbox 539 1526 691 1593; x_wconf 90' lang='lat' dir='ltr'>subditos</span> <span class='ocrx_word' id='word_1_70' title='bbox 722 1525 849 1609; x_wconf 80' lang='lat' dir='ltr'>tangit,</span> <span class='ocrx_word' id='word_1_71' title='bbox 874 1525 1058 1592; x_wconf 85' lang='lat' dir='ltr'>accuratius</span> <span class='ocrx_word' id='word_1_72' title='bbox 1076 1524 1237 1609; x_wconf 82' lang='lat' dir='ltr'>agendum</span> <span class='ocrx_word' id='word_1_73' title='bbox 1270 1538 1330 1589; x_wconf 91' lang='lat' dir='ltr'>est.</span> <span class='ocrx_word' id='word_1_74' title='bbox 1375 1522 1531 1589; x_wconf 83' lang='lat' dir='ltr'>Dicimus</span> 
     </span>
     <span class='ocr_line' id='line_1_10' title="bbox 354 1633 1530 1723; baseline -0.006 -18"><span class='ocrx_word' id='word_1_75' title='bbox 354 1658 433 1723; x_wconf 78' lang='lat' dir='ltr'>ergo</span> <span class='ocrx_word' id='word_1_76' title='bbox 458 1635 666 1703; x_wconf 81' lang='lat' dir='ltr'>auxiliarium</span> <span class='ocrx_word' id='word_1_77' title='bbox 691 1638 756 1705; x_wconf 90' lang='lat' dir='ltr'>hoc</span> <span class='ocrx_word' id='word_1_78' title='bbox 782 1653 816 1703; x_wconf 91' lang='lat' dir='ltr'>et</span> <span class='ocrx_word' id='word_1_79' title='bbox 838 1637 1046 1705; x_wconf 85' lang='lat' dir='ltr'>subditorum</span> <span class='ocrx_word' id='word_1_80' title='bbox 1065 1636 1190 1703; x_wconf 86' lang='lat' dir='ltr'>ratione</span> <span class='ocrx_word' id='word_1_81' title='bbox 1210 1633 1338 1701; x_wconf 85' lang='lat' dir='ltr'>admitti</span> <span class='ocrx_word' id='word_1_82' title='bbox 1357 1634 1477 1699; x_wconf 79' lang='lat' dir='ltr'>debere</span> <span class='ocrx_word' id='word_1_83' title='bbox 1491 1634 1530 1716; x_wconf 75' lang='lat'>⁴,</span> 
     </span>
     <span class='ocr_line' id='line_1_11' title="bbox 352 1746 1530 1831; baseline -0.003 -16"><span class='ocrx_word' id='word_1_84' title='bbox 352 1764 479 1816; x_wconf 89' lang='lat' dir='ltr'>utnon</span> <span class='ocrx_word' id='word_1_85' title='bbox 501 1748 600 1815; x_wconf 91' lang='lat' dir='ltr'>modo</span> <span class='ocrx_word' id='word_1_86' title='bbox 622 1767 682 1831; x_wconf 92' lang='lat' dir='ltr'>pro</span> <span class='ocrx_word' id='word_1_87' title='bbox 701 1748 830 1831; x_wconf 84' lang='lat' dir='ltr'>jactura</span> <span class='ocrx_word' id='word_1_88' title='bbox 853 1762 887 1814; x_wconf 94' lang='lat' dir='ltr'>et</span> <span class='ocrx_word' id='word_1_89' title='bbox 909 1746 1074 1830; x_wconf 87' lang='lat' dir='ltr'>impensa,</span> <span class='ocrx_word' id='word_1_90' title='bbox 1095 1766 1209 1813; x_wconf 84' lang='lat' dir='ltr'>verunt</span> <span class='ocrx_word' id='word_1_91' title='bbox 1231 1746 1328 1811; x_wconf 87' lang='lat' dir='ltr'>etiam</span> <span class='ocrx_word' id='word_1_92' title='bbox 1350 1764 1411 1828; x_wconf 92' lang='lat' dir='ltr'>pro</span> <span class='ocrx_word' id='word_1_93' title='bbox 1432 1764 1530 1827; x_wconf 83' lang='lat' dir='ltr'>opera</span> 
     </span>
     <span class='ocr_line' id='line_1_12' title="bbox 353 1855 1532 1943; baseline -0.001 -18"><span class='ocrx_word' id='word_1_94' title='bbox 353 1859 417 1925; x_wconf 84' lang='lat' dir='ltr'>sibi</span> <span class='ocrx_word' id='word_1_95' title='bbox 438 1859 587 1943; x_wconf 84' lang='lat' dir='ltr'>obligent</span> <span class='ocrx_word' id='word_1_96' title='bbox 608 1860 840 1942; x_wconf 84' lang='lat' dir='ltr'>susceptricem</span> <span class='ocrx_word' id='word_1_97' title='bbox 860 1860 938 1925; x_wconf 90' lang='lat' dir='ltr'>belli</span> <span class='ocrx_word' id='word_1_98' title='bbox 960 1856 1203 1941; x_wconf 85' lang='lat' dir='ltr'>rempublicam.</span> <span class='ocrx_word' id='word_1_99' title='bbox 1226 1856 1434 1943; x_wconf 87' lang='lat' dir='ltr'>Quamquam</span> <span class='ocrx_word' id='word_1_100' title='bbox 1443 1855 1532 1924; x_wconf 89' lang='lat' dir='ltr'>enim</span> 
     </span>
     <span class='ocr_line' id='line_1_13' title="bbox 354 1966 1533 2053; baseline -0.001 -19"><span class='ocrx_word' id='word_1_101' title='bbox 354 1969 477 2053; x_wconf 76' lang='lat' dir='ltr'>singuli</span> <span class='ocrx_word' id='word_1_102' title='bbox 498 1968 707 2036; x_wconf 92' lang='lat' dir='ltr'>subditorum</span> <span class='ocrx_word' id='word_1_103' title='bbox 726 1968 870 2053; x_wconf 88' lang='lat' dir='ltr'>publicis</span> <span class='ocrx_word' id='word_1_104' title='bbox 892 1968 1072 2037; x_wconf 90' lang='lat' dir='ltr'>commodis</span> <span class='ocrx_word' id='word_1_105' title='bbox 1102 1966 1260 2036; x_wconf 84' lang='lat' dir='ltr'>inservire</span> <span class='ocrx_word' id='word_1_106' title='bbox 1279 1966 1422 2047; x_wconf 85' lang='lat' dir='ltr'>debent,</span> <span class='ocrx_word' id='word_1_107' title='bbox 1446 1966 1533 2033; x_wconf 87' lang='lat' dir='ltr'>illud</span> 
     </span>
     <span class='ocr_line' id='line_1_14' title="bbox 355 2074 1531 2164; baseline -0.002 -19"><span class='ocrx_word' id='word_1_108' title='bbox 355 2095 463 2147; x_wconf 88' lang='lat' dir='ltr'>tamen</span> <span class='ocrx_word' id='word_1_109' title='bbox 490 2080 704 2163; x_wconf 86' lang='lat' dir='ltr'>proportione</span> <span class='ocrx_word' id='word_1_110' title='bbox 726 2080 895 2164; x_wconf 83' lang='lat' dir='ltr'>judicatur</span> <span class='ocrx_word' id='word_1_111' title='bbox 916 2084 953 2163; x_wconf 56' lang='grc' dir='ltr'>ὅ,</span> <span class='ocrx_word' id='word_1_112' title='bbox 979 2080 1070 2163; x_wconf 90' lang='lat' dir='ltr'>quod</span> <span class='ocrx_word' id='word_1_113' title='bbox 1097 2095 1155 2147; x_wconf 87' lang='lat' dir='ltr'>aut</span> <span class='ocrx_word' id='word_1_114' title='bbox 1173 2078 1281 2145; x_wconf 86' lang='lat' dir='ltr'>dando</span> <span class='ocrx_word' id='word_1_115' title='bbox 1302 2092 1359 2143; x_wconf 87' lang='lat' dir='ltr'>aut</span> <span class='ocrx_word' id='word_1_116' title='bbox 1379 2074 1531 2143; x_wconf 85' lang='lat' dir='ltr'>faciendo</span> 
     </span>
     <span class='ocr_line' id='line_1_15' title="bbox 355 2187 1532 2273; baseline -0.005 -15"><span class='ocrx_word' id='word_1_117' title='bbox 355 2189 518 2273; x_wconf 84' lang='lat' dir='ltr'>quispiam</span> <span class='ocrx_word' id='word_1_118' title='bbox 538 2190 689 2257; x_wconf 86' lang='lat' dir='ltr'>societati</span> <span class='ocrx_word' id='word_1_119' title='bbox 717 2190 858 2273; x_wconf 87' lang='lat' dir='ltr'>amplius</span> <span class='ocrx_word' id='word_1_120' title='bbox 891 2210 988 2273; x_wconf 86' lang='lat' dir='ltr'>quam</span> <span class='ocrx_word' id='word_1_121' title='bbox 1011 2210 1072 2272; x_wconf 87' lang='lat' dir='ltr'>pro</span> <span class='ocrx_word' id='word_1_122' title='bbox 1101 2205 1160 2257; x_wconf 90' lang='lat' dir='ltr'>sua</span> <span class='ocrx_word' id='word_1_123' title='bbox 1187 2203 1278 2271; x_wconf 85' lang='lat' dir='ltr'>parte</span> <span class='ocrx_word' id='word_1_124' title='bbox 1303 2187 1488 2271; x_wconf 86' lang='lat' dir='ltr'>impendit,</span> <span class='ocrx_word' id='word_1_125' title='bbox 1511 2206 1532 2253; x_wconf 86' lang='lat' dir='ltr'>a</span> 
     </span>
     <span class='ocr_line' id='line_1_16' title="bbox 294 2298 1531 2383; baseline -0.002 -16"><span class='ocrx_word' id='word_1_126' title='bbox 294 2336 298 2343; x_wconf 95' lang='lat'>·</span> <span class='ocrx_word' id='word_1_127' title='bbox 357 2299 495 2382; x_wconf 88' lang='lat' dir='ltr'>reliquis</span> <span class='ocrx_word' id='word_1_128' title='bbox 523 2300 628 2383; x_wconf 89' lang='lat' dir='ltr'>repeti</span> <span class='ocrx_word' id='word_1_129' title='bbox 656 2320 774 2383; x_wconf 91' lang='lat' dir='ltr'>posse,</span> <span class='ocrx_word' id='word_1_130' title='bbox 798 2315 836 2366; x_wconf 93' lang='lat' dir='ltr'>ut</span> <span class='ocrx_word' id='word_1_131' title='bbox 859 2300 1004 2367; x_wconf 90' lang='lat' dir='ltr'>inomni</span> <span class='ocrx_word' id='word_1_132' title='bbox 1028 2320 1062 2365; x_wconf 92' lang='lat' dir='ltr'>re</span> <span class='ocrx_word' id='word_1_133' title='bbox 1085 2299 1251 2367; x_wconf 90' lang='lat' dir='ltr'>communi</span> <span class='ocrx_word' id='word_1_134' title='bbox 1274 2310 1286 2343; x_wconf 80' lang='lat'>⁸</span> <span class='ocrx_word' id='word_1_135' title='bbox 1309 2298 1456 2365; x_wconf 86' lang='lat' dir='ltr'>accidere</span> <span class='ocrx_word' id='word_1_136' title='bbox 1478 2298 1531 2365; x_wconf 79' lang='lat' dir='ltr'>vi·</span> 
     </span>
     <span class='ocr_line' id='line_1_17' title="bbox 357 2409 1531 2491; baseline -0.001 -14"><span class='ocrx_word' id='word_1_137' title='bbox 357 2410 483 2477; x_wconf 79' lang='lat' dir='ltr'>demus.</span> <span class='ocrx_word' id='word_1_138' title='bbox 530 2411 604 2478; x_wconf 92' lang='lat' dir='ltr'>Hoc</span> <span class='ocrx_word' id='word_1_139' title='bbox 623 2426 730 2479; x_wconf 89' lang='lat' dir='ltr'>tamen</span> <span class='ocrx_word' id='word_1_140' title='bbox 752 2412 792 2477; x_wconf 83' lang='lat' dir='ltr'>ab</span> <span class='ocrx_word' id='word_1_141' title='bbox 816 2412 1032 2479; x_wconf 85' lang='lat' dir='ltr'>auxiliaribus</span> <span class='ocrx_word' id='word_1_142' title='bbox 1054 2411 1178 2479; x_wconf 90' lang='lat' dir='ltr'>subditi</span> <span class='ocrx_word' id='word_1_143' title='bbox 1202 2409 1361 2478; x_wconf 85' lang='lat' dir='ltr'>differunt</span> <span class='ocrx_word' id='word_1_144' title='bbox 1379 2409 1415 2490; x_wconf 87' lang='lat'>⁷,</span> <span class='ocrx_word' id='word_1_145' title='bbox 1439 2410 1531 2491; x_wconf 90' lang='lat' dir='ltr'>quod</span> 
     </span>
     <span class='ocr_line' id='line_1_18' title="bbox 356 2520 1532 2606; baseline -0.001 -18"><span class='ocrx_word' id='word_1_146' title='bbox 356 2521 530 2589; x_wconf 88' lang='lat' dir='ltr'>auxiliares</span> <span class='ocrx_word' id='word_1_147' title='bbox 555 2521 640 2606; x_wconf 87' lang='lat' dir='ltr'>juri&#39;</span> <span class='ocrx_word' id='word_1_148' title='bbox 655 2542 740 2604; x_wconf 85' lang='lat' dir='ltr'>suo,</span> <span class='ocrx_word' id='word_1_149' title='bbox 769 2522 833 2591; x_wconf 87' lang='lat' dir='ltr'>uisi</span> <span class='ocrx_word' id='word_1_150' title='bbox 861 2521 1005 2605; x_wconf 89' lang='lat' dir='ltr'>propriis</span> <span class='ocrx_word' id='word_1_151' title='bbox 1026 2520 1255 2605; x_wconf 88' lang='lat' dir='ltr'>pactionibus,</span> <span class='ocrx_word' id='word_1_152' title='bbox 1286 2520 1441 2605; x_wconf 80' lang='lat' dir='ltr'>derogare</span> <span class='ocrx_word' id='word_1_153' title='bbox 1463 2540 1532 2587; x_wconf 87' lang='lat' dir='ltr'>non</span> 
     </span>
     <span class='ocr_line' id='line_1_19' title="bbox 355 2630 1531 2718; baseline -0.003 -17"><span class='ocrx_word' id='word_1_154' title='bbox 355 2647 518 2717; x_wconf 85' lang='lat' dir='ltr'>possunt,</span> <span class='ocrx_word' id='word_1_155' title='bbox 547 2634 603 2718; x_wconf 85' lang='lat' dir='ltr'>jus</span> <span class='ocrx_word' id='word_1_156' title='bbox 634 2647 741 2701; x_wconf 89' lang='lat' dir='ltr'>autem</span> <span class='ocrx_word' id='word_1_157' title='bbox 764 2633 971 2700; x_wconf 89' lang='lat' dir='ltr'>subditorum</span> <span class='ocrx_word' id='word_1_158' title='bbox 995 2632 1194 2715; x_wconf 88' lang='lat' dir='ltr'>reipublicae</span> <span class='ocrx_word' id='word_1_159' title='bbox 1214 2631 1343 2716; x_wconf 85' lang='lat' dir='ltr'>legibus</span> <span class='ocrx_word' id='word_1_160' title='bbox 1365 2630 1531 2697; x_wconf 86' lang='lat' dir='ltr'>immutari</span> 
     </span>
     <span class='ocr_line' id='line_1_20' title="bbox 355 2741 1532 2826; baseline -0.002 -17"><span class='ocrx_word' id='word_1_161' title='bbox 355 2746 441 2809; x_wconf 89' lang='lat' dir='ltr'>solet</span> <span class='ocrx_word' id='word_1_162' title='bbox 460 2746 496 2824; x_wconf 74' lang='lat'>⁸,</span> <span class='ocrx_word' id='word_1_163' title='bbox 526 2744 606 2826; x_wconf 86' lang='lat' dir='ltr'>quia</span> <span class='ocrx_word' id='word_1_164' title='bbox 634 2745 733 2810; x_wconf 89' lang='lat' dir='ltr'>semel</span> <span class='ocrx_word' id='word_1_165' title='bbox 766 2764 831 2811; x_wconf 88' lang='lat' dir='ltr'>usu</span> <span class='ocrx_word' id='word_1_166' title='bbox 851 2744 1010 2811; x_wconf 87' lang='lat' dir='ltr'>suadente</span> <span class='ocrx_word' id='word_1_167' title='bbox 1028 2742 1074 2808; x_wconf 85' lang='lat' dir='ltr'>itt</span> <span class='ocrx_word' id='word_1_168' title='bbox 1095 2741 1271 2823; x_wconf 85' lang='lat' dir='ltr'>convenit,</span> <span class='ocrx_word' id='word_1_169' title='bbox 1302 2756 1343 2807; x_wconf 89' lang='lat' dir='ltr'>ut</span> <span class='ocrx_word' id='word_1_170' title='bbox 1364 2741 1532 2809; x_wconf 88' lang='lat' dir='ltr'>communi</span> 
     </span>
     <span class='ocr_line' id='line_1_21' title="bbox 356 2852 1532 2938; baseline -0.003 -17"><span class='ocrx_word' id='word_1_171' title='bbox 356 2854 492 2921; x_wconf 86' lang='lat' dir='ltr'>utilitati</span> <span class='ocrx_word' id='word_1_172' title='bbox 513 2855 641 2938; x_wconf 85' lang='lat' dir='ltr'>privata</span> <span class='ocrx_word' id='word_1_173' title='bbox 660 2856 930 2938; x_wconf 84' lang='lat' dir='ltr'>posthaberetur:</span> <span class='ocrx_word' id='word_1_174' title='bbox 955 2868 1053 2937; x_wconf 85' lang='lat' dir='ltr'>atque</span> <span class='ocrx_word' id='word_1_175' title='bbox 1074 2853 1121 2920; x_wconf 89' lang='lat' dir='ltr'>ita</span> <span class='ocrx_word' id='word_1_176' title='bbox 1143 2872 1238 2936; x_wconf 89' lang='lat' dir='ltr'>saepe</span> <span class='ocrx_word' id='word_1_177' title='bbox 1261 2852 1382 2919; x_wconf 81' lang='lat' dir='ltr'>accidit</span> <span class='ocrx_word' id='word_1_178' title='bbox 1404 2867 1532 2920; x_wconf 83' lang='lat' dir='ltr'>utare·</span> 
     </span>
     <span class='ocr_line' id='line_1_22' title="bbox 355 2962 1534 3049; baseline -0.005 -16"><span class='ocrx_word' id='word_1_179' title='bbox 355 2965 489 3049; x_wconf 88' lang='lat' dir='ltr'>publica</span> <span class='ocrx_word' id='word_1_180' title='bbox 508 2964 634 3032; x_wconf 90' lang='lat' dir='ltr'>subditi</span> <span class='ocrx_word' id='word_1_181' title='bbox 654 2966 771 3034; x_wconf 87' lang='lat' dir='ltr'>damna</span> <span class='ocrx_word' id='word_1_182' title='bbox 790 2966 877 3038; x_wconf 89' lang='lat' dir='ltr'>bello</span> <span class='ocrx_word' id='word_1_183' title='bbox 901 2978 1032 3047; x_wconf 88' lang='lat' dir='ltr'>accepta</span> <span class='ocrx_word' id='word_1_184' title='bbox 1051 2984 1118 3030; x_wconf 90' lang='lat' dir='ltr'>uon</span> <span class='ocrx_word' id='word_1_185' title='bbox 1140 2977 1341 3047; x_wconf 86' lang='lat' dir='ltr'>recuperent.</span> <span class='ocrx_word' id='word_1_186' title='bbox 1373 2962 1534 3045; x_wconf 84' lang='lat' dir='ltr'>Exempla</span> 
     </span>
     <span class='ocr_line' id='line_1_23' title="bbox 356 3071 1533 3160; baseline -0.001 -18"><span class='ocrx_word' id='word_1_187' title='bbox 356 3096 523 3143; x_wconf 88' lang='lat' dir='ltr'>sumamus</span> <span class='ocrx_word' id='word_1_188' title='bbox 546 3097 587 3141; x_wconf 89' lang='lat' dir='ltr'>ex</span> <span class='ocrx_word' id='word_1_189' title='bbox 616 3076 767 3141; x_wconf 83' lang='lat' dir='ltr'>Romano</span> <span class='ocrx_word' id='word_1_190' title='bbox 794 3078 870 3160; x_wconf 86' lang='lat' dir='ltr'>jure</span> <span class='ocrx_word' id='word_1_191' title='bbox 890 3071 915 3142; x_wconf 77' lang='lat'>⁹.</span> <span class='ocrx_word' id='word_1_192' title='bbox 964 3076 1109 3141; x_wconf 90' lang='lat' dir='ltr'>Primum</span> <span class='ocrx_word' id='word_1_193' title='bbox 1133 3095 1207 3141; x_wconf 89' lang='lat' dir='ltr'>cunr</span> <span class='ocrx_word' id='word_1_194' title='bbox 1237 3074 1415 3157; x_wconf 84' lang='lat' dir='ltr'>placuisset</span> <span class='ocrx_word' id='word_1_195' title='bbox 1443 3075 1533 3141; x_wconf 86' lang='lat' dir='ltr'>bello</span> 
     </span>
     <span class='ocr_line' id='line_1_24' title="bbox 354 3184 1532 3270; baseline -0.003 -17"><span class='ocrx_word' id='word_1_196' title='bbox 354 3200 450 3269; x_wconf 87' lang='lat' dir='ltr'>capta</span> <span class='ocrx_word' id='word_1_197' title='bbox 471 3186 638 3269; x_wconf 86' lang='lat' dir='ltr'>utrimque</span> <span class='ocrx_word' id='word_1_198' title='bbox 658 3186 864 3270; x_wconf 83' lang='lat' dir='ltr'>capientibus</span> <span class='ocrx_word' id='word_1_199' title='bbox 884 3186 1023 3266; x_wconf 88' lang='lat' dir='ltr'>cedere,</span> <span class='ocrx_word' id='word_1_200' title='bbox 1046 3206 1112 3251; x_wconf 87' lang='lat' dir='ltr'>rem</span> <span class='ocrx_word' id='word_1_201' title='bbox 1134 3186 1218 3253; x_wconf 84' lang='lat' dir='ltr'>civis</span> <span class='ocrx_word' id='word_1_202' title='bbox 1234 3186 1374 3253; x_wconf 83' lang='lat' dir='ltr'>Romani</span> <span class='ocrx_word' id='word_1_203' title='bbox 1384 3186 1427 3253; x_wconf 82' lang='lat' dir='ltr'>ab</span> <span class='ocrx_word' id='word_1_204' title='bbox 1435 3184 1532 3253; x_wconf 81' lang='lat' dir='ltr'>hoste</span> 
     </span>
     <span class='ocr_line' id='line_1_25' title="bbox 357 3294 1533 3381; baseline -0.001 -20"><span class='ocrx_word' id='word_1_205' title='bbox 357 3310 547 3378; x_wconf 85' lang='lat' dir='ltr'>occupatam</span> <span class='ocrx_word' id='word_1_206' title='bbox 570 3298 740 3364; x_wconf 86' lang='lat' dir='ltr'>constabat</span> <span class='ocrx_word' id='word_1_207' title='bbox 761 3298 906 3381; x_wconf 83' lang='lat' dir='ltr'>ejnsdem</span> <span class='ocrx_word' id='word_1_208' title='bbox 928 3296 1035 3363; x_wconf 93' lang='lat' dir='ltr'>hostis</span> <span class='ocrx_word' id='word_1_209' title='bbox 1047 3296 1167 3365; x_wconf 84' lang='lat' dir='ltr'>iactam</span> <span class='ocrx_word' id='word_1_210' title='bbox 1191 3316 1279 3365; x_wconf 89' lang='lat' dir='ltr'>esse:</span> <span class='ocrx_word' id='word_1_211' title='bbox 1303 3294 1460 3379; x_wconf 86' lang='lat' dir='ltr'>aquosi</span> <span class='ocrx_word' id='word_1_212' title='bbox 1482 3314 1533 3361; x_wconf 86' lang='lat' dir='ltr'>re·</span> 
     </span>
     <span class='ocr_line' id='line_1_26' title="bbox 357 3405 1533 3492; baseline 0 -21"><span class='ocrx_word' id='word_1_213' title='bbox 357 3405 518 3489; x_wconf 84' lang='lat' dir='ltr'>ciperetur</span> <span class='ocrx_word' id='word_1_214' title='bbox 545 3407 617 3490; x_wconf 92' lang='lat' dir='ltr'>ipso</span> <span class='ocrx_word' id='word_1_215' title='bbox 643 3410 717 3492; x_wconf 89' lang='lat' dir='ltr'>jure</span> <span class='ocrx_word' id='word_1_216' title='bbox 746 3426 816 3474; x_wconf 89' lang='lat' dir='ltr'>non</span> <span class='ocrx_word' id='word_1_217' title='bbox 846 3408 887 3473; x_wconf 90' lang='lat' dir='ltr'>ad</span> <span class='ocrx_word' id='word_1_218' title='bbox 918 3408 1025 3473; x_wconf 89' lang='lat' dir='ltr'>civem</span> <span class='ocrx_word' id='word_1_219' title='bbox 1059 3408 1202 3486; x_wconf 87' lang='lat' dir='ltr'>redibat,</span> <span class='ocrx_word' id='word_1_220' title='bbox 1237 3407 1295 3475; x_wconf 89' lang='lat' dir='ltr'>sed</span> <span class='ocrx_word' id='word_1_221' title='bbox 1324 3408 1368 3474; x_wconf 87' lang='lat' dir='ltr'>ad</span> <span class='ocrx_word' id='word_1_222' title='bbox 1399 3424 1533 3488; x_wconf 87' lang='lat' dir='ltr'>rempu-</span> 
     </span>
     <span class='ocr_line' id='line_1_27' title="bbox 355 3515 1532 3600; baseline -0.003 -17"><span class='ocrx_word' id='word_1_223' title='bbox 355 3516 495 3599; x_wconf 88' lang='lat' dir='ltr'>blicam,</span> <span class='ocrx_word' id='word_1_224' title='bbox 519 3518 599 3600; x_wconf 90' lang='lat' dir='ltr'>quia</span> <span class='ocrx_word' id='word_1_225' title='bbox 617 3536 669 3583; x_wconf 91' lang='lat' dir='ltr'>res</span> <span class='ocrx_word' id='word_1_226' title='bbox 690 3517 815 3584; x_wconf 90' lang='lat' dir='ltr'>scilicet</span> <span class='ocrx_word' id='word_1_227' title='bbox 837 3519 871 3583; x_wconf 94' lang='lat' dir='ltr'>in</span> <span class='ocrx_word' id='word_1_228' title='bbox 894 3518 991 3585; x_wconf 89' lang='lat' dir='ltr'>bonis</span> <span class='ocrx_word' id='word_1_229' title='bbox 1011 3519 1101 3585; x_wconf 85' lang='lat' dir='ltr'>iilius</span> <span class='ocrx_word' id='word_1_230' title='bbox 1124 3518 1353 3586; x_wconf 80' lang='lat' dir='ltr'>inveniebatur</span> <span class='ocrx_word' id='word_1_231' title='bbox 1384 3516 1443 3599; x_wconf 88' lang='lat' dir='ltr'>qui</span> <span class='ocrx_word' id='word_1_232' title='bbox 1463 3515 1532 3581; x_wconf 86' lang='lat' dir='ltr'>rei·</span> 
     </span>
     <span class='ocr_line' id='line_1_28' title="bbox 356 3628 1532 3713; baseline 0 -20"><span class='ocrx_word' id='word_1_233' title='bbox 356 3628 507 3711; x_wconf 88' lang='lat' dir='ltr'>publicae</span> <span class='ocrx_word' id='word_1_234' title='bbox 536 3628 686 3695; x_wconf 89' lang='lat' dir='ltr'>debebat.</span> <span class='ocrx_word' id='word_1_235' title='bbox 730 3628 916 3700; x_wconf 79' lang='lat' dir='ltr'>‚Videbatur</span> <span class='ocrx_word' id='word_1_236' title='bbox 946 3628 1048 3713; x_wconf 86' lang='lat' dir='ltr'>igitur</span> <span class='ocrx_word' id='word_1_237' title='bbox 1081 3631 1228 3713; x_wconf 91' lang='lat' dir='ltr'>populus</span> <span class='ocrx_word' id='word_1_238' title='bbox 1260 3629 1431 3695; x_wconf 83' lang='lat' dir='ltr'>Romanus</span> <span class='ocrx_word' id='word_1_239' title='bbox 1451 3646 1532 3709; x_wconf 88' lang='lat' dir='ltr'>spo-</span> 
     </span>
    </p>
   </div>
   <div class='ocr_carea' id='block_1_3' title="bbox 392 3847 1532 3915">
    <p class='ocr_par' dir='ltr' id='par_1_3' title="bbox 392 3847 1532 3915">
     <span class='ocr_line' id='line_1_29' title="bbox 392 3847 1532 3915; baseline 0 -18"><span class='ocrx_word' id='word_1_240' title='bbox 392 3850 401 3884; x_wconf 87' lang='lat'>¹</span> <span class='ocrx_word' id='word_1_241' title='bbox 419 3849 497 3900; x_wconf 86' lang='lat' dir='ltr'>Dion.</span> <span class='ocrx_word' id='word_1_242' title='bbox 513 3850 595 3901; x_wconf 76' lang='lat' dir='ltr'>Halia.</span> <span class='ocrx_word' id='word_1_243' title='bbox 611 3852 629 3899; x_wconf 90' lang='lat'>1.</span> <span class='ocrx_word' id='word_1_244' title='bbox 646 3852 671 3899; x_wconf 86' lang='lat'>6.</span> <span class='ocrx_word' id='word_1_245' title='bbox 690 3850 729 3915; x_wconf 78' lang='lat' dir='ltr'>[p.</span> <span class='ocrx_word' id='word_1_246' title='bbox 745 3862 803 3913; x_wconf 84' lang='lat'><strong>41⁵·</strong></span> <span class='ocrx_word' id='word_1_247' title='bbox 820 3864 859 3900; x_wconf 83' lang='lat' dir='ltr'>vs.</span> <span class='ocrx_word' id='word_1_248' title='bbox 882 3849 932 3913; x_wconf 69' lang='lat' dir='ltr'>ru]</span> <span class='ocrx_word' id='word_1_249' title='bbox 969 3848 1030 3901; x_wconf 74' lang='lat' dir='ltr'>’de</span> <span class='ocrx_word' id='word_1_250' title='bbox 1047 3852 1200 3901; x_wconf 81' lang='lat' dir='ltr'>Abrthtmo.</span> <span class='ocrx_word' id='word_1_251' title='bbox 1218 3852 1235 3899; x_wconf 91' lang='lat' dir='ltr'>l.</span> <span class='ocrx_word' id='word_1_252' title='bbox 1256 3864 1275 3898; x_wconf 93' lang='grc'>1.</span> <span class='ocrx_word' id='word_1_253' title='bbox 1294 3862 1318 3899; x_wconf 83' lang='lat' dir='ltr'>c.</span> <span class='ocrx_word' id='word_1_254' title='bbox 1336 3847 1532 3907; x_wconf 58' lang='lat' dir='ltr'>scitaturinc.</span> 
     </span>
    </p>
   </div>
   <div class='ocr_carea' id='block_1_4' title="bbox 246 3938 1533 4005">
    <p class='ocr_par' dir='ltr' id='par_1_4' title="bbox 246 3938 1533 4005">
     <span class='ocr_line' id='line_1_30' title="bbox 246 3938 1533 4005; baseline -0.003 -14"><span class='ocrx_word' id='word_1_255' title='bbox 246 3979 247 3982; x_wconf 66' lang='lat'>,</span> <span class='ocrx_word' id='word_1_256' title='bbox 358 3941 426 3991; x_wconf 83' lang='lat' dir='ltr'>dicat</span> <span class='ocrx_word' id='word_1_257' title='bbox 449 3940 550 4002; x_wconf 78' lang='lat' dir='ltr'>uliquis.</span> <span class='ocrx_word' id='word_1_258' title='bbox 575 3938 666 4005; x_wconf 82' lang='lat' dir='ltr'>[Dect.</span> <span class='ocrx_word' id='word_1_259' title='bbox 691 3943 760 3989; x_wconf 76' lang='lat' dir='ltr'>Grat.</span> <span class='ocrx_word' id='word_1_260' title='bbox 784 3956 810 4002; x_wconf 87' lang='lat' dir='ltr'>p.</span> <span class='ocrx_word' id='word_1_261' title='bbox 833 3954 858 3989; x_wconf 78' lang='lat' dir='ltr'>n.</span> <span class='ocrx_word' id='word_1_262' title='bbox 879 3954 919 3999; x_wconf 69' lang='lat' dir='ltr'>aa.</span> <span class='ocrx_word' id='word_1_263' title='bbox 938 3954 961 3998; x_wconf 82' lang='lat'>5.</span> <span class='ocrx_word' id='word_1_264' title='bbox 979 3939 1032 4005; x_wconf 70' lang='lat'>2⁵0]</span> <span class='ocrx_word' id='word_1_265' title='bbox 1070 3938 1533 4003; x_wconf 72' lang='lat' dir='ltr'>⁸Gen.14.infiae.Macc.a.ll.</span> 
     </span>
    </p>
   </div>
   <div class='ocr_carea' id='block_1_5' title="bbox 356 4029 1533 4547">
    <p class='ocr_par' dir='ltr' id='par_1_5' title="bbox 356 4029 1533 4547">
     <span class='ocr_line' id='line_1_31' title="bbox 357 4029 1533 4093; baseline -0.004 -11"><span class='ocrx_word' id='word_1_266' title='bbox 357 4046 396 4083; x_wconf 79' lang='lat' dir='ltr'>vt.</span> <span class='ocrx_word' id='word_1_267' title='bbox 414 4034 454 4081; x_wconf 78' lang='lat'>28.</span> <span class='ocrx_word' id='word_1_268' title='bbox 470 4044 496 4080; x_wconf 89' lang='lat' dir='ltr'>et</span> <span class='ocrx_word' id='word_1_269' title='bbox 514 4044 554 4090; x_wconf 77' lang='lat'>³0·</span> <span class='ocrx_word' id='word_1_270' title='bbox 571 4033 645 4081; x_wconf 84' lang='lat' dir='ltr'>Adde</span> <span class='ocrx_word' id='word_1_271' title='bbox 662 4034 736 4093; x_wconf 77' lang='lat' dir='ltr'>alleg.</span> <span class='ocrx_word' id='word_1_272' title='bbox 753 4045 829 4091; x_wconf 72' lang='lat' dir='ltr'>supra</span> <span class='ocrx_word' id='word_1_273' title='bbox 846 4033 879 4081; x_wconf 83' lang='lat' dir='ltr'>ad</span> <span class='ocrx_word' id='word_1_274' title='bbox 894 4044 959 4093; x_wconf 84' lang='lat' dir='ltr'>part.</span> <span class='ocrx_word' id='word_1_275' title='bbox 979 4046 1001 4081; x_wconf 88' lang='lat'>1.</span> <span class='ocrx_word' id='word_1_276' title='bbox 1019 4044 1065 4081; x_wconf 86' lang='lat' dir='ltr'>art.</span> <span class='ocrx_word' id='word_1_277' title='bbox 1083 4046 1106 4081; x_wconf 83' lang='lat' dir='ltr'>a.</span> <span class='ocrx_word' id='word_1_278' title='bbox 1124 4034 1149 4080; x_wconf 86' lang='lat' dir='ltr'>lt.</span> <span class='ocrx_word' id='word_1_279' title='bbox 1167 4046 1190 4083; x_wconf 88' lang='lat' dir='ltr'>e.</span> <span class='ocrx_word' id='word_1_280' title='bbox 1224 4029 1533 4080; x_wconf 72' lang='lat' dir='ltr'>⁴lnnoe.ine·sictu.de</span> 
     </span>
     <span class='ocr_line' id='line_1_32' title="bbox 356 4120 1532 4183; baseline -0.004 -11"><span class='ocrx_word' id='word_1_281' title='bbox 356 4121 463 4181; x_wconf 77' lang='lat' dir='ltr'>jurejur.</span> <span class='ocrx_word' id='word_1_282' title='bbox 479 4137 505 4171; x_wconf 90' lang='lat' dir='ltr'>n.</span> <span class='ocrx_word' id='word_1_283' title='bbox 521 4135 546 4183; x_wconf 74' lang='lat'><em>4</em></span> <span class='ocrx_word' id='word_1_284' title='bbox 564 4134 589 4170; x_wconf 88' lang='lat' dir='ltr'>et</span> <span class='ocrx_word' id='word_1_285' title='bbox 607 4122 666 4169; x_wconf 85' lang='lat' dir='ltr'>Pan.</span> <span class='ocrx_word' id='word_1_286' title='bbox 683 4121 720 4170; x_wconf 91' lang='lat' dir='ltr'>ibi</span> <span class='ocrx_word' id='word_1_287' title='bbox 736 4134 762 4170; x_wconf 84' lang='lat' dir='ltr'>n.</span> <span class='ocrx_word' id='word_1_288' title='bbox 782 4133 821 4178; x_wconf 82' lang='lat'>17.</span> <span class='ocrx_word' id='word_1_289' title='bbox 843 4123 922 4170; x_wconf 84' lang='lat' dir='ltr'>Mart.</span> <span class='ocrx_word' id='word_1_290' title='bbox 939 4123 1017 4171; x_wconf 83' lang='lat' dir='ltr'>Laud.</span> <span class='ocrx_word' id='word_1_291' title='bbox 1035 4124 1067 4171; x_wconf 85' lang='lat' dir='ltr'>de</span> <span class='ocrx_word' id='word_1_292' title='bbox 1084 4122 1156 4171; x_wconf 84' lang='lat' dir='ltr'>bello</span> <span class='ocrx_word' id='word_1_293' title='bbox 1173 4135 1198 4183; x_wconf 86' lang='lat' dir='ltr'>q.</span> <span class='ocrx_word' id='word_1_294' title='bbox 1216 4122 1240 4171; x_wconf 83' lang='lat'>6.</span> <span class='ocrx_word' id='word_1_295' title='bbox 1258 4132 1283 4171; x_wconf 82' lang='lat' dir='ltr'>et</span> <span class='ocrx_word' id='word_1_296' title='bbox 1300 4135 1326 4181; x_wconf 92' lang='lat' dir='ltr'>q.</span> <span class='ocrx_word' id='word_1_297' title='bbox 1343 4134 1385 4182; x_wconf 68' lang='lat' dir='ltr'>ra.</span> <span class='ocrx_word' id='word_1_298' title='bbox 1403 4121 1482 4180; x_wconf 71' lang='lat' dir='ltr'>Arata</span> <span class='ocrx_word' id='word_1_299' title='bbox 1499 4120 1532 4169; x_wconf 83' lang='lat' dir='ltr'>de</span> 
     </span>
     <span class='ocr_line' id='line_1_33' title="bbox 357 4210 1532 4274; baseline -0.004 -11"><span class='ocrx_word' id='word_1_300' title='bbox 357 4212 413 4271; x_wconf 83' lang='lat' dir='ltr'>jure</span> <span class='ocrx_word' id='word_1_301' title='bbox 430 4213 493 4261; x_wconf 85' lang='lat' dir='ltr'>belli</span> <span class='ocrx_word' id='word_1_302' title='bbox 510 4214 527 4260; x_wconf 87' lang='grc'>1.</span> <span class='ocrx_word' id='word_1_303' title='bbox 547 4226 568 4260; x_wconf 92' lang='grc'>1.</span> <span class='ocrx_word' id='word_1_304' title='bbox 586 4226 609 4260; x_wconf 90' lang='lat' dir='ltr'>c.</span> <span class='ocrx_word' id='word_1_305' title='bbox 628 4225 653 4260; x_wconf 83' lang='lat' dir='ltr'>a.</span> <span class='ocrx_word' id='word_1_306' title='bbox 675 4225 702 4260; x_wconf 89' lang='lat' dir='ltr'>n.</span> <span class='ocrx_word' id='word_1_307' title='bbox 721 4214 760 4269; x_wconf 77' lang='lat'>38.</span> <span class='ocrx_word' id='word_1_308' title='bbox 778 4224 804 4260; x_wconf 87' lang='lat' dir='ltr'>et</span> <span class='ocrx_word' id='word_1_309' title='bbox 819 4226 861 4273; x_wconf 85' lang='lat'>40.</span> <span class='ocrx_word' id='word_1_310' title='bbox 880 4226 937 4261; x_wconf 87' lang='lat' dir='ltr'>curu</span> <span class='ocrx_word' id='word_1_311' title='bbox 955 4215 1029 4274; x_wconf 74' lang='lat' dir='ltr'>alleg.</span> <span class='ocrx_word' id='word_1_312' title='bbox 1062 4211 1167 4272; x_wconf 78' lang='lat' dir='ltr'>‘Vasq</span> <span class='ocrx_word' id='word_1_313' title='bbox 1185 4224 1267 4263; x_wconf 86' lang='lat' dir='ltr'>contr.</span> <span class='ocrx_word' id='word_1_314' title='bbox 1286 4212 1325 4261; x_wconf 89' lang='lat' dir='ltr'>ill.</span> <span class='ocrx_word' id='word_1_315' title='bbox 1343 4213 1361 4259; x_wconf 86' lang='lat' dir='ltr'>l.</span> <span class='ocrx_word' id='word_1_316' title='bbox 1382 4224 1404 4260; x_wconf 90' lang='grc'>1.</span> <span class='ocrx_word' id='word_1_317' title='bbox 1422 4223 1446 4258; x_wconf 88' lang='lat' dir='ltr'>c.</span> <span class='ocrx_word' id='word_1_318' title='bbox 1463 4210 1490 4259; x_wconf 86' lang='grc' dir='ltr'>ό.</span> <span class='ocrx_word' id='word_1_319' title='bbox 1506 4220 1532 4259; x_wconf 82' lang='lat' dir='ltr'>et</span> 
     </span>
     <span class='ocr_line' id='line_1_34' title="bbox 358 4299 1533 4365; baseline -0.003 -12"><span class='ocrx_word' id='word_1_320' title='bbox 358 4316 441 4354; x_wconf 88' lang='lat' dir='ltr'>contr.</span> <span class='ocrx_word' id='word_1_321' title='bbox 456 4316 553 4365; x_wconf 84' lang='lat' dir='ltr'>poster.</span> <span class='ocrx_word' id='word_1_322' title='bbox 571 4316 595 4352; x_wconf 84' lang='lat' dir='ltr'>c.</span> <span class='ocrx_word' id='word_1_323' title='bbox 611 4316 636 4364; x_wconf 85' lang='lat'>4.</span> <span class='ocrx_word' id='word_1_324' title='bbox 651 4316 678 4351; x_wconf 87' lang='lat' dir='ltr'>n.</span> <span class='ocrx_word' id='word_1_325' title='bbox 695 4304 719 4351; x_wconf 86' lang='lat'>8.</span> <span class='ocrx_word' id='word_1_326' title='bbox 753 4300 798 4349; x_wconf 80' lang='lat'>⁸1.</span> <span class='ocrx_word' id='word_1_327' title='bbox 814 4315 863 4362; x_wconf 88' lang='lat' dir='ltr'>pro</span> <span class='ocrx_word' id='word_1_328' title='bbox 881 4302 955 4352; x_wconf 83' lang='lat' dir='ltr'>socio</span> <span class='ocrx_word' id='word_1_329' title='bbox 973 4303 1076 4353; x_wconf 79' lang='lat' dir='ltr'>arbiter.</span> <span class='ocrx_word' id='word_1_330' title='bbox 1094 4306 1116 4361; x_wconf 66' lang='lat'>5.</span> <span class='ocrx_word' id='word_1_331' title='bbox 1138 4317 1160 4353; x_wconf 85' lang='lat'>1.</span> <span class='ocrx_word' id='word_1_332' title='bbox 1177 4304 1203 4353; x_wconf 80' lang='lat' dir='ltr'>n.</span> <span class='ocrx_word' id='word_1_333' title='bbox 1220 4316 1267 4364; x_wconf 90' lang='lat' dir='ltr'>pro</span> <span class='ocrx_word' id='word_1_334' title='bbox 1285 4302 1366 4353; x_wconf 73' lang='lat' dir='ltr'>torio.</span> <span class='ocrx_word' id='word_1_335' title='bbox 1386 4299 1430 4365; x_wconf 87' lang='lat' dir='ltr'>[D.</span> <span class='ocrx_word' id='word_1_336' title='bbox 1451 4312 1490 4359; x_wconf 75' lang='lat'>17.</span> <span class='ocrx_word' id='word_1_337' title='bbox 1508 4314 1533 4349; x_wconf 83' lang='lat' dir='ltr'>a.</span> 
     </span>
     <span class='ocr_line' id='line_1_35' title="bbox 360 4388 1533 4457; baseline -0.004 -13"><span class='ocrx_word' id='word_1_338' title='bbox 360 4396 413 4457; x_wconf 63' lang='lat' dir='ltr'>au]</span> <span class='ocrx_word' id='word_1_339' title='bbox 448 4392 458 4431; x_wconf 78' lang='lat'>²</span> <span class='ocrx_word' id='word_1_340' title='bbox 482 4395 544 4443; x_wconf 85' lang='lat' dir='ltr'>silv.</span> <span class='ocrx_word' id='word_1_341' title='bbox 570 4393 597 4443; x_wconf 84' lang='lat' dir='ltr'>in</span> <span class='ocrx_word' id='word_1_342' title='bbox 622 4409 650 4443; x_wconf 91' lang='lat' dir='ltr'>v.</span> <span class='ocrx_word' id='word_1_343' title='bbox 673 4395 771 4443; x_wconf 82' lang='lat' dir='ltr'>Bellum</span> <span class='ocrx_word' id='word_1_344' title='bbox 800 4406 821 4442; x_wconf 94' lang='grc'>1.</span> <span class='ocrx_word' id='word_1_345' title='bbox 846 4394 868 4456; x_wconf 59' lang='grc' dir='ltr'><strong>ς</strong></span> <span class='ocrx_word' id='word_1_346' title='bbox 891 4394 1331 4456; x_wconf 70' lang='lat' dir='ltr'>7.conel.6.etsmplins§.1s.</span> <span class='ocrx_word' id='word_1_347' title='bbox 1364 4388 1426 4441; x_wconf 80' lang='lat' dir='ltr'>⁸V.</span> <span class='ocrx_word' id='word_1_348' title='bbox 1443 4392 1476 4441; x_wconf 76' lang='lat' dir='ltr'>ad</span> <span class='ocrx_word' id='word_1_349' title='bbox 1492 4403 1533 4439; x_wconf 82' lang='lat' dir='ltr'>re-</span> 
     </span>
     <span class='ocr_line' id='line_1_36' title="bbox 359 4484 806 4547; baseline -0.009 -12"><span class='ocrx_word' id='word_1_350' title='bbox 359 4488 442 4547; x_wconf 70' lang='lat' dir='ltr'>gulam</span> <span class='ocrx_word' id='word_1_351' title='bbox 460 4498 484 4543; x_wconf 76' lang='lat'>5.</span> <span class='ocrx_word' id='word_1_352' title='bbox 500 4499 525 4535; x_wconf 87' lang='lat' dir='ltr'>c.</span> <span class='ocrx_word' id='word_1_353' title='bbox 543 4499 567 4534; x_wconf 85' lang='lat'>2.</span> <span class='ocrx_word' id='word_1_354' title='bbox 600 4484 652 4534; x_wconf 70' lang='lat' dir='ltr'>⁸c.</span> <span class='ocrx_word' id='word_1_355' title='bbox 669 4486 693 4533; x_wconf 80' lang='grc'>8.</span> <span class='ocrx_word' id='word_1_356' title='bbox 711 4496 765 4535; x_wconf 84' lang='lat' dir='ltr'>cor.</span> <span class='ocrx_word' id='word_1_357' title='bbox 783 4496 806 4543; x_wconf 74' lang='lat'>³·</span> 
     </span>
    </p>
   </div>
   <div class='ocr_carea' id='block_1_6' title="bbox 0 0 1738 5434">
    <p class='ocr_par' dir='ltr' id='par_1_6' title="bbox 0 0 1738 5434">
     <span class='ocr_line' id='line_1_37' title="bbox 0 0 1738 5434; baseline 0 0"><span class='ocrx_word' id='word_1_358' title='bbox 0 0 1738 5434; x_wconf 95' lang='lat' dir='ltr'> </span> 
     </span>
    </p>
   </div>
  </div>
 </body>
</html>
