3450 5434
528 670 575 715 DE
598 671 692 737 JURE
719 668 901 717 annuunt.
927 671 1007 719 CAP.
1033 672 1068 719 X.
1327 674 1382 735 141

209 836 317 889 autem
338 822 472 889 nomine
491 824 677 907 respublica
690 824 905 910 intelligatur,
930 845 1015 906 quae
1027 824 1165 891 aliorum
1178 845 1276 909 opera
1286 826 1384 910 capit.

208 932 296 998 Nam
319 933 382 999 nisi
405 935 469 1001 hoc
493 934 684 1001 admittatur
706 935 789 1002 nihil
813 936 939 1019 acquiri
962 936 1161 1020 reipublicae
1185 938 1385 1020 possidendo

208 1059 319 1126 potest
338 1048 369 1125 ¹,
393 1065 467 1111 cum
490 1046 685 1113 universitas
712 1047 844 1113 adeam
867 1068 933 1113 rem
957 1068 1041 1131 opus
1064 1048 1181 1115 habeat
1204 1049 1386 1117 ministerio

207 1155 423 1240 singulorum.
469 1157 571 1244 Quod
602 1178 679 1242 ergo
711 1158 751 1223 de
782 1157 852 1224 filio
876 1174 908 1224 et
930 1179 1025 1226 servo
1048 1158 1090 1224 'in
1113 1160 1201 1225 bello
1231 1160 1384 1242 privato,

208 1266 293 1331 idem
319 1267 359 1332 de
386 1268 516 1334 civibus
546 1270 581 1335 in
606 1269 741 1352 publico
769 1270 927 1336 dicemus.
976 1270 1062 1336 Sunt
1089 1270 1173 1336 enim
1192 1289 1259 1337 non
1278 1271 1384 1337 minus

207 1376 333 1444 subditi
357 1393 389 1443 et
412 1379 567 1461 quiddam
590 1379 695 1463 ipsius
717 1380 915 1464 reipublicae
939 1401 1004 1463 qua
1034 1381 1113 1447 tales
1138 1384 1220 1448 'sunt
1240 1388 1264 1447 ¹.
1310 1381 1384 1447 Nec

208 1486 306 1553 refert
337 1489 429 1571 quod
459 1490 548 1556 cives
579 1490 673 1555 etiam
707 1491 841 1557 seorsim
875 1490 1070 1559 considerari
1104 1506 1299 1573 possunt.et
1320 1492 1384 1558 sibi

209 1599 401 1682 acquirere,
432 1621 507 1666 cum
539 1602 625 1667 actio
656 1602 734 1668 belli
757 1602 883 1684 publici
908 1622 925 1667 a
949 1602 1021 1668 cive
1045 1616 1207 1683 quatenus
1229 1601 1313 1669 civis
1336 1618 1385 1668 est

207 1710 447 1793 proficiscatur.
493 1711 539 1777 Et
560 1712 647 1778 sicut
668 1712 702 1777 in
726 1713 795 1778 lilio
818 1713 958 1779 habente
982 1726 1141 1777 castrense
1163 1712 1329 1795 peculium
1349 1713 1383 1793 ³,

209 1822 298 1887 etin
322 1841 418 1889 servo
439 1823 603 1889 communi
634 1839 692 1889 aut
713 1822 893 1889 fructuario
916 1838 972 1889 aut
996 1824 1080 1889 bona
1103 1822 1167 1889 lide
1190 1823 1384 1889 serviente*

208 1932 448 2017 distinguitur,
472 1933 517 1999 ita
546 1933 600 1999 hic
631 1935 748 2001 merito
780 1934 926 2001 dicemus
953 1932 988 1999 id
1013 1935 1105 2015 quod
1129 1954 1168 1999 ex
1185 1936 1279 2019 jussu
1300 1949 1333 2000 et
1348 1956 1383 2001 rc

207 2042 354 2109 civitatis
383 2064 442 2127 per
472 2043 561 2111 cives
594 2046 762 2127 quaeritur
793 2045 906 2127 quaeri
930 2044 1067 2111 civitati.
1114 2044 1149 2109 ln
1170 2044 1269 2111 sociis
1288 2045 1382 2111 etiam

208 2174 249 2219 ert
271 2155 422 2221 mandato
441 2155 689 2237 acquirentibus
709 2156 793 2222 nihil
815 2156 870 2221 hic
892 2154 1056 2221 diversum
1080 2170 1129 2221 cst
1151 2157 1191 2222 ab
1215 2156 1276 2239 iis,
1299 2177 1383 2239 quae

207 2265 249 2331 de
267 2265 397 2348 privato
416 2268 504 2333 bello
523 2266 675 2333 diximus.
719 2267 895 2333 Caeterum
916 2265 973 2348 qui
994 2267 1116 2333 dictum
1136 2266 1219 2332 illud
1238 2266 1277 2331 de
1296 2268 1382 2333 bello

207 2376 310 2459 captis
342 2376 387 2442 ita
418 2392 609 2461 exponunt,
642 2393 680 2443 ut
710 2378 863 2462 primario
895 2379 1040 2463 gentium
1072 2379 1145 2462 jure
1177 2377 1380 2462 singulorum

207 2488 437 2571 occupantium
466 2488 549 2554 fieri'
568 2488 693 2569 velint,
716 2510 783 2555 uno
815 2505 1005 2573 argumento
1038 2488 1246 2555 refelluntur.
1293 2488 1380 2554 lllud

207 2598 292 2664 enim
322 2600 377 2683 jus
405 2598 571 2683 gentium,
605 2600 695 2682 quod
723 2615 857 2665 naturae
885 2600 951 2666 dici
980 2615 1110 2684 potest,
1133 2602 1256 2667 nullam
1285 2601 1382 2667 habet

207 2730 334 2777 causam
364 2709 397 2775 in
428 2710 702 2792 acquisitionibus
731 2710 952 2795 distinguendi
983 2712 1068 2776 inter
1096 2731 1148 2777 res
1180 2710 1319 2776 mobiles
1348 2726 1380 2776 et

207 2822 407 2888 immobiles:
439 2823 525 2887 unde
554 2842 621 2904 quo
641 2823 737 2887 modo
757 2821 948 2905 margaritae
970 2821 1083 2887 eodem
1116 2820 1222 2886 insula
1249 2820 1381 2885 inmari

207 2948 279 3001 nata
300 2933 338 2998 fit
361 2932 551 3015 occupantis
571 2941 596 2999 ⁸.
642 2933 753 3017 Agros
784 2947 893 2998 autem
923 2952 963 2997 ex
986 2930 1138 3023 nostibus
1161 2946 1272 3014 captos
1294 2930 1382 2997 sicut

206 3061 238 3111 et
257 3044 404 3110 civitates
424 3043 574 3126 publicas
595 3042 664 3108 lieri
676 3058 709 3108 et
720 3062 786 3109 non
806 3043 1034 3126 occupantium
1057 3040 1279 3127 singulorum,
1292 3042 1379 3108 omni

205 3156 342 3222 historia
360 3169 393 3221 et
409 3158 495 3220 claro
514 3153 686 3237 Pomponii
705 3174 862 3237 responso
881 3153 893 3188 ⁸
914 3154 957 3219 ita
981 3152 1112 3219 evidens
1133 3166 1204 3235 est,
1230 3168 1266 3217 ut
1284 3172 1380 3219 nemo

206 3287 360 3349 umquam
391 3285 489 3332 ausus
519 3264 563 3330 sit
594 3264 733 3330 diffiteri.
779 3265 868 3330 Idem
898 3264 999 3349 igitur
1021 3262 1210 3329 incaeteris
1232 3264 1380 3329 obtinere

205 3379 325 3457 debet,
348 3376 412 3442 nisi
444 3391 607 3457 quatenus
627 3375 802 3458 posteriori
818 3376 891 3459 [ure
911 3378 922 3419 ²
943 3377 1022 3441 haec
1046 3374 1199 3440 distincta
1224 3390 1318 3453 sunt,
1342 3390 1389 3471 ut

206 3487 290 3553 infra
309 3486 556 3570 explicabimus.
603 3485 678 3550 Hoc
706 3500 813 3551 autem
835 3486 924 3567 quod
944 3486 1067 3553 ratione
1086 3485 1380 3552 demonstravimus
1434 3526 1435 3529 =

206 3704 396 3718 -c--n-

239 3833 284 3881 ll.
302 3835 346 3882 scd
369 3836 418 3880 hoc
440 3831 505 3889 jure.
530 3832 556 3879 ff.
580 3832 611 3880 tle
629 3844 684 3892 acq.
702 3845 771 3891 poss.
791 3832 834 3893 [D.
852 3844 893 3893 41.
909 3845 932 3880 a.
951 3832 986 3893 a.]
1022 3828 1073 3879 ὀ.
1092 3832 1116 3879 6.
1133 3830 1159 3880 111
1179 3828 1237 3879 fine.
1255 3832 1331 3880 Arist.
1348 3834 1379 3881 de

203 3938 257 3985 rep.
275 3926 293 3971 l.
313 3937 334 3971 1.
352 3936 375 3971 c.
400 3936 423 3969 a.
449 3921 487 3985 [p.
513 3934 585 3977 rasa.
612 3920 646 3984 t.]
682 3920 770 3970 ⁸lnst.
793 3935 840 3983 per
857 3935 918 3982 quas
937 3936 1004 3983 pers.
1022 3925 1043 3980 5.
1065 3936 1086 3970 1.
1105 3922 1138 3983 [1.
1157 3936 1180 3971 a.
1198 3922 1235 3985 9.]
1271 3920 1317 3968 ⁴1.
1335 3920 1379 3970 fin.

204 4017 234 4063 C.
250 4029 297 4076 per
314 4029 376 4076 quas
393 4029 460 4076 pers.
478 4015 553 4064 nobis
570 4028 626 4075 acq.
645 4014 690 4078 [G.
707 4028 731 4075 4
751 4014 805 4076 27.]
824 4017 841 4062 1.
859 4014 902 4074 qni
919 4012 1061 4062 bonafide.
1078 4013 1099 4074 §.
1118 4012 1162 4061 fin.
1180 4014 1206 4060 ff.
1222 4014 1318 4072 deacq.
1331 4026 1380 4061 rer.

203 4108 273 4155 dom.
292 4106 337 4167 [D.
360 4119 402 4166 4¹·
428 4120 450 4153 r.
476 4104 527 4167 ro]
553 4108 570 4152 1.
585 4106 755 4166 acquiruntur.
781 4118 812 4153 co
830 4104 870 4153 tir.
890 4106 935 4166 [D.
952 4118 993 4166 41.
1015 4118 1036 4152 1.
1057 4102 1106 4167 ro.]
1143 4102 1231 4151 Ι11111.
1250 4101 1378 4161 5111411111.

203 4196 377 4254 1151111111.
398 4198 429 4245 de
449 4210 497 4244 rer.
520 4195 573 4244 div.
594 4194 669 4257 [La.
691 4208 711 4243 1.
728 4198 752 4253 5.
773 4198 809 4242 18.
828 4206 853 4242 et
871 4198 893 4253 5.
912 4193 967 4257 am]
1002 4193 1046 4241 ⁶1.
1068 4194 1089 4242 si
1110 4192 1273 4253 captivus.§.
1292 4204 1312 4240 1.
1335 4191 1379 4256 [D.

201 4300 244 4348 49.
269 4297 307 4341 15.
324 4286 378 4348 ao]
414 4285 425 4322 ⁷
442 4288 473 4333 V.
495 4288 535 4333 Gl.
550 4286 576 4334 in
591 4288 607 4333 l.
626 4286 709 4334 divus.
727 4286 753 4333 fl.
772 4284 877 4342 dejure
896 4284 960 4334 fisci.
980 4282 1023 4347 [D.
1042 4298 1082 4346 49.
1103 4296 1141 4344 14.
1160 4282 1212 4345 su]
1231 4283 1298 4331 Bart.
1315 4283 1340 4331 ln
1361 4286 1379 4331 1.

201 4376 305 4437 siquid
329 4377 407 4427 bello.
421 4378 447 4424 11.
471 4379 504 4426 de
527 4386 594 4436 capt.
620 4376 664 4437 [D.
687 4388 728 4437 49.
753 4386 791 4430 15.
812 4375 868 4435 ab]
894 4376 969 4422 Alex.
990 4385 1015 4422 et
1038 4374 1088 4435 Jas.
1107 4374 1137 4421 ad
1155 4375 1172 4419 l.
1193 4384 1214 4420 1.
1232 4371 1257 4419 ff.
1277 4373 1308 4420 de
1326 4387 1379 4433 aeq.

201 4481 272 4527 poss.
297 4468 341 4529 [D.
363 4480 405 4529 41.
431 4466 466 4529 a]
494 4469 600 4514 Covarr.
625 4468 657 4515 ad
674 4478 726 4525 reg.
745 4477 888 4525 peccatum.
906 4480 933 4525 p.
953 4477 976 4512 a.
994 4466 1015 4521 5.
1036 4477 1073 4512 11.
1095 4462 1234 4526 [Decretal.
1251 4462 1276 4511 in
1297 4476 1380 4515 sexto.

203 4570 227 4613 ς.
248 4572 286 4605 ra.
304 4572 356 4620 reg.
374 4556 411 4620 4.]

1061 4660 1077 4687 Ι
