3450 5434
480 652 529 702 oc
550 654 645 723 June
670 652 857 703 rannone.
884 651 966 701 can.
990 655 1074 705 v111·
1323 640 1364 719 89

188 808 338 894 privatus
367 826 504 893 poenam
534 808 647 877 delicti
676 794 827 892 expetere
849 808 965 892 possit,
1011 810 1098 877 Cum
1119 808 1204 877 enim
1224 810 1363 879 doceant

189 920 339 1005 plerique
359 921 516 1005 puniendi
536 935 730 1005 potestatem
749 920 811 987 soli
830 920 1030 1003 reipublicae
1048 940 1251 1005 concessam,
1276 923 1363 991 unde

190 1047 224 1098 et
245 1032 378 1116 publica
394 1032 518 1117 iudicia
545 1033 723 1112 dicuntur,
745 1031 850 1099 videri
878 1046 989 1115 potest
1010 1032 1137 1117 privata
1157 1052 1272 1102 manus
1294 1054 1363 1101 om·

189 1141 271 1209 nino
293 1144 434 1211 excludi.
479 1144 545 1210 Sed
564 1145 629 1211 hoc
650 1143 856 1210 commodius
878 1143 1024 1227 expediri
1047 1162 1113 1211 non
1134 1158 1242 1227 potest
1265 1163 1363 1227 quam

190 1252 220 1319 si
245 1254 437 1336 videamus,
457 1256 541 1338 quid
559 1255 691 1322 licuerit
711 1254 892 1336 unicuique
916 1268 990 1321 ante
1012 1254 1212 1339 respublicas
1235 1254 1364 1322 ordina·

189 1379 254 1431 tas.
310 1367 490 1449 Imperator
516 1382 594 1433 sane
628 1364 841 1434 Theodosius
871 1366 905 1432 in
936 1386 973 1432 ea
1001 1366 1097 1450 iege,
1130 1368 1225 1451 cujus
1255 1366 1364 1433 verbis

191 1477 293 1559 paulo
315 1490 409 1544 antea
430 1477 602 1543 utebamur
623 1483 657 1558 ¹,
681 1495 755 1542 cum
781 1476 981 1562 judiciorum
1005 1478 1150 1544 ordinem
1171 1476 1293 1544 idcirco
1314 1476 1364 1543 in·

193 1579 346 1653 stitutum
380 1583 484 1668 dicit,
516 1604 558 1654 ne
584 1586 650 1655 sibi
678 1587 821 1669 quisque
855 1587 1014 1653 ultionem
1046 1586 1267 1670 permitteret,
1300 1588 1365 1654 hoc

192 1698 313 1765 sentire
342 1698 498 1780 videtur,
529 1698 721 1782 priusquam
748 1696 804 1763 ille
821 1698 906 1765 ordo
925 1696 1096 1765 institutus
1117 1698 1206 1779 fuit,
1229 1698 1366 1781 permis·

191 1827 260 1875 sam
289 1809 429 1894 singulis
456 1809 636 1877 vindictam
668 1808 782 1877 fuisse.
835 1809 903 1875 Sed
932 1809 997 1875 hoc
1026 1806 1256 1890 immutatum,
1287 1810 1366 1893 quia

192 1934 251 1987 aut
266 1919 319 1985 sui
341 1940 450 1987 amore
470 1935 528 1987 aut
547 1920 682 1987 alterius
701 1919 780 1985 odio
797 1920 916 1986 modus
934 1918 1028 1985 facile
1047 1916 1281 1987 excedebatur:
1304 1940 1364 1987 nec

190 2032 296 2097 multo
325 2031 491 2098 diversum
521 2033 576 2098 hic
600 2030 776 2112 obtinere,
811 2050 909 2113 quam
940 2030 974 2094 in
1001 2030 1047 2096 rei
1078 2029 1301 2097 vindicatione
1333 2047 1366 2099 et

192 2139 362 2209 exactione
390 2142 516 2223 debiti,
547 2160 631 2225 quae
660 2162 735 2208 cum
763 2140 841 2208 olim
872 2160 931 2225 per
959 2160 994 2207 se
1013 2140 1155 2223 quisque
1180 2143 1364 2227 expediret,

189 2252 336 2321 vitandis
365 2272 450 2335 quae
482 2252 558 2319 inde
589 2267 771 2320 nascuntur
800 2251 980 2337 periculis,
1011 2252 1135 2338 judicia
1157 2253 1268 2321 haberi
1289 2274 1363 2321 coe·

191 2382 282 2448 pere.
326 2363 503 2429 Lucretius
523 2365 535 2401 ⁸
556 2363 690 2446 quidem
711 2367 796 2430 clare
815 2364 895 2430 satis
915 2365 979 2431 hoc
999 2364 1106 2447 ipsum
1125 2364 1299 2447 expressit:

257 2472 385 2540 Acrius
406 2494 448 2539 cx
470 2477 528 2540 ira
551 2474 640 2560 qnod
659 2478 745 2540 enin
766 2480 958 2562 aequisque
974 2476 1127 2561 parabat

258 2584 405 2666 Ulciscr',
428 2604 529 2671 quam
552 2606 640 2651 nunc
660 2604 842 2651 concessum
865 2600 913 2652 err
936 2586 1062 2673 legibus
1084 2589 1220 2671 aequis,

257 2694 356 2761 Hanc
379 2695 416 2760 ob
440 2714 509 2759 rem
532 2710 578 2761 est
598 2697 740 2762 homines
757 2710 949 2782 pertaesum
971 2699 1007 2764 vi
1029 2696 1135 2761 colere
1156 2716 1284 2765 aarum.

237 2805 284 2871 Et
307 2805 376 2889 ipse
409 2805 528 2872 Cicero
549 2806 584 2888 ⁸,
619 2824 716 2889 quem
748 2822 787 2872 ut
810 2806 911 2873 video
940 2806 1169 2889 theologorum
1198 2821 1364 2889 praestan-

189 2915 309 2983 tissimi
329 2918 390 2983 hac
413 2914 446 2983 in
469 2930 560 3001 parte
580 2936 647 2983 nou
667 2919 822 3000 culpant,
847 2934 921 2983 curn
938 2916 993 3000 jus
1002 2928 1135 2981 naturae
1147 2934 1218 2982 csse
1230 2915 1365 2983 dixisset

191 3025 228 3093 id
256 3028 347 3109 quod
374 3026 472 3093 nobis
500 3046 568 3094 non
601 3028 737 3112 opinio,
782 3028 840 3093 sed
871 3027 979 3094 innata
1011 3025 1062 3093 vis
1105 3025 1235 3107 afferat,
1281 3026 1365 3093 inter

192 3140 266 3223 ejus
297 3140 443 3221 exempla
472 3139 587 3205 statuit
615 3138 894 3219 vindicationem,
924 3156 1021 3221 quam
1052 3138 1172 3224 gratiae
1203 3138 1362 3221 opponit:

191 3266 293 3315 acne
320 3248 397 3331 quis
426 3249 623 3333 ambigeret,
657 3264 816 3331 quantum
839 3267 878 3314 eo
901 3248 1031 3315 nomine
1050 3247 1182 3315 deberet
1202 3248 1362 3333 intelligi,

193 3359 310 3425 definit
331 3358 608 3440 vindicationem,
626 3373 691 3445 per
712 3364 900 3445 quamnim
921 3373 983 3424 ant
1002 3359 1233 3425 contumeliam
1251 3358 1365 3444 defan-

191 3470 295 3537 dando
327 3482 389 3534 aur
421 3469 603 3536 ulciscendo
624 3470 859 3557 propulsamus
881 3488 904 3534 a
926 3470 1068 3535 nobiter
1090 3492 1112 3535 a
1135 3473 1282 3550 nostris,
1305 3474 1365 3555 qni

192 3581 283 3645 nobis
302 3584 380 3645 cori
400 3600 465 3645 esse
483 3578 621 3660 debent,
639 3593 671 3644 cr
685 3595 749 3665 per
771 3600 872 3665 qnam
890 3593 1030 3666 peccata
1047 3584 1217 3665 punimus.
1243 3580 1364 3647 Civilis

193 3690 282 3774 apud
303 3687 458 3757 Tacitum
479 3693 511 3755 ⁴:
532 3692 622 3778 Jurc
640 3693 805 3778 gentium,
828 3690 952 3772 inquit,
969 3705 1092 3777 poenas
1110 3704 1248 3775 reposco.
1272 3690 1363 3777 Quin

194 3815 227 3867 et
245 3799 279 3866 in
306 3819 396 3867 sacra
423 3800 589 3868 historia⁸
613 3802 750 3867 Samson
778 3804 937 3865 insontem
967 3821 999 3865 se
1018 3800 1225 3883 pronuntiet,
1249 3803 1278 3865 n‘
1295 3802 1365 3867 Pa·

194 3910 373 3992 laustinus,
405 3914 465 3998 qni
485 3932 518 3977 sc
538 3911 626 3977 malo
648 3908 834 3998 affecerant
851 3911 1002 3997 conjugio
1021 3913 1219 3997 intercepto,
1244 3931 1364 3977 rursus

193 4020 280 4087 nalo
301 4022 466 4109 afficerer:
491 4037 524 4087 et
544 4040 622 4088 mox
643 4036 806 4106 peractam
824 4021 982 4088 ultionem
1003 4022 1064 4089 hac
1083 4022 1208 4089 ratione
1229 4036 1363 4103 tuetur,

225 4362 234 4397 ¹
252 4366 277 4413 d
293 4365 310 4413 l.
328 4366 422 4414 nanas.
438 4365 469 4413 C.
486 4367 518 4415 de
534 4364 644 4429 Judaeis.
662 4365 705 4427 [c.
725 4378 747 4415 ι.
764 4378 789 4428 9.
798 4364 849 4426 ¹4]
884 4360 896 4395 ¹
912 4365 930 4412 1.
947 4375 970 4420 5.
991 4360 1042 4427 [vs.
1058 4374 1129 4422 ¹¹47·
1146 4360 1215 4426 sqq.]
1250 4360 1261 4394 ⁸
1278 4364 1309 4412 de
1323 4364 1361 4413 in·

191 4457 292 4504 venel.
312 4455 392 4518 a.[c·
412 4454 1143 4520 ssl-161.]Thon-aa.q.108.art.u.cto.a.q.
1164 4456 1361 4510 158.un.1.ad

192 4556 250 4593 terr·
284 4543 482 4609 ⁴lliator.l.4
502 4544 538 4611 [c.
553 4546 606 4609 aa]
640 4545 726 4609 ‘Jud
742 4557 857 4606 suaet
873 4558 911 4594 ιι.
