3450 5434
391 594 451 673 164
706 610 753 657 ur
776 610 870 676 June
898 609 1261 660 retrorserunt.

389 780 590 850 agnoscunt,
610 785 685 831 cum
716 765 933 833 certissimum
957 766 1087 832 sitnon
1108 766 1355 851 magistratuum
1368 768 1487 848 modo,
1511 790 1570 837 ve-

389 896 461 942 rum
491 893 524 943 et
550 877 674 944 civium
695 878 834 944 maxima
852 892 943 961 parte
964 876 1068 943 invita
1089 877 1123 943 id
1144 876 1251 961 ipsum
1273 878 1476 965 contigisse3
1501 882 1567 946 hoc

390 1008 457 1055 uuo
481 990 621 1055 obtentu
640 990 734 1074 jura,
751 988 902 1075 judicia,
927 989 1126 1056 tributorum
1149 988 1296 1055 ordinem
1310 1004 1473 1056 mutatum
1485 990 1569 1071 ivit,

390 1115 504 1167 contra
525 1103 615 1185 leges
636 1100 846 1185 Principibus
866 1102 1014 1185 juratas,
1039 1120 1123 1182 quae
1150 1120 1219 1167 rara
1241 1100 1325 1167 inter
1347 1100 1569 1186 principatum

391 1232 427 1277 ac
460 1212 641 1278 libertatem
674 1212 909 1295 temperatione
941 1211 1069 1295 imperii
1100 1211 1233 1277 modum
1258 1226 1292 1277 et
1313 1224 1418 1291 status
1442 1212 1569 1299 Belgici

391 1321 639 1389 fundamentum
674 1323 900 1390 continebant.
956 1322 1006 1389 Ea
1041 1322 1218 1395 necessitas
1249 1323 1395 1407 privatos
1425 1324 1570 1408 primurn

392 1434 522 1520 adegit,
555 1454 697 1517 quorum
727 1454 866 1518 corpora
887 1434 920 1499 in
944 1454 1106 1518 poenam,
1131 1436 1216 1502 bona
1240 1435 1273 1500 in
1296 1434 1409 1501 fiscum
1432 1451 1491 1501 aut
1512 1436 1571 1502 tri-

392 1547 509 1613 butum
544 1547 703 1613 adversus
736 1566 813 1627 eas,
846 1566 929 1629 quas
957 1545 1050 1627 dixi,
1073 1548 1162 1632 leges
1185 1546 1305 1630 patrias
1330 1546 1569 1628 trahebantur,

392 1656 466 1724 aliis
497 1656 651 1724 omnibus
673 1654 842 1741 praesidiis
868 1659 1019 1725 exclusos
1041 1657 1109 1723 vim
1139 1657 1249 1723 moliri
1278 1677 1343 1740 qua
1371 1657 1439 1723 vim
1463 1661 1570 1742 repel-

393 1770 509 1836 lerent.
553 1768 642 1835 Idem
666 1767 817 1836 civitates
847 1768 977 1852 fecere,
1002 1768 1162 1851 brevique
1185 1769 1324 1836 accessit
1344 1768 1569 1853 Hollandiae‚

394 1899 479 1962 quae
506 1880 595 1965 justa
626 1880 692 1966 jam
725 1900 745 1947 a
773 1895 897 1965 septem
928 1880 1068 1947 saeculis
1097 1880 1283 1963 respublica
1305 1895 1378 1963 est,
1402 1880 1569 1947 Ordinum

394 1991 591 2057 auctoritas:
625 2010 710 2073 quos
732 1991 868 2075 quidem
891 1990 1032 2058 Ordines
1056 2005 1181 2056 certum
1206 2005 1278 2071 est,
1301 2005 1340 2056 ut
1354 1992 1429 2075 jura
1451 1994 1568 2077 populi

394 2100 629 2184 defenderent,
654 2102 867 2186 Principibus
888 2116 988 2184 atque
1013 2100 1190 2185 praefectis
1212 2102 1307 2168 velut
1327 2102 1483 2169 custodes
1513 2104 1570 2169 ad-

234 2204 306 2251 Anno
320 2212 496 2280 ¹⁵⁷²·dit0s.
543 2210 589 2277 Hi
608 2212 743 2295 publico
766 2232 923 2279 consessu
947 2214 1069 2279 bellum
1091 2210 1247 2280 adversus
1268 2214 1430 2279 Albanum
1443 2214 1571 2283 etHis-

394 2342 499 2407 panos
518 2324 753 2407 decreverunt,
778 2324 870 2406 quod
888 2324 1077 2391 nationibus
1107 2324 1179 2390 aliis
1201 2323 1370 2409 Belgarum
1392 2342 1427 2391 se
1450 2326 1571 2411 adjun-

396 2435 549 2521 gentibus
568 2435 602 2501 in
621 2435 738 2513 Albani
762 2436 862 2524 etiam
879 2454 1086 2503 successores
1105 2435 1332 2501 continuatum
1355 2450 1427 2517 est,
1451 2437 1569 2519 utqui

395 2562 429 2613 et
455 2547 564 2613 eadem
599 2548 676 2625 illa,
708 2562 741 2613 et
769 2566 891 2631 poenas
912 2560 1077 2630 practerea
1108 2545 1311 2613 defensionis
1338 2563 1568 2631 exposcerent.

395 2658 448 2724 Ex
476 2678 517 2725 eo
545 2671 691 2743 tempore
720 2672 882 2741 quantum
916 2657 1084 2744 sanguinis
1108 2657 1217 2723 fusum
1240 2656 1514 2741 fuerit„quibus
1536 2678 1569 2725 et

393 2770 517 2854 rapinis
539 2785 572 2837 et
602 2786 715 2837 contra
745 2768 903 2853 impensis
932 2770 1089 2836 exhausta
1111 2768 1213 2836 fuerit
1236 2766 1387 2853 Belgica,
1413 2768 1569 2855 (fuerunt

394 2897 503 2949 autem
535 2882 698 2965 impensae
722 2884 825 2962 tales,
849 2880 996 2963 quibus,
1019 2880 1047 2947 si
1067 2880 1156 2965 justa
1177 2880 1260 2946 ratio
1287 2896 1450 2964 ponatur,
1476 2883 1570 2948 nulla

394 3013 550 3076 umquam
582 3008 687 3059 aetate
718 3012 799 3078 gens
831 2995 897 3059 ulla
920 3012 1012 3077 pares
1036 2992 1114 3058 tulit
1124 2993 1157 3077 ,)
1176 3012 1243 3074 qua
1262 2992 1406 3074 denique
1429 2992 1568 3077 perfidia

354 3083 358 3090 ’
395 3104 536 3189 Hispani
559 3118 616 3170 aut
638 3105 760 3170 bellum
784 3104 1105 3184 administraverint,
1129 3118 1186 3170 aut
1197 3124 1308 3186 pacem
1322 3104 1568 3186 simulaverint,

394 3217 529 3301 longum
553 3215 596 3281 sit
618 3214 734 3281 dicere.
780 3216 846 3281 Sed
868 3216 945 3281 hinc
968 3216 1047 3283 satis
1070 3214 1210 3307 intelligi
1229 3228 1340 3298 potest
1370 3215 1463 3298 quod
1492 3214 1567 3297 illi,
1710 3284 1711 3305 ,

395 3346 470 3391 cum
492 3345 629 3407 omnes,
653 3326 712 3407 qui
735 3325 768 3391 in
788 3326 899 3407 aliqua
921 3346 1083 3393 sacrarum
1107 3326 1274 3392 literarum
1298 3326 1568 3409 interpretatione
1671 3332 1673 3341 ⁴

395 3452 453 3503 aut
483 3438 621 3521 receptis
643 3437 764 3503 ritibus
787 3458 805 3502 a
834 3438 983 3504 Romana
1007 3437 1161 3504 cathedra
1183 3437 1405 3520 dissentiunt,
1427 3437 1570 3504 haereti-

395 3569 451 3616 cos
482 3563 627 3631 vocent,
650 3549 787 3615 rebelles
809 3563 942 3630 autem,
967 3550 1159 3631 quicunque
1189 3548 1397 3631 Principibus
1420 3548 1491 3615 sine
1514 3569 1570 3615 ex·

394 3660 545 3744 ceptione
571 3661 752 3744 parendum
780 3678 846 3726 non
870 3680 996 3744 semper
1026 3660 1236 3742 existimant,
1260 3674 1329 3727 tum
1354 3659 1437 3724 illud
1459 3674 1570 3743 aperte

394 3771 610 3857 profitentur,
634 3792 744 3853 neque
766 3791 841 3837 curn
864 3770 1036 3837 haereticis
1059 3790 1166 3852 neque
1190 3792 1265 3838 curn
1289 3771 1466 3837 rebellibus
1491 3769 1567 3836 fidei

395 3903 466 3951 esse
498 3883 728 3949 commercium
753 3888 784 3961 ¹,
817 3882 1070 3965 improbamque
1103 3902 1230 3950 omnem
1262 3881 1504 3949 conciliationis
1537 3898 1570 3947 et

395 3994 586 4061 clementiae
615 3995 785 4062 rationem.
830 3992 979 4059 Tandem
1010 4013 1082 4059 cunr
1105 4013 1162 4059 rex
1184 3992 1359 4078 Philippus
1380 4011 1446 4058 non
1468 3994 1569 4060 modo

394 4109 538 4192 populos
569 4126 647 4173 suae
679 4106 802 4172 tutelae
834 4106 1078 4172 commendatos
1109 4124 1176 4171 non
1210 4104 1425 4187 defenderet,
1459 4124 1569 4187 neque

394 4236 545 4287 auctores
566 4218 703 4303 injuriae
725 4217 758 4285 in
778 4216 971 4299 Hispaniam
993 4234 1142 4283 reversos
1161 4235 1222 4300 pro
1241 4214 1368 4283 meritis
1385 4217 1569 4299 plecteret,

395 4411 589 4425 m

430 4515 438 4549 ¹
456 4518 488 4565 V.
505 4518 611 4576 syrum
629 4519 646 4565 l.
668 4529 689 4565 r.
707 4530 731 4565 c.
749 4514 775 4564 6.
791 4529 817 4565 n.
835 4528 876 4573 71.
