3450 5434
377 607 439 671 150
700 609 748 656 DE
771 608 865 673 June
891 607 1075 655 PRAEDAE·
1099 608 1181 655 CAP.
1205 610 1240 656 X·

373 777 467 846 capta
507 776 616 828 essent
657 777 782 842 castra,
824 762 973 844 praedam
1016 760 1237 827 vendiderunt
1277 760 1551 849 diviseruntque,

373 873 503 940 donatis
523 891 663 955 quorum
685 892 784 956 opera
804 870 911 939 fuerat
931 872 1116 957 singularis.
1161 871 1291 939 Acilius
1314 886 1409 956 capta
1434 873 1552 941 Lamia

372 984 490 1068 partim
511 982 648 1066 divisit,
671 983 788 1067 partim
806 982 957 1050 vendidit
976 983 1142 1067 praedam.
1167 983 1231 1049 Cn.
1253 981 1402 1050 Manlius
1420 985 1432 1023 ¹
1450 983 1550 1050 victis

373 1092 622 1178 Gallograecis,
651 1093 867 1161 concrematis
901 1113 941 1159 ex
973 1094 1121 1161 Romana
1144 1091 1380 1177 superstitione
1401 1094 1550 1161 hostium

372 1202 485 1282 armis,
510 1218 666 1269 caeteram
692 1204 844 1287 praedam
874 1200 1022 1271 conferre
1051 1222 1163 1271 omnes
1184 1202 1285 1288 J'ussit
1305 1216 1337 1268 et
1357 1217 1414 1272 aut
1433 1204 1551 1271 vendi·

371 1314 444 1397 dit,
463 1314 555 1396 qnod
574 1315 647 1398 ejus
669 1314 703 1379 in
722 1314 894 1398 publicum
916 1313 1129 1399 redigendum
1151 1327 1219 1381 erat
1232 1311 1267 1395 ²,
1284 1328 1342 1381 aut
1357 1332 1432 1379 cum
1449 1334 1549 1397 cura,

371 1439 411 1491 ut
432 1445 528 1508 quarn
555 1423 752 1507 aequissima
773 1438 877 1504 esset,
896 1443 955 1506 per
978 1424 1100 1491 milites
1125 1423 1250 1491 divisit.
1280 1422 1402 1491 Paulus
1423 1424 1435 1461 ⁸
1455 1423 1549 1491 victo

370 1537 489 1603 Perseo
520 1536 626 1619 spolia
640 1535 777 1619 jacentis
798 1534 961 1601 exercitus
980 1534 1148 1617 peditibus
1170 1532 1351 1612 concessit,
1374 1533 1549 1617 equitibus

370 1647 520 1729 praedam
548 1646 748 1733 circumjecti
777 1640 862 1729 ag'ri:
891 1663 970 1711 mox
1001 1644 1154 1711 confecto
1186 1646 1273 1711 bello
1302 1643 1475 1729 pecuniam
1495 1664 1549 1713 re·

370 1758 456 1842 giam
479 1778 519 1824 ex
542 1756 709 1840 triumpho
737 1754 772 1821 in
804 1756 962 1823 aerarium
991 1755 1082 1822 tulit.
1128 1754 1182 1821 Ex
1219 1754 1272 1823 bis
1299 1775 1382 1839 quae
1402 1756 1549 1824 diximus

371 1881 503 1951 apparet
532 1867 684 1951 praedam
712 1868 786 1950 iure
820 1868 971 1935 Romano
1004 1864 1170 1949 publicam
1203 1886 1291 1933 esse:
1331 1866 1549 1951 dispensatio·

369 1964 443 2043 nem
469 1978 541 2061 ejus
561 1977 810 2062 imperatoribus
832 1978 1043 2067 permissam,
1075 1976 1121 2043 ita
1142 1993 1250 2043 tamen
1273 1992 1312 2044 ut
1338 1977 1367 2043 si
1393 1977 1548 2045 commis·

371 2108 443 2155 sum
467 2088 533 2154 sibi
552 2088 721 2155 arbitrium
740 2089 774 2154 in
794 2108 863 2155 rem
884 2108 976 2154 suam
996 2087 1220 2154 fraudulenter
1240 2088 1377 2155 traxisse
1397 2087 1548 2155 diceren-

370 2216 448 2282 tur,
471 2198 598 2283 legibus
621 2200 844 2284 subiacerent:
869 2200 960 2282 quod
980 2212 1070 2281 patet
1099 2198 1142 2265 L.
1175 2196 1339 2281 Scipionis
1371 2200 1547 2282 exemplo,

370 2310 430 2394 qui
454 2310 626 2375 damnatus
652 2324 701 2377 est
721 2311 894 2393 peculatus
920 2309 1068 2394 Judicio,
1102 2324 1139 2375 ut
1166 2310 1319 2391 Valerius
1344 2308 1547 2375 Maximus⁴

362 2434 529 2501 testatur,
561 2419 800 2505 quadringenta
831 2418 1000 2503 octoginta
1020 2420 1144 2505 argenti
1164 2421 1241 2503 plus
1262 2418 1424 2503 accepisse
1446 2440 1546 2502 quam

367 2530 402 2595 in
432 2529 593 2596 aerarium
624 2530 809 2597 retulisset:
833 2529 980 2613 itemque
1002 2549 1140 2612 eorum,
1165 2549 1250 2612 quos
1274 2548 1372 2613 supra
1394 2528 1547 2597 nomina-

367 2640 479 2710 vimus
508 2639 700 2707 ambitiosae
731 2638 916 2725 largitionis
946 2659 1031 2707 reos.
1088 2640 1140 2705 M.
1173 2641 1268 2705 etiam
1301 2640 1388 2708 Cato
1417 2638 1451 2705 in
1472 2659 1547 2708 ora·

367 2749 458 2819 tione
481 2771 579 2834 quam
608 2751 648 2819 dc
660 2751 793 2838 pracda
824 2750 978 2835 scripsit,
1009 2750 1260 2818 vehementibus
1282 2764 1382 2832 arque
1404 2749 1544 2815 illustri-

366 2864 431 2929 bus
465 2862 577 2929 verbis
610 2863 652 2929 de
685 2862 880 2947 impunitate
913 2863 1108 2945 peculatus,
1143 2875 1181 2925 ut
1210 2860 1321 2943 inquit
1352 2859 1487 2927 Gellius
1507 2858 1543 2941 ⁸,

365 2987 466 3056 atque
497 2972 630 3039 licentia
662 2986 864 3056 conquestus
896 2987 957 3039 est
1002 2971 1101 3039 Unde
1134 2970 1220 3037 illud
1253 2970 1407 3037 affertur:
1433 2970 1543 3036 Fures

360 3086 581 3169 priuatorum
604 3082 785 3166 furtorum
817 3085 855 3147 in
886 3102 986 3151 neruo
1023 3095 1125 3167 atquc
1159 3080 1363 3167 compedibus
1396 3092 1543 3147 aetatem

365 3206 493 3279 agunt,
508 3194 612 3277 fures
636 3192 768 3279 publici
796 3195 835 3257 in
863 3213 949 3257 auro
977 3206 1079 3279 atquc
1095 3207 1271 3279 purpura.
1317 3191 1408 3259 Idem
1428 3194 1441 3231 ⁸
1462 3190 1544 3257 alibi

365 3302 510 3367 dixerat:
533 3305 660 3367 mirari
688 3322 721 3367 sc
749 3300 875 3369 audere
898 3322 1094 3389 quemquam
1120 3316 1222 3388 capta
1248 3301 1330 3367 ballo
1360 3304 1460 3388 signa
1474 3316 1544 3387 pro

365 3411 567 3497 supellectile
594 3411 683 3478 domi
712 3426 874 3480 statuere.
918 3412 968 3479 Ut
999 3428 1031 3479 et
1059 3411 1157 3479 Verri
1182 3412 1338 3495 invidiam
1368 3413 1545 3494 peculatus

364 3536 463 3606 auget
481 3522 639 3605 Cicero⁷,
663 3524 755 3606 quod
777 3523 907 3608 signum
928 3524 1117 3591 sustulisset
1140 3538 1173 3589 et
1193 3522 1325 3605 quidem
1345 3536 1477 3605 captum
1499 3522 1543 3591 de

363 3633 483 3716 praeda
499 3632 658 3700 hostium.
704 3633 799 3699 Sicut
817 3647 925 3701 autem
947 3634 1157 3717 imperatores
1180 3633 1226 3701 ita
1245 3646 1278 3699 et
1296 3631 1417 3701 milites
1438 3652 1541 3717 pecu·

362 3745 449 3809 lauis
468 3743 687 3825 tenebantur,
710 3744 769 3828 qui
790 3744 941 3827 praedam
963 3763 1031 3811 non
1049 3744 1265 3811 detulissent:
1290 3743 1412 3827 quippe
1433 3762 1541 3809 sacra·

362 3868 472 3920 mento
503 3872 616 3921 omnes
644 3854 881 3939 adigebantur,
913 3870 997 3921 reste
1025 3854 1168 3939 Polybio
1190 3850 1226 3936 ⁸,
1256 3856 1400 3937 περὶτοῦ
1429 3856 1541 3937 ualde

361 3967 542 4052 νοσφίζεσθαι
559 3970 647 4048 μηδὲν
664 3975 720 4033 τῶν
736 3968 771 4033 ἐκ
787 3975 840 4043 τῆς
857 3969 1036 4051 διαρπαγῆς,
1054 3969 1140 4034 ἀλλὰ
1157 3976 1251 4049 τηρεῖν
1268 3967 1320 4042 rip
1340 3967 1439 4033 mirrea
1457 3968 1540 4033 mic

395 4290 479 4340 ¹Liv.
496 4293 514 4339 l.
532 4302 572 4349 37.
591 4290 627 4351 [c.
646 4289 683 4353 5.]
718 4285 817 4339 ’idern
833 4292 851 4337 1.
870 4292 910 4347 ³8·
930 4290 967 4352 [c.
985 4290 1040 4353 aa]
1076 4290 1257 4355 'Lis-144.
1277 4290 1384 4357 [mn]
1421 4290 1539 4365 ⁴l.s.c·

361 4381 536 4439 s.et1.lv.l.
554 4382 594 4437 ³8.
614 4378 722 4443 [oss]
757 4378 803 4428 ⁸1.
821 4392 859 4429 ιι.
875 4393 898 4429 c.
917 4383 956 4429 18.
990 4381 1539 4448 ‘Priscianuscitatl.7.[c.19.§.9s.]

360 4468 415 4520 ²in
431 4472 502 4520 verr.
518 4470 543 4519 ό.
559 4470 589 4533 [l.
606 4483 632 4532 4.
648 4482 671 4520 c.
684 4482 725 4528 aa.
744 4472 871 4519 secunda
888 4468 1019 4533 aetionis]
1053 4470 1100 4521 ⁸1.
1118 4486 1157 4525 ιο.
1176 4473 1212 4535 [a.
1233 4472 1284 4537 ru]
