<?xml version="1.0" encoding="UTF-8"?>
<!DOCTYPE html PUBLIC "-//W3C//DTD XHTML 1.0 Transitional//EN"
    "http://www.w3.org/TR/xhtml1/DTD/xhtml1-transitional.dtd">
<html xmlns="http://www.w3.org/1999/xhtml" xml:lang="en" lang="en">
 <head>
  <title>
</title>
<meta http-equiv="Content-Type" content="text/html;charset=utf-8" />
  <meta name='ocr-system' content='tesseract 3.04.00' />
  <meta name='ocr-capabilities' content='ocr_page ocr_carea ocr_par ocr_line ocrx_word'/>
</head>
<body>
  <div class='ocr_page' id='page_1' title='image "./ledroitdeprised02hamagoog_0271.png"; bbox 0 0 3450 5434; ppageno 0'>
   <div class='ocr_carea' id='block_1_1' title="bbox 488 640 1368 707">
    <p class='ocr_par' dir='ltr' id='par_1_1' title="bbox 488 640 1368 707">
     <span class='ocr_line' id='line_1_1' title="bbox 488 640 1368 707; baseline -0.001 -21"><span class='ocrx_word' id='word_1_1' title='bbox 488 641 536 686; x_wconf 79' lang='lat' dir='ltr'>nr</span> <span class='ocrx_word' id='word_1_2' title='bbox 559 640 653 707; x_wconf 79' lang='lat' dir='ltr'>Juua</span> <span class='ocrx_word' id='word_1_3' title='bbox 679 640 865 702; x_wconf 72' lang='lat' dir='ltr'>annaonn.</span> <span class='ocrx_word' id='word_1_4' title='bbox 892 640 971 687; x_wconf 77' lang='lat' dir='ltr'>cnr.</span> <span class='ocrx_word' id='word_1_5' title='bbox 997 640 1061 684; x_wconf 87' lang='lat' dir='ltr'>xu.</span> <span class='ocrx_word' id='word_1_6' title='bbox 1306 640 1368 701; x_wconf 85' lang='lat'>249</span> 
     </span>
    </p>
   </div>
   <div class='ocr_carea' id='block_1_2' title="bbox 192 794 1523 2560">
    <p class='ocr_par' dir='ltr' id='par_1_2' title="bbox 192 794 1368 1999">
     <span class='ocr_line' id='line_1_2' title="bbox 195 794 1367 879; baseline -0.003 -17"><span class='ocrx_word' id='word_1_7' title='bbox 195 798 288 879; x_wconf 92' lang='lat' dir='ltr'>quod</span> <span class='ocrx_word' id='word_1_8' title='bbox 300 796 333 860; x_wconf 93' lang='lat' dir='ltr'>in</span> <span class='ocrx_word' id='word_1_9' title='bbox 356 795 549 878; x_wconf 85' lang='lat' dir='ltr'>republica,</span> <span class='ocrx_word' id='word_1_10' title='bbox 563 796 597 861; x_wconf 90' lang='lat' dir='ltr'>id</span> <span class='ocrx_word' id='word_1_11' title='bbox 620 810 691 877; x_wconf 88' lang='lat' dir='ltr'>est,</span> <span class='ocrx_word' id='word_1_12' title='bbox 713 794 840 861; x_wconf 88' lang='lat' dir='ltr'>minore</span> <span class='ocrx_word' id='word_1_13' title='bbox 862 794 1033 860; x_wconf 93' lang='lat' dir='ltr'>hominum</span> <span class='ocrx_word' id='word_1_14' title='bbox 1057 808 1246 874; x_wconf 88' lang='lat' dir='ltr'>conventu,</span> <span class='ocrx_word' id='word_1_15' title='bbox 1271 813 1367 878; x_wconf 87' lang='lat' dir='ltr'>grave</span> 
     </span>
     <span class='ocr_line' id='line_1_3' title="bbox 194 905 1367 992; baseline -0.002 -17"><span class='ocrx_word' id='word_1_16' title='bbox 194 924 227 975; x_wconf 91' lang='lat' dir='ltr'>et</span> <span class='ocrx_word' id='word_1_17' title='bbox 249 906 465 992; x_wconf 84' lang='lat' dir='ltr'>pernitiosum</span> <span class='ocrx_word' id='word_1_18' title='bbox 486 905 675 991; x_wconf 86' lang='lat' dir='ltr'>judicatur,</span> <span class='ocrx_word' id='word_1_19' title='bbox 700 907 734 971; x_wconf 89' lang='lat' dir='ltr'>in</span> <span class='ocrx_word' id='word_1_20' title='bbox 754 928 868 992; x_wconf 85' lang='lat' dir='ltr'>magna</span> <span class='ocrx_word' id='word_1_21' title='bbox 889 907 943 972; x_wconf 89' lang='lat' dir='ltr'>illa</span> <span class='ocrx_word' id='word_1_22' title='bbox 962 906 1095 973; x_wconf 89' lang='lat' dir='ltr'>humani</span> <span class='ocrx_word' id='word_1_23' title='bbox 1116 906 1242 991; x_wconf 87' lang='lat' dir='ltr'>generis</span> <span class='ocrx_word' id='word_1_24' title='bbox 1264 906 1367 973; x_wconf 86' lang='lat' dir='ltr'>socie-</span> 
     </span>
     <span class='ocr_line' id='line_1_4' title="bbox 192 1017 1366 1101; baseline -0.003 -15"><span class='ocrx_word' id='word_1_25' title='bbox 192 1036 260 1087; x_wconf 85' lang='lat' dir='ltr'>tate</span> <span class='ocrx_word' id='word_1_26' title='bbox 291 1018 508 1085; x_wconf 81' lang='lat' dir='ltr'>ferendumne</span> <span class='ocrx_word' id='word_1_27' title='bbox 542 1034 614 1100; x_wconf 90' lang='lat' dir='ltr'>est‚</span> <span class='ocrx_word' id='word_1_28' title='bbox 647 1034 686 1084; x_wconf 92' lang='lat' dir='ltr'>ut</span> <span class='ocrx_word' id='word_1_29' title='bbox 717 1019 844 1085; x_wconf 88' lang='lat' dir='ltr'>scilicet</span> <span class='ocrx_word' id='word_1_30' title='bbox 878 1018 981 1084; x_wconf 91' lang='lat' dir='ltr'>totius</span> <span class='ocrx_word' id='word_1_31' title='bbox 1005 1018 1116 1084; x_wconf 92' lang='lat' dir='ltr'>mundi</span> <span class='ocrx_word' id='word_1_32' title='bbox 1141 1017 1366 1101; x_wconf 85' lang='lat' dir='ltr'>monopolium</span> 
     </span>
     <span class='ocr_line' id='line_1_5' title="bbox 192 1129 1365 1215; baseline -0.001 -17"><span class='ocrx_word' id='word_1_33' title='bbox 192 1131 313 1198; x_wconf 88' lang='lat' dir='ltr'>faciant</span> <span class='ocrx_word' id='word_1_34' title='bbox 344 1129 460 1213; x_wconf 91' lang='lat' dir='ltr'>populi</span> <span class='ocrx_word' id='word_1_35' title='bbox 494 1129 662 1213; x_wconf 76' lang='lat' dir='ltr'><strong>Hispani?</strong></span> <span class='ocrx_word' id='word_1_36' title='bbox 709 1132 859 1199; x_wconf 87' lang='lat' dir='ltr'>Clament</span> <span class='ocrx_word' id='word_1_37' title='bbox 889 1131 990 1215; x_wconf 88' lang='lat' dir='ltr'>igitur</span> <span class='ocrx_word' id='word_1_38' title='bbox 1022 1130 1175 1197; x_wconf 84' lang='lat' dir='ltr'>Lusitani</span> <span class='ocrx_word' id='word_1_39' title='bbox 1207 1145 1365 1213; x_wconf 89' lang='lat' dir='ltr'>quantum</span> 
     </span>
     <span class='ocr_line' id='line_1_6' title="bbox 193 1242 1368 1327; baseline -0.001 -17"><span class='ocrx_word' id='word_1_40' title='bbox 193 1260 226 1311; x_wconf 92' lang='lat' dir='ltr'>et</span> <span class='ocrx_word' id='word_1_41' title='bbox 258 1243 417 1327; x_wconf 86' lang='lat' dir='ltr'>quamdiu</span> <span class='ocrx_word' id='word_1_42' title='bbox 448 1242 586 1309; x_wconf 88' lang='lat' dir='ltr'>libebit:</span> <span class='ocrx_word' id='word_1_43' title='bbox 620 1243 730 1309; x_wconf 88' lang='lat' dir='ltr'>Lucra</span> <span class='ocrx_word' id='word_1_44' title='bbox 762 1259 874 1310; x_wconf 87' lang='lat' dir='ltr'>nostra</span> <span class='ocrx_word' id='word_1_45' title='bbox 898 1243 1059 1309; x_wconf 89' lang='lat' dir='ltr'>deciditis.</span> <span class='ocrx_word' id='word_1_46' title='bbox 1106 1243 1368 1327; x_wconf 88' lang='lat' dir='ltr'>Respondebunt</span> 
     </span>
     <span class='ocr_line' id='line_1_7' title="bbox 192 1342 1365 1439; baseline 0 -18"><span class='ocrx_word' id='word_1_47' title='bbox 192 1355 325 1421; x_wconf 84' lang='lat' dir='ltr'>Batavi:</span> <span class='ocrx_word' id='word_1_48' title='bbox 374 1355 444 1419; x_wconf 92' lang='lat' dir='ltr'>Imo</span> <span class='ocrx_word' id='word_1_49' title='bbox 477 1359 599 1421; x_wconf 91' lang='lat' dir='ltr'>nostris</span> <span class='ocrx_word' id='word_1_50' title='bbox 633 1342 861 1439; x_wconf 72' lang='lat' dir='ltr'>invigilamus</span> <span class='ocrx_word' id='word_1_51' title='bbox 914 1356 1022 1433; x_wconf 85' lang='lat' dir='ltr'>Lucra</span> <span class='ocrx_word' id='word_1_52' title='bbox 1056 1370 1168 1421; x_wconf 87' lang='lat' dir='ltr'>nostra</span> <span class='ocrx_word' id='word_1_53' title='bbox 1201 1355 1365 1421; x_wconf 89' lang='lat' dir='ltr'>deciditis.</span> 
     </span>
     <span class='ocr_line' id='line_1_8' title="bbox 194 1465 1365 1551; baseline -0.002 -18"><span class='ocrx_word' id='word_1_54' title='bbox 194 1468 312 1534; x_wconf 88' lang='lat' dir='ltr'>Hocne</span> <span class='ocrx_word' id='word_1_55' title='bbox 335 1465 552 1551; x_wconf 86' lang='lat' dir='ltr'>indignamini</span> <span class='ocrx_word' id='word_1_56' title='bbox 575 1467 609 1531; x_wconf 94' lang='lat' dir='ltr'>in</span> <span class='ocrx_word' id='word_1_57' title='bbox 633 1482 755 1549; x_wconf 89' lang='lat' dir='ltr'>partem</span> <span class='ocrx_word' id='word_1_58' title='bbox 779 1487 841 1534; x_wconf 91' lang='lat' dir='ltr'>nos</span> <span class='ocrx_word' id='word_1_59' title='bbox 860 1467 973 1534; x_wconf 88' lang='lat' dir='ltr'>venire</span> <span class='ocrx_word' id='word_1_60' title='bbox 993 1483 1164 1533; x_wconf 89' lang='lat' dir='ltr'>ventorum</span> <span class='ocrx_word' id='word_1_61' title='bbox 1187 1482 1220 1532; x_wconf 91' lang='lat' dir='ltr'>et</span> <span class='ocrx_word' id='word_1_62' title='bbox 1242 1466 1365 1533; x_wconf 78' lang='lat' dir='ltr'>maris?</span> 
     </span>
     <span class='ocr_line' id='line_1_9' title="bbox 194 1578 1367 1662; baseline 0.002 -19"><span class='ocrx_word' id='word_1_63' title='bbox 194 1579 305 1645; x_wconf 91' lang='lat' dir='ltr'>Lucra</span> <span class='ocrx_word' id='word_1_64' title='bbox 327 1594 439 1644; x_wconf 87' lang='lat' dir='ltr'>nostra</span> <span class='ocrx_word' id='word_1_65' title='bbox 463 1578 626 1645; x_wconf 88' lang='lat' dir='ltr'>deciditis.</span> <span class='ocrx_word' id='word_1_66' title='bbox 672 1579 716 1643; x_wconf 88' lang='lat' dir='ltr'>Et</span> <span class='ocrx_word' id='word_1_67' title='bbox 740 1579 816 1661; x_wconf 93' lang='lat' dir='ltr'>quis</span> <span class='ocrx_word' id='word_1_68' title='bbox 838 1600 990 1646; x_wconf 88' lang='lat' dir='ltr'>mansura</span> <span class='ocrx_word' id='word_1_69' title='bbox 1012 1579 1232 1662; x_wconf 79' lang='lat' dir='ltr'>promiserat?</span> <span class='ocrx_word' id='word_1_70' title='bbox 1259 1579 1367 1645; x_wconf 86' lang='lat' dir='ltr'>Lucra</span> 
     </span>
     <span class='ocr_line' id='line_1_10' title="bbox 193 1690 1363 1773; baseline 0.003 -18"><span class='ocrx_word' id='word_1_71' title='bbox 193 1705 306 1757; x_wconf 88' lang='lat' dir='ltr'>nostra</span> <span class='ocrx_word' id='word_1_72' title='bbox 328 1690 490 1757; x_wconf 91' lang='lat' dir='ltr'>deciditis.</span> <span class='ocrx_word' id='word_1_73' title='bbox 516 1691 649 1757; x_wconf 90' lang='lat' dir='ltr'>Salvum</span> <span class='ocrx_word' id='word_1_74' title='bbox 675 1705 724 1757; x_wconf 89' lang='lat' dir='ltr'>est</span> <span class='ocrx_word' id='word_1_75' title='bbox 748 1692 868 1773; x_wconf 90' lang='lat' dir='ltr'>vobis,</span> <span class='ocrx_word' id='word_1_76' title='bbox 892 1712 959 1773; x_wconf 90' lang='lat' dir='ltr'>quo</span> <span class='ocrx_word' id='word_1_77' title='bbox 984 1712 1043 1758; x_wconf 91' lang='lat' dir='ltr'>nos</span> <span class='ocrx_word' id='word_1_78' title='bbox 1065 1691 1209 1758; x_wconf 88' lang='lat' dir='ltr'>contenti</span> <span class='ocrx_word' id='word_1_79' title='bbox 1231 1711 1363 1773; x_wconf 90' lang='lat' dir='ltr'>sumus;</span> 
     </span>
     <span class='ocr_line' id='line_1_11' title="bbox 194 1802 1367 1886; baseline 0.001 -18"><span class='ocrx_word' id='word_1_80' title='bbox 194 1802 309 1885; x_wconf 85' lang='lat' dir='ltr'>aequis</span> <span class='ocrx_word' id='word_1_81' title='bbox 344 1822 525 1868; x_wconf 91' lang='lat' dir='ltr'>mercamur</span> <span class='ocrx_word' id='word_1_82' title='bbox 558 1803 684 1886; x_wconf 79' lang='lat' dir='ltr'>pretiis,</span> <span class='ocrx_word' id='word_1_83' title='bbox 739 1803 848 1869; x_wconf 86' lang='lat' dir='ltr'>Lucra</span> <span class='ocrx_word' id='word_1_84' title='bbox 876 1818 988 1869; x_wconf 91' lang='lat' dir='ltr'>nostra</span> <span class='ocrx_word' id='word_1_85' title='bbox 1017 1802 1177 1869; x_wconf 88' lang='lat' dir='ltr'>deciditis.</span> <span class='ocrx_word' id='word_1_86' title='bbox 1230 1803 1367 1870; x_wconf 91' lang='lat' dir='ltr'>Docetis</span> 
     </span>
     <span class='ocr_line' id='line_1_12' title="bbox 193 1913 1254 1999; baseline 0 -19"><span class='ocrx_word' id='word_1_87' title='bbox 193 1915 296 1999; x_wconf 87' lang='lat' dir='ltr'>igitur</span> <span class='ocrx_word' id='word_1_88' title='bbox 319 1913 377 1996; x_wconf 87' lang='lat' dir='ltr'>id,</span> <span class='ocrx_word' id='word_1_89' title='bbox 403 1915 491 1981; x_wconf 90' lang='lat' dir='ltr'>unde</span> <span class='ocrx_word' id='word_1_90' title='bbox 514 1915 634 1981; x_wconf 92' lang='lat' dir='ltr'>lucrari</span> <span class='ocrx_word' id='word_1_91' title='bbox 661 1916 847 1998; x_wconf 88' lang='lat' dir='ltr'>possimus,</span> <span class='ocrx_word' id='word_1_92' title='bbox 872 1915 965 1981; x_wconf 88' lang='lat' dir='ltr'>alteri</span> <span class='ocrx_word' id='word_1_93' title='bbox 988 1935 1054 1981; x_wconf 92' lang='lat' dir='ltr'>non</span> <span class='ocrx_word' id='word_1_94' title='bbox 1079 1915 1254 1981; x_wconf 88' lang='lat' dir='ltr'>remittere.</span> 
     </span>
    </p>

    <p class='ocr_par' dir='ltr' id='par_1_3' title="bbox 193 2026 1523 2560">
     <span class='ocr_line' id='line_1_13' title="bbox 239 2026 1366 2111; baseline 0.003 -20"><span class='ocrx_word' id='word_1_95' title='bbox 239 2027 325 2092; x_wconf 93' lang='lat' dir='ltr'>Cum</span> <span class='ocrx_word' id='word_1_96' title='bbox 350 2026 452 2111; x_wconf 87' lang='lat' dir='ltr'>igitur</span> <span class='ocrx_word' id='word_1_97' title='bbox 471 2026 771 2110; x_wconf 89' lang='lat' dir='ltr'>supra¹Victoriae</span> <span class='ocrx_word' id='word_1_98' title='bbox 790 2028 984 2094; x_wconf 86' lang='lat' dir='ltr'>auctoritate</span> <span class='ocrx_word' id='word_1_99' title='bbox 1006 2042 1038 2093; x_wconf 92' lang='lat' dir='ltr'>et</span> <span class='ocrx_word' id='word_1_100' title='bbox 1059 2027 1215 2109; x_wconf 88' lang='lat' dir='ltr'>exemplis</span> <span class='ocrx_word' id='word_1_101' title='bbox 1233 2028 1366 2094; x_wconf 90' lang='lat' dir='ltr'>demon·</span> 
     </span>
     <span class='ocr_line' id='line_1_14' title="bbox 195 2138 1366 2223; baseline 0 -18"><span class='ocrx_word' id='word_1_102' title='bbox 195 2153 332 2205; x_wconf 89' lang='lat' dir='ltr'>stratum</span> <span class='ocrx_word' id='word_1_103' title='bbox 365 2138 409 2204; x_wconf 94' lang='lat' dir='ltr'>sit</span> <span class='ocrx_word' id='word_1_104' title='bbox 437 2141 558 2223; x_wconf 89' lang='lat' dir='ltr'>justam</span> <span class='ocrx_word' id='word_1_105' title='bbox 583 2160 653 2205; x_wconf 91' lang='lat' dir='ltr'>esse</span> <span class='ocrx_word' id='word_1_106' title='bbox 677 2140 754 2205; x_wconf 87' lang='lat' dir='ltr'>belli</span> <span class='ocrx_word' id='word_1_107' title='bbox 778 2158 931 2222; x_wconf 88' lang='lat' dir='ltr'>causam,</span> <span class='ocrx_word' id='word_1_108' title='bbox 956 2160 1030 2206; x_wconf 92' lang='lat' dir='ltr'>cum</span> <span class='ocrx_word' id='word_1_109' title='bbox 1053 2140 1186 2207; x_wconf 88' lang='lat' dir='ltr'>libertas</span> <span class='ocrx_word' id='word_1_110' title='bbox 1207 2160 1366 2206; x_wconf 88' lang='lat' dir='ltr'>commer-</span> 
     </span>
     <span class='ocr_line' id='line_1_15' title="bbox 195 2250 1368 2335; baseline 0.003 -20"><span class='ocrx_word' id='word_1_111' title='bbox 195 2250 321 2316; x_wconf 90' lang='lat' dir='ltr'>ciorum</span> <span class='ocrx_word' id='word_1_112' title='bbox 361 2251 550 2316; x_wconf 88' lang='lat' dir='ltr'>vindicatnr</span> <span class='ocrx_word' id='word_1_113' title='bbox 590 2252 747 2319; x_wconf 88' lang='lat' dir='ltr'>adversus</span> <span class='ocrx_word' id='word_1_114' title='bbox 784 2252 1023 2335; x_wconf 87' lang='lat' dir='ltr'>prohibentes,</span> <span class='ocrx_word' id='word_1_115' title='bbox 1055 2251 1205 2334; x_wconf 87' lang='lat' dir='ltr'>sequitur</span> <span class='ocrx_word' id='word_1_116' title='bbox 1237 2252 1368 2319; x_wconf 88' lang='lat' dir='ltr'>Batavis</span> 
     </span>
     <span class='ocr_line' id='line_1_16' title="bbox 193 2362 1366 2453; baseline 0.003 -26"><span class='ocrx_word' id='word_1_117' title='bbox 193 2362 313 2445; x_wconf 91' lang='lat' dir='ltr'>justam</span> <span class='ocrx_word' id='word_1_118' title='bbox 343 2363 419 2429; x_wconf 94' lang='lat' dir='ltr'>belli</span> <span class='ocrx_word' id='word_1_119' title='bbox 444 2382 574 2429; x_wconf 88' lang='lat' dir='ltr'>causam</span> <span class='ocrx_word' id='word_1_120' title='bbox 597 2363 631 2430; x_wconf 92' lang='lat' dir='ltr'>in</span> <span class='ocrx_word' id='word_1_121' title='bbox 653 2363 833 2431; x_wconf 86' lang='lat' dir='ltr'>Lusitanos</span> <span class='ocrx_word' id='word_1_122' title='bbox 855 2364 970 2432; x_wconf 86' lang='lat' dir='ltr'>fuisse.</span> <span class='ocrx_word' id='word_1_123' title='bbox 1017 2365 1118 2453; x_wconf 92' lang='lat' dir='ltr'>Quod</span> <span class='ocrx_word' id='word_1_124' title='bbox 1142 2381 1174 2431; x_wconf 92' lang='lat' dir='ltr'>et</span> <span class='ocrx_word' id='word_1_125' title='bbox 1197 2364 1366 2447; x_wconf 88' lang='lat' dir='ltr'>speciatim</span> 
     </span>
     <span class='ocr_line' id='line_1_17' title="bbox 196 2474 1523 2560; baseline 0.003 -21"><span class='ocrx_word' id='word_1_126' title='bbox 196 2476 259 2539; x_wconf 92' lang='lat' dir='ltr'>hoc</span> <span class='ocrx_word' id='word_1_127' title='bbox 282 2474 382 2540; x_wconf 93' lang='lat' dir='ltr'>modo</span> <span class='ocrx_word' id='word_1_128' title='bbox 412 2477 579 2558; x_wconf 89' lang='lat' dir='ltr'>probatur.</span> <span class='ocrx_word' id='word_1_129' title='bbox 622 2476 736 2560; x_wconf 86' lang='lat' dir='ltr'>Justae</span> <span class='ocrx_word' id='word_1_130' title='bbox 759 2478 920 2544; x_wconf 91' lang='lat' dir='ltr'>bellorum</span> <span class='ocrx_word' id='word_1_131' title='bbox 945 2496 1060 2542; x_wconf 83' lang='lat' dir='ltr'>causae</span> <span class='ocrx_word' id='word_1_132' title='bbox 1081 2491 1158 2543; x_wconf 91' lang='lat' dir='ltr'>sunt</span> <span class='ocrx_word' id='word_1_133' title='bbox 1182 2497 1288 2543; x_wconf 89' lang='lat' dir='ltr'>rerum</span> <span class='ocrx_word' id='word_1_134' title='bbox 1312 2492 1367 2542; x_wconf 91' lang='lat' dir='ltr'>aut</span> <span class='ocrx_word' id='word_1_135' title='bbox 1380 2497 1523 2543; x_wconf 60' lang='lat' dir='ltr'>rer-onte</span> 
     </span>
    </p>
   </div>
   <div class='ocr_carea' id='block_1_3' title="bbox 1380 2562 1526 2598">
    <p class='ocr_par' dir='ltr' id='par_1_4' title="bbox 1380 2562 1526 2598">
     <span class='ocr_line' id='line_1_18' title="bbox 1380 2562 1526 2598; baseline 0 -2"><span class='ocrx_word' id='word_1_136' title='bbox 1380 2562 1428 2598; x_wconf 65' lang='lat' dir='ltr'><em>art.</em></span> <span class='ocrx_word' id='word_1_137' title='bbox 1438 2568 1458 2598; x_wconf 86' lang='lat'>1.</span> <span class='ocrx_word' id='word_1_138' title='bbox 1473 2566 1526 2598; x_wconf 64' lang='lat' dir='ltr'><em>exa-</em></span> 
     </span>
    </p>
   </div>
   <div class='ocr_carea' id='block_1_4' title="bbox 194 2584 1464 2670">
    <p class='ocr_par' dir='ltr' id='par_1_5' title="bbox 194 2584 1464 2670">
     <span class='ocr_line' id='line_1_19' title="bbox 194 2584 1464 2670; baseline 0.001 -20"><span class='ocrx_word' id='word_1_139' title='bbox 194 2584 344 2652; x_wconf 87' lang='lat' dir='ltr'>defensio</span> <span class='ocrx_word' id='word_1_140' title='bbox 368 2602 424 2652; x_wconf 89' lang='lat' dir='ltr'>aut</span> <span class='ocrx_word' id='word_1_141' title='bbox 447 2587 675 2669; x_wconf 85' lang='lat' dir='ltr'>recuperatio,</span> <span class='ocrx_word' id='word_1_142' title='bbox 699 2588 802 2654; x_wconf 91' lang='lat' dir='ltr'>debiti</span> <span class='ocrx_word' id='word_1_143' title='bbox 826 2603 859 2654; x_wconf 90' lang='lat' dir='ltr'>et</span> <span class='ocrx_word' id='word_1_144' title='bbox 881 2608 1005 2670; x_wconf 88' lang='lat' dir='ltr'>poenae</span> <span class='ocrx_word' id='word_1_145' title='bbox 1026 2588 1165 2655; x_wconf 88' lang='lat' dir='ltr'>exactio.</span> <span class='ocrx_word' id='word_1_146' title='bbox 1213 2587 1250 2653; x_wconf 94' lang='lat' dir='ltr'>In</span> <span class='ocrx_word' id='word_1_147' title='bbox 1270 2589 1367 2655; x_wconf 87' lang='lat' dir='ltr'>rebus</span> <span class='ocrx_word' id='word_1_148' title='bbox 1380 2621 1428 2652; x_wconf 73' lang='lat' dir='ltr'>mm</span> <span class='ocrx_word' id='word_1_149' title='bbox 1445 2622 1464 2652; x_wconf 86' lang='lat'>1.</span> 
     </span>
    </p>
   </div>
   <div class='ocr_carea' id='block_1_5' title="bbox 192 2695 1523 3232">
    <p class='ocr_par' dir='ltr' id='par_1_6' title="bbox 192 2695 1523 3232">
     <span class='ocr_line' id='line_1_20' title="bbox 195 2695 1365 2782; baseline 0.003 -20"><span class='ocrx_word' id='word_1_150' title='bbox 195 2698 290 2762; x_wconf 88' lang='lat' dir='ltr'>etiam</span> <span class='ocrx_word' id='word_1_151' title='bbox 311 2700 386 2782; x_wconf 89' lang='lat' dir='ltr'>jura</span> <span class='ocrx_word' id='word_1_152' title='bbox 405 2700 678 2782; x_wconf 88' lang='lat' dir='ltr'>comprehendere</span> <span class='ocrx_word' id='word_1_153' title='bbox 699 2701 875 2766; x_wconf 85' lang='lat' dir='ltr'>debemus:</span> <span class='ocrx_word' id='word_1_154' title='bbox 900 2714 932 2765; x_wconf 90' lang='lat' dir='ltr'>et</span> <span class='ocrx_word' id='word_1_155' title='bbox 952 2699 999 2765; x_wconf 90' lang='lat' dir='ltr'>sic</span> <span class='ocrx_word' id='word_1_156' title='bbox 1020 2698 1141 2765; x_wconf 91' lang='lat' dir='ltr'>Baldus</span> <span class='ocrx_word' id='word_1_157' title='bbox 1160 2695 1172 2731; x_wconf 83' lang='lat'><em>²</em></span> <span class='ocrx_word' id='word_1_158' title='bbox 1191 2698 1273 2766; x_wconf 93' lang='lat' dir='ltr'>dicit</span> <span class='ocrx_word' id='word_1_159' title='bbox 1292 2720 1365 2766; x_wconf 91' lang='lat' dir='ltr'>eum</span> 
     </span>
     <span class='ocr_line' id='line_1_21' title="bbox 194 2808 1367 2896; baseline 0.003 -22"><span class='ocrx_word' id='word_1_160' title='bbox 194 2808 253 2891; x_wconf 92' lang='lat' dir='ltr'>qui</span> <span class='ocrx_word' id='word_1_161' title='bbox 282 2812 355 2894; x_wconf 89' lang='lat' dir='ltr'>jure</span> <span class='ocrx_word' id='word_1_162' title='bbox 387 2830 461 2876; x_wconf 88' lang='lat' dir='ltr'>meo</span> <span class='ocrx_word' id='word_1_163' title='bbox 489 2831 540 2875; x_wconf 92' lang='lat' dir='ltr'>me</span> <span class='ocrx_word' id='word_1_164' title='bbox 565 2811 612 2877; x_wconf 91' lang='lat' dir='ltr'>uti</span> <span class='ocrx_word' id='word_1_165' title='bbox 636 2812 790 2894; x_wconf 88' lang='lat' dir='ltr'>prohibet</span> <span class='ocrx_word' id='word_1_166' title='bbox 812 2826 900 2878; x_wconf 92' lang='lat' dir='ltr'>recte</span> <span class='ocrx_word' id='word_1_167' title='bbox 924 2812 1059 2878; x_wconf 90' lang='lat' dir='ltr'>offendi.</span> <span class='ocrx_word' id='word_1_168' title='bbox 1103 2812 1163 2896; x_wconf 90' lang='lat' dir='ltr'>Jus</span> <span class='ocrx_word' id='word_1_169' title='bbox 1187 2826 1293 2877; x_wconf 91' lang='lat' dir='ltr'>autem</span> <span class='ocrx_word' id='word_1_170' title='bbox 1318 2827 1367 2878; x_wconf 88' lang='lat' dir='ltr'>est</span> 
     </span>
     <span class='ocr_line' id='line_1_22' title="bbox 193 2922 1366 3009; baseline 0.004 -24"><span class='ocrx_word' id='word_1_171' title='bbox 193 2935 264 2986; x_wconf 91' lang='lat' dir='ltr'>tum</span> <span class='ocrx_word' id='word_1_172' title='bbox 288 2922 381 3002; x_wconf 92' lang='lat' dir='ltr'>quod</span> <span class='ocrx_word' id='word_1_173' title='bbox 402 2922 579 3005; x_wconf 86' lang='lat' dir='ltr'>privatim,</span> <span class='ocrx_word' id='word_1_174' title='bbox 604 2938 673 2989; x_wconf 91' lang='lat' dir='ltr'>tum</span> <span class='ocrx_word' id='word_1_175' title='bbox 698 2925 789 3006; x_wconf 89' lang='lat' dir='ltr'>quod</span> <span class='ocrx_word' id='word_1_176' title='bbox 809 2926 882 3009; x_wconf 86' lang='lat' dir='ltr'>jure</span> <span class='ocrx_word' id='word_1_177' title='bbox 903 2926 1062 2989; x_wconf 87' lang='lat' dir='ltr'>humanae</span> <span class='ocrx_word' id='word_1_178' title='bbox 1083 2923 1249 2992; x_wconf 88' lang='lat' dir='ltr'>societatis</span> <span class='ocrx_word' id='word_1_179' title='bbox 1269 2924 1366 2990; x_wconf 90' lang='lat' dir='ltr'>nobis</span> 
     </span>
     <span class='ocr_line' id='line_1_23' title="bbox 192 3034 1365 3121; baseline 0.003 -23"><span class='ocrx_word' id='word_1_180' title='bbox 192 3034 372 3116; x_wconf 89' lang='lat' dir='ltr'>competit,</span> <span class='ocrx_word' id='word_1_181' title='bbox 396 3034 489 3099; x_wconf 93' lang='lat' dir='ltr'>utin</span> <span class='ocrx_word' id='word_1_182' title='bbox 514 3054 610 3101; x_wconf 85' lang='lat' dir='ltr'>causa</span> <span class='ocrx_word' id='word_1_183' title='bbox 633 3036 711 3101; x_wconf 87' lang='lat' dir='ltr'>belli</span> <span class='ocrx_word' id='word_1_184' title='bbox 735 3036 893 3103; x_wconf 89' lang='lat' dir='ltr'>adversus</span> <span class='ocrx_word' id='word_1_185' title='bbox 915 3038 1112 3102; x_wconf 87' lang='lat' dir='ltr'>Amorraeos</span> <span class='ocrx_word' id='word_1_186' title='bbox 1133 3035 1365 3121; x_wconf 81' lang='lat' dir='ltr'>Augustinus³</span> 
     </span>
     <span class='ocr_line' id='line_1_24' title="bbox 193 3147 1523 3232; baseline 0.005 -22"><span class='ocrx_word' id='word_1_187' title='bbox 193 3147 363 3227; x_wconf 86' lang='lat' dir='ltr'>loquitur,</span> <span class='ocrx_word' id='word_1_188' title='bbox 384 3148 447 3212; x_wconf 92' lang='lat' dir='ltr'>hoc</span> <span class='ocrx_word' id='word_1_189' title='bbox 469 3161 540 3226; x_wconf 86' lang='lat' dir='ltr'>est,</span> <span class='ocrx_word' id='word_1_190' title='bbox 564 3167 644 3212; x_wconf 86' lang='lat' dir='ltr'>usus</span> <span class='ocrx_word' id='word_1_191' title='bbox 665 3150 737 3232; x_wconf 89' lang='lat' dir='ltr'>ejus</span> <span class='ocrx_word' id='word_1_192' title='bbox 760 3148 852 3229; x_wconf 92' lang='lat' dir='ltr'>quod</span> <span class='ocrx_word' id='word_1_193' title='bbox 874 3167 1047 3213; x_wconf 90' lang='lat' dir='ltr'>commune</span> <span class='ocrx_word' id='word_1_194' title='bbox 1070 3163 1143 3228; x_wconf 84' lang='lat' dir='ltr'>est,</span> <span class='ocrx_word' id='word_1_195' title='bbox 1165 3162 1246 3231; x_wconf 91' lang='lat' dir='ltr'>puta</span> <span class='ocrx_word' id='word_1_196' title='bbox 1269 3147 1523 3227; x_wconf 63' lang='lat' dir='ltr'>mansuetum„</span> 
     </span>
    </p>
   </div>
   <div class='ocr_carea' id='block_1_6' title="bbox 194 3237 1524 3345">
    <p class='ocr_par' dir='ltr' id='par_1_7' title="bbox 194 3237 1524 3345">
     <span class='ocr_line' id='line_1_25' title="bbox 194 3237 1524 3345; baseline -0.031 -22"><span class='ocrx_word' id='word_1_197' title='bbox 194 3272 227 3323; x_wconf 91' lang='lat' dir='ltr'>et</span> <span class='ocrx_word' id='word_1_198' title='bbox 258 3258 538 3324; x_wconf 90' lang='lat' dir='ltr'>commerciorum.</span> <span class='ocrx_word' id='word_1_199' title='bbox 585 3258 621 3324; x_wconf 89' lang='lat' dir='ltr'>Si</span> <span class='ocrx_word' id='word_1_200' title='bbox 654 3259 730 3341; x_wconf 93' lang='lat' dir='ltr'>quis</span> <span class='ocrx_word' id='word_1_201' title='bbox 762 3258 862 3343; x_wconf 85' lang='lat' dir='ltr'>igitur</span> <span class='ocrx_word' id='word_1_202' title='bbox 893 3261 947 3345; x_wconf 90' lang='lat' dir='ltr'>jus</span> <span class='ocrx_word' id='word_1_203' title='bbox 979 3260 1043 3326; x_wconf 83' lang='lat' dir='ltr'>tale</span> <span class='ocrx_word' id='word_1_204' title='bbox 1076 3260 1169 3341; x_wconf 75' lang='lat' dir='ltr'>quasi</span> <span class='ocrx_word' id='word_1_205' title='bbox 1200 3237 1482 3343; x_wconf 57' lang='lat' dir='ltr'>possideatmm‘·</span> <span class='ocrx_word' id='word_1_206' title='bbox 1503 3242 1524 3273; x_wconf 83' lang='lat'>2·</span> 
     </span>
    </p>
   </div>
   <div class='ocr_carea' id='block_1_7' title="bbox 185 3368 1367 4120">
    <p class='ocr_par' dir='ltr' id='par_1_8' title="bbox 185 3368 1367 4120">
     <span class='ocr_line' id='line_1_26' title="bbox 193 3368 1365 3454; baseline 0.003 -20"><span class='ocrx_word' id='word_1_207' title='bbox 193 3384 281 3434; x_wconf 89' lang='lat' dir='ltr'>recte</span> <span class='ocrx_word' id='word_1_208' title='bbox 305 3368 471 3435; x_wconf 87' lang='lat' dir='ltr'>defendet.</span> <span class='ocrx_word' id='word_1_209' title='bbox 497 3371 545 3435; x_wconf 88' lang='lat' dir='ltr'>Ita</span> <span class='ocrx_word' id='word_1_210' title='bbox 569 3370 773 3453; x_wconf 91' lang='lat' dir='ltr'>Pomponius</span> <span class='ocrx_word' id='word_1_211' title='bbox 792 3376 803 3411; x_wconf 76' lang='lat'>⁴</span> <span class='ocrx_word' id='word_1_212' title='bbox 824 3392 896 3437; x_wconf 86' lang='lat' dir='ltr'>eum</span> <span class='ocrx_word' id='word_1_213' title='bbox 910 3419 921 3453; x_wconf 90' lang='lat'>‚</span> <span class='ocrx_word' id='word_1_214' title='bbox 935 3372 993 3454; x_wconf 92' lang='lat' dir='ltr'>qui</span> <span class='ocrx_word' id='word_1_215' title='bbox 1014 3392 1082 3437; x_wconf 86' lang='lat' dir='ltr'>rem</span> <span class='ocrx_word' id='word_1_216' title='bbox 1104 3372 1257 3439; x_wconf 91' lang='lat' dir='ltr'>omnibus</span> <span class='ocrx_word' id='word_1_217' title='bbox 1277 3392 1365 3438; x_wconf 91' lang='lat' dir='ltr'>com·</span> 
     </span>
     <span class='ocr_line' id='line_1_27' title="bbox 194 3482 1365 3569; baseline 0.003 -24"><span class='ocrx_word' id='word_1_218' title='bbox 194 3500 323 3546; x_wconf 88' lang='lat' dir='ltr'>munem</span> <span class='ocrx_word' id='word_1_219' title='bbox 337 3502 412 3547; x_wconf 93' lang='lat' dir='ltr'>cum</span> <span class='ocrx_word' id='word_1_220' title='bbox 437 3482 646 3548; x_wconf 91' lang='lat' dir='ltr'>incommodo</span> <span class='ocrx_word' id='word_1_221' title='bbox 669 3498 869 3549; x_wconf 89' lang='lat' dir='ltr'>caeterorum</span> <span class='ocrx_word' id='word_1_222' title='bbox 898 3499 1053 3567; x_wconf 86' lang='lat' dir='ltr'>usurpet,</span> <span class='ocrx_word' id='word_1_223' title='bbox 1068 3504 1170 3549; x_wconf 82' lang='lat' dir='ltr'>manu</span> <span class='ocrx_word' id='word_1_224' title='bbox 1187 3485 1365 3569; x_wconf 81' lang='lat' dir='ltr'>prohiben-</span> 
     </span>
     <span class='ocr_line' id='line_1_28' title="bbox 193 3574 1367 3679; baseline 0.003 -22"><span class='ocrx_word' id='word_1_225' title='bbox 193 3591 271 3657; x_wconf 83' lang='lat' dir='ltr'>dum</span> <span class='ocrx_word' id='word_1_226' title='bbox 304 3593 398 3659; x_wconf 89' lang='lat' dir='ltr'>dicit.</span> <span class='ocrx_word' id='word_1_227' title='bbox 443 3594 530 3658; x_wconf 91' lang='lat' dir='ltr'>Nam</span> <span class='ocrx_word' id='word_1_228' title='bbox 566 3594 698 3676; x_wconf 91' lang='lat' dir='ltr'>quoties</span> <span class='ocrx_word' id='word_1_229' title='bbox 732 3596 766 3661; x_wconf 92' lang='lat' dir='ltr'>in</span> <span class='ocrx_word' id='word_1_230' title='bbox 795 3574 935 3679; x_wconf 72' lang='lat' dir='ltr'>iudiciis</span> <span class='ocrx_word' id='word_1_231' title='bbox 968 3596 1141 3662; x_wconf 91' lang='lat' dir='ltr'>interdicta</span> <span class='ocrx_word' id='word_1_232' title='bbox 1175 3612 1367 3679; x_wconf 89' lang='lat' dir='ltr'>competunt</span> 
     </span>
     <span class='ocr_line' id='line_1_29' title="bbox 192 3704 1364 3791; baseline 0.005 -23"><span class='ocrx_word' id='word_1_233' title='bbox 192 3704 435 3786; x_wconf 86' lang='lat' dir='ltr'>prohibitoria,</span> <span class='ocrx_word' id='word_1_234' title='bbox 469 3706 568 3771; x_wconf 91' lang='lat' dir='ltr'>toties</span> <span class='ocrx_word' id='word_1_235' title='bbox 592 3721 680 3772; x_wconf 86' lang='lat' dir='ltr'>extra</span> <span class='ocrx_word' id='word_1_236' title='bbox 702 3706 825 3790; x_wconf 88' lang='lat' dir='ltr'>judicia</span> <span class='ocrx_word' id='word_1_237' title='bbox 848 3706 1031 3789; x_wconf 92' lang='lat' dir='ltr'>prohibitio</span> <span class='ocrx_word' id='word_1_238' title='bbox 1055 3708 1213 3791; x_wconf 88' lang='lat' dir='ltr'>competit</span> <span class='ocrx_word' id='word_1_239' title='bbox 1235 3724 1364 3773; x_wconf 90' lang='lat' dir='ltr'>armata.</span> 
     </span>
     <span class='ocr_line' id='line_1_30' title="bbox 192 3814 1365 3907; baseline 0.003 -27"><span class='ocrx_word' id='word_1_240' title='bbox 192 3816 327 3881; x_wconf 91' lang='lat' dir='ltr'>Praetor</span> <span class='ocrx_word' id='word_1_241' title='bbox 355 3818 388 3880; x_wconf 84' lang='lat'>⁸:</span> <span class='ocrx_word' id='word_1_242' title='bbox 426 3814 606 3899; x_wconf 81' lang='lat' dir='ltr'>Quomr&#39;nus</span> <span class='ocrx_word' id='word_1_243' title='bbox 639 3817 696 3881; x_wconf 83' lang='lat' dir='ltr'>illi</span> <span class='ocrx_word' id='word_1_244' title='bbox 726 3821 763 3881; x_wconf 83' lang='lat' dir='ltr'>in</span> <span class='ocrx_word' id='word_1_245' title='bbox 789 3820 928 3903; x_wconf 76' lang='lat' dir='ltr'>flumine</span> <span class='ocrx_word' id='word_1_246' title='bbox 945 3819 1079 3904; x_wconf 84' lang='lat' dir='ltr'>publico</span> <span class='ocrx_word' id='word_1_247' title='bbox 1103 3841 1218 3887; x_wconf 78' lang='lat' dir='ltr'>navem</span> <span class='ocrx_word' id='word_1_248' title='bbox 1242 3841 1365 3907; x_wconf 81' lang='lat' dir='ltr'>agere,</span> 
     </span>
     <span class='ocr_line' id='line_1_31' title="bbox 192 3932 1363 4015; baseline 0.004 -24"><span class='ocrx_word' id='word_1_249' title='bbox 192 3941 299 3992; x_wconf 81' lang='lat' dir='ltr'>ratem</span> <span class='ocrx_word' id='word_1_250' title='bbox 322 3949 445 4013; x_wconf 78' lang='lat' dir='ltr'>agere,</span> <span class='ocrx_word' id='word_1_251' title='bbox 477 3950 580 4013; x_wconf 74' lang='lat' dir='ltr'>quone</span> <span class='ocrx_word' id='word_1_252' title='bbox 598 3932 706 3993; x_wconf 82' lang='lat' dir='ltr'>minus</span> <span class='ocrx_word' id='word_1_253' title='bbox 724 3944 788 4015; x_wconf 84' lang='lat' dir='ltr'>per</span> <span class='ocrx_word' id='word_1_254' title='bbox 811 3934 922 4015; x_wconf 82' lang='lat' dir='ltr'>ripam</span> <span class='ocrx_word' id='word_1_255' title='bbox 946 3952 1130 3995; x_wconf 80' lang='lat' dir='ltr'>exonerare</span> <span class='ocrx_word' id='word_1_256' title='bbox 1152 3932 1274 4012; x_wconf 80' lang='lat' dir='ltr'>liceat,</span> <span class='ocrx_word' id='word_1_257' title='bbox 1297 3936 1363 3997; x_wconf 77' lang='lat' dir='ltr'>nim</span> 
     </span>
     <span class='ocr_line' id='line_1_32' title="bbox 185 4034 1362 4120; baseline 0.005 -19"><span class='ocrx_word' id='word_1_258' title='bbox 185 4034 266 4120; x_wconf 79' lang='lat' dir='ltr'>ficri</span> <span class='ocrx_word' id='word_1_259' title='bbox 296 4051 378 4103; x_wconf 73' lang='lat' dir='ltr'>reto.</span> <span class='ocrx_word' id='word_1_260' title='bbox 424 4038 476 4103; x_wconf 89' lang='lat' dir='ltr'>De</span> <span class='ocrx_word' id='word_1_261' title='bbox 508 4038 588 4103; x_wconf 94' lang='lat' dir='ltr'>mari</span> <span class='ocrx_word' id='word_1_262' title='bbox 622 4054 654 4105; x_wconf 93' lang='lat' dir='ltr'>et</span> <span class='ocrx_word' id='word_1_263' title='bbox 685 4038 797 4105; x_wconf 88' lang='lat' dir='ltr'>littore</span> <span class='ocrx_word' id='word_1_264' title='bbox 829 4039 862 4104; x_wconf 93' lang='lat' dir='ltr'>in</span> <span class='ocrx_word' id='word_1_265' title='bbox 895 4040 1038 4106; x_wconf 88' lang='lat' dir='ltr'>eamdem</span> <span class='ocrx_word' id='word_1_266' title='bbox 1063 4039 1197 4106; x_wconf 88' lang='lat' dir='ltr'>formam</span> <span class='ocrx_word' id='word_1_267' title='bbox 1222 4042 1362 4108; x_wconf 90' lang='lat' dir='ltr'>dandum</span> 
     </span>
    </p>
   </div>
   <div class='ocr_carea' id='block_1_8' title="bbox 191 4322 1363 4572">
    <p class='ocr_par' dir='ltr' id='par_1_9' title="bbox 191 4322 1363 4572">
     <span class='ocr_line' id='line_1_33' title="bbox 225 4322 1363 4391; baseline 0.008 -20"><span class='ocrx_word' id='word_1_268' title='bbox 225 4324 329 4372; x_wconf 77' lang='grc' dir='ltr'>ιῐηίιίο</span> <span class='ocrx_word' id='word_1_269' title='bbox 355 4324 454 4384; x_wconf 80' lang='lat' dir='ltr'>capitis.</span> <span class='ocrx_word' id='word_1_270' title='bbox 490 4322 501 4355; x_wconf 86' lang='lat'>²</span> <span class='ocrx_word' id='word_1_271' title='bbox 525 4324 552 4372; x_wconf 92' lang='lat' dir='ltr'>in</span> <span class='ocrx_word' id='word_1_272' title='bbox 574 4327 590 4373; x_wconf 90' lang='lat'>1.</span> <span class='ocrx_word' id='word_1_273' title='bbox 619 4338 639 4373; x_wconf 86' lang='lat' dir='ltr'>t.</span> <span class='ocrx_word' id='word_1_274' title='bbox 665 4327 695 4374; x_wconf 86' lang='lat' dir='ltr'>C.</span> <span class='ocrx_word' id='word_1_275' title='bbox 720 4328 787 4375; x_wconf 88' lang='lat' dir='ltr'>unde</span> <span class='ocrx_word' id='word_1_276' title='bbox 805 4327 840 4375; x_wconf 89' lang='lat' dir='ltr'>vi.</span> <span class='ocrx_word' id='word_1_277' title='bbox 861 4328 904 4389; x_wconf 85' lang='lat' dir='ltr'>[c.</span> <span class='ocrx_word' id='word_1_278' title='bbox 924 4331 947 4377; x_wconf 85' lang='lat'>8.</span> <span class='ocrx_word' id='word_1_279' title='bbox 965 4330 1002 4390; x_wconf 86' lang='lat'>4.]</span> <span class='ocrx_word' id='word_1_280' title='bbox 1021 4342 1046 4376; x_wconf 94' lang='lat' dir='ltr'>n.</span> <span class='ocrx_word' id='word_1_281' title='bbox 1065 4332 1104 4387; x_wconf 83' lang='lat'>38.</span> <span class='ocrx_word' id='word_1_282' title='bbox 1140 4330 1261 4380; x_wconf 74' lang='lat' dir='ltr'>&#39;citatus</span> <span class='ocrx_word' id='word_1_283' title='bbox 1279 4344 1363 4391; x_wconf 83' lang='lat' dir='ltr'>supra.</span> 
     </span>
     <span class='ocr_line' id='line_1_34' title="bbox 191 4414 1363 4483; baseline 0.009 -22"><span class='ocrx_word' id='word_1_284' title='bbox 191 4414 203 4446; x_wconf 92' lang='lat'><strong>⁴</strong></span> <span class='ocrx_word' id='word_1_285' title='bbox 228 4417 245 4462; x_wconf 86' lang='grc' dir='ltr'>Ι.</span> <span class='ocrx_word' id='word_1_286' title='bbox 268 4416 384 4475; x_wconf 80' lang='lat' dir='ltr'>quamvis</span> <span class='ocrx_word' id='word_1_287' title='bbox 410 4417 482 4476; x_wconf 89' lang='lat' dir='ltr'>qnod</span> <span class='ocrx_word' id='word_1_288' title='bbox 505 4417 532 4465; x_wconf 89' lang='lat' dir='ltr'>in</span> <span class='ocrx_word' id='word_1_289' title='bbox 557 4417 653 4465; x_wconf 89' lang='lat' dir='ltr'>littore.</span> <span class='ocrx_word' id='word_1_290' title='bbox 678 4418 704 4465; x_wconf 76' lang='lat' dir='ltr'>ff.</span> <span class='ocrx_word' id='word_1_291' title='bbox 729 4420 761 4466; x_wconf 82' lang='lat' dir='ltr'>de</span> <span class='ocrx_word' id='word_1_292' title='bbox 786 4432 842 4479; x_wconf 86' lang='lat' dir='ltr'>acq.</span> <span class='ocrx_word' id='word_1_293' title='bbox 867 4420 935 4467; x_wconf 89' lang='lat' dir='ltr'>dom.</span> <span class='ocrx_word' id='word_1_294' title='bbox 962 4420 1005 4481; x_wconf 91' lang='lat' dir='ltr'>[D.</span> <span class='ocrx_word' id='word_1_295' title='bbox 1030 4434 1071 4481; x_wconf 86' lang='lat'>41·</span> <span class='ocrx_word' id='word_1_296' title='bbox 1100 4434 1121 4469; x_wconf 87' lang='lat'>1.</span> <span class='ocrx_word' id='word_1_297' title='bbox 1141 4422 1193 4483; x_wconf 78' lang='lat' dir='ltr'>so]</span> <span class='ocrx_word' id='word_1_298' title='bbox 1229 4422 1274 4470; x_wconf 83' lang='lat'>⁵1.</span> <span class='ocrx_word' id='word_1_299' title='bbox 1298 4436 1318 4470; x_wconf 88' lang='lat' dir='ltr'>r.</span> <span class='ocrx_word' id='word_1_300' title='bbox 1337 4437 1363 4472; x_wconf 88' lang='lat' dir='ltr'>ut</span> 
     </span>
     <span class='ocr_line' id='line_1_35' title="bbox 191 4506 755 4572; baseline 0.004 -18"><span class='ocrx_word' id='word_1_301' title='bbox 191 4506 219 4554; x_wconf 89' lang='lat' dir='ltr'>in</span> <span class='ocrx_word' id='word_1_302' title='bbox 237 4506 304 4555; x_wconf 86' lang='lat' dir='ltr'>flum.</span> <span class='ocrx_word' id='word_1_303' title='bbox 322 4508 383 4567; x_wconf 91' lang='lat' dir='ltr'>pub.</span> <span class='ocrx_word' id='word_1_304' title='bbox 400 4520 458 4556; x_wconf 84' lang='lat' dir='ltr'>nav.</span> <span class='ocrx_word' id='word_1_305' title='bbox 477 4508 562 4556; x_wconf 79' lang='lat' dir='ltr'>liceat.</span> <span class='ocrx_word' id='word_1_306' title='bbox 581 4508 626 4570; x_wconf 91' lang='lat' dir='ltr'>[D.</span> <span class='ocrx_word' id='word_1_307' title='bbox 643 4520 684 4569; x_wconf 83' lang='lat'>43.</span> <span class='ocrx_word' id='word_1_308' title='bbox 704 4508 755 4572; x_wconf 88' lang='lat'>14.]</span> 
     </span>
    </p>
   </div>
   <div class='ocr_carea' id='block_1_9' title="bbox 0 0 1730 5434">
    <p class='ocr_par' dir='ltr' id='par_1_10' title="bbox 0 0 1730 5434">
     <span class='ocr_line' id='line_1_36' title="bbox 0 0 1730 5434; baseline 0 1"><span class='ocrx_word' id='word_1_309' title='bbox 0 0 1730 5434; x_wconf 95' lang='lat' dir='ltr'> </span> 
     </span>
    </p>
   </div>
  </div>
 </body>
</html>
