3450 5434
534 620 582 667 on
606 620 701 687 June
725 619 912 701 assensn.
939 620 1018 668 cxr.
1046 622 1079 667 x.
1327 624 1386 686 139

210 787 273 839 aut
302 776 333 839 is
363 777 419 840 cui
444 773 610 861 praedam
639 774 879 861 acquirendam
902 774 961 841 illa
983 778 1181 862 assignavit.
1226 774 1384 859 Sequitur
1403 798 1477 863 confi.
1487 799 1530 845 rx.

210 885 427 953 consideratio
461 885 677 967 acquirendae
710 887 847 969 praedae
881 906 921 951 ex
954 888 1042 953 bello
1075 887 1232 971 publico:
1265 887 1298 953 in
1323 909 1388 971 qua
1396 852 1507 968 iiiiii·

210 1014 286 1062 sane
321 1017 360 1063 eo
390 997 543 1081 majorem
578 996 714 1063 anobis
744 997 824 1080 ipsis
855 997 1056 1083 diligentiam
1092 998 1274 1083 exigimus,
1309 986 1519 1087 quiamgf'

209 1108 407 1191 posteriores
424 1107 653 1192 jurisconsulti
685 1108 791 1174 secuti
822 1128 983 1175 canonum
1007 1110 1199 1193 interpretes
1221 1131 1278 1193 ea,
1302 1132 1387 1194 quae

210 1234 288 1284 sunt
299 1204 551 1285 consuetudinis
563 1234 596 1285 et
615 1219 748 1301 quidem
767 1219 901 1287 minime
920 1222 1134 1301 universalis,
1156 1222 1250 1303 quasi
1269 1222 1387 1306 prima-

209 1329 294 1395 rium
312 1331 368 1414 jus
389 1330 536 1415 gentium
567 1332 765 1397 retulerunt:
799 1346 831 1396 et
862 1331 996 1414 quidem
1027 1333 1071 1397 ita
1100 1348 1305 1416 praepostere
1329 1346 1385 1417 ut,

210 1459 283 1505 cum
314 1459 410 1524 saepe
443 1442 599 1527 legissent
620 1442 656 1508 in
684 1443 758 1527 jure
781 1444 934 1509 Romano
957 1458 1051 1526 capta
1074 1442 1270 1527 capientium
1294 1444 1386 1527 fieri,

209 1550 243 1616 in
267 1552 449 1617 canonibus
481 1568 589 1618 autem
618 1549 772 1619 distribui
800 1553 952 1637 praedam
979 1554 1114 1637 publico
1142 1554 1298 1638 arbitrio,
1331 1556 1388 1622 alii

208 1678 286 1746 post
317 1663 400 1729 alios
420 1667 429 1699 ¹
450 1663 593 1729 dixerint
622 1664 728 1747 primo
760 1664 832 1731 fieri
863 1681 956 1748 capta
985 1667 1190 1752 singulorum
1213 1686 1310 1734 manu
1334 1688 1387 1733 ca-

209 1773 394 1858 pientium,
425 1775 485 1840 sed
515 1790 623 1841 tamen
654 1775 847 1861 assignanda
879 1776 979 1858 duci,
1012 1777 1069 1859 qui
1100 1777 1274 1845 distribuat
1303 1779 1388 1845 inter

209 1886 346 1952 milites:
380 1886 472 1967 quod
502 1886 636 1968 quidem
670 1888 828 1955 rationem
855 1890 977 1955 nullam
1001 1888 1112 1955 habet.
1157 1889 1244 1955 Nam
1265 1889 1386 1975 singuli

210 1996 259 2062 illi
290 1996 454 2079 capientes
486 2018 562 2063 cunr
595 2018 691 2064 causa
722 1999 965 2081 destituantur,
995 2014 1033 2065 ut
1055 1999 1219 2082 diximus,
1243 2000 1330 2067 sicut
1352 2002 1385 2067 in

206 2107 361 2191 privato,
384 2106 430 2174 ita
448 2107 482 2174 in
501 2109 635 2191 publico
656 2110 827 2207 bellosnon
840 2127 980 2193 possunt
992 2111 1171 2194 acquirere.
1194 2112 1232 2176 In
1242 2127 1386 2196 utroque

208 2218 294 2284 enim
316 2218 427 2283 eadem
447 2218 608 2285 obtinent.
631 2220 776 2286 Primum
796 2240 870 2286 cum
891 2222 1073 2305 pertineant
1093 2224 1133 2288 ad
1153 2224 1385 2306 rempublicam

208 2329 288 2395 belli
300 2330 528 2411 susceptricem
542 2331 656 2397 damna
675 2346 708 2397 et
728 2331 912 2415 impensae,
925 2354 1008 2417 quae
1025 2355 1043 2399 a
1060 2334 1201 2401 subditis
1219 2334 1386 2417 sociisque

207 2442 413 2522 tolerantur,
446 2455 484 2506 ut
516 2441 594 2508 alibi
627 2441 750 2507 dictum
782 2462 859 2509 mox
881 2445 1012 2528 planius
1035 2446 1272 2529 explicabitur,
1306 2448 1385 2511 haec

207 2572 336 2618 summo
358 2552 534 2637 privilegio
557 2553 598 2618 de
619 2554 738 2635 praeda
759 2553 949 2621 deducenda
970 2571 1057 2621 sunt.
1103 2555 1317 2624 Praeferenda
1336 2572 1387 2623 est

210 2662 305 2728 etiam
329 2667 465 2729 caeteris
487 2663 672 2746 respublica
695 2664 728 2730 in
752 2665 841 2731 omni
868 2667 964 2750 Jure,
986 2668 1078 2748 quod
1103 2666 1202 2733 habet
1230 2667 1384 2735 adversus

208 2774 361 2855 hostem,
389 2789 457 2840 tum
490 2774 568 2857 quia
594 2773 770 2858 vigilavit,
802 2790 873 2841 tum
903 2776 980 2859 qnia
1011 2796 1078 2842 non
1108 2791 1229 2843 temere
1260 2778 1385 2861 ubique

208 2900 374 2966 receptum
398 2900 469 2965 est,
502 2900 540 2950 ut
561 2884 663 2951 fiscus
693 2887 812 2951 habeat
832 2891 1067 2971 πρωτοπραξίαν,
1100 2888 1309 2970 primumque
1329 2890 1384 2973 jus

208 2994 323 3061 crediti
355 2995 524 3081 exigendi:
556 2996 694 3062 maxime
727 2996 760 3061 in
793 2998 898 3063 laesae
929 2997 1108 3083 majestatis
1139 3000 1295 3081 crimine,
1312 3017 1315 3030 ’
1330 3001 1384 3068 cui

208 3122 413 3189 comparatur
436 3106 508 3191 ejus
527 3106 724 3190 reipublicae
742 3107 922 3191 iniquitas,
947 3130 1030 3191 quae
1048 3110 1182 3177 alterius
1201 3111 1385 3179 innocentis

208 3236 319 3300 pacem
339 3232 371 3283 et
389 3232 511 3283 statum
529 3218 649 3284 turbat.
682 3219 735 3284 Ex
753 3220 806 3285 his
825 3239 943 3287 novam
961 3221 1153 3307 colligemus
1170 3224 1383 3306 sententiam,
1398 3240 1472 3285 rara-

1397 3292 1478 3338 desan.

209 3342 304 3411 capta
334 3329 422 3394 bello
449 3328 585 3411 publico
613 3329 811 3413 reipublicae
843 3329 914 3396 fieri
948 3331 1157 3416 suscipientis
1187 3334 1290 3400 donec
1321 3335 1384 3418 ipsi

209 3438 413 3505 satisfactum
437 3439 490 3505 sit.
513 3441 721 3538 Quamquam
745 3461 803 3506 cur
822 3460 942 3508 novam
962 3442 1058 3509 dico?
1075 3443 1179 3526 Apud
1198 3445 1384 3513 Isidorum¹

210 3549 294 3615 inter
315 3550 393 3616 alias
417 3570 502 3632 quae
528 3552 616 3635 apud
647 3552 740 3617 illum
769 3567 847 3619 sunt
870 3553 942 3620 aevi
963 3553 1120 3620 doctioris
1142 3555 1299 3638 reliquias
1321 3559 1384 3623 hoc

210 3660 307 3726 etiarn
335 3661 495 3747 legimus:
528 3662 562 3729 in
592 3664 664 3747 jure
694 3662 827 3729 militari
856 3665 978 3731 versari
1005 3666 1141 3748 praedae
1162 3666 1384 3750 decisionem,

211 3787 243 3838 et
261 3792 321 3855 pro
340 3791 550 3856 personarum
571 3774 786 3857 qualitatibus
805 3790 836 3841 et
856 3776 1022 3842 laboribus
1039 3779 1158 3861 justam
1171 3778 1383 3847 divisionem:

208 3882 287 3948 item
321 3882 485 3968 Principis
517 3886 715 3967 portionem.
763 3887 858 3973 Quae
891 3887 992 3953 verba
1026 3888 1221 3954 examinanti
1254 3889 1383 3973 liquido

243 4154 251 4186 ¹
269 4156 336 4203 Rara.
358 4157 390 4204 ad
409 4157 427 4204 l.
440 4155 462 4205 si
481 4157 544 4217 qnid
560 4156 638 4207 bello.
652 4160 679 4207 ff.
695 4162 726 4209 de
742 4172 808 4221 capt.
825 4158 870 4224 [D.
885 4174 926 4224 49.
946 4174 984 4217 15.
1004 4161 1056 4224 28.]
1076 4164 1150 4211 Alex.
1167 4174 1192 4210 et
1209 4162 1260 4225 Jas.
1277 4164 1340 4211 adl.
1361 4176 1382 4211 1.

207 4244 235 4296 fs.
259 4247 290 4294 de
312 4259 366 4307 aeq.
383 4260 453 4307 poss.
480 4246 524 4310 [D.
547 4262 588 4310 41.
607 4249 643 4311 m]
662 4250 725 4299 Inst.
743 4252 775 4299 cle
793 4265 842 4299 rcr.
863 4239 916 4301 dlv]
934 4255 955 4310 §-
976 4251 1116 4312 itemquae
1134 4266 1165 4300 ex
1185 4254 1251 4301 host.
1269 4251 1299 4316 [l.
1319 4266 1341 4301 2.
1361 4268 1382 4302 r.

208 4339 231 4396 §-
256 4336 307 4400 ¹7·]
326 4338 385 4385 Pan.
401 4340 433 4386 ad
448 4352 471 4386 c.
486 4340 563 4388 sient.
578 4342 610 4389 de
625 4338 730 4397 jurejnr.
752 4339 890 4404 [Decretal.
907 4356 929 4391 a.
950 4354 989 4401 aa.
1006 4342 1059 4404 ao]
1084 4356 1110 4390 n.
1132 4354 1156 4400 7.
1175 4344 1264 4391 Thom.
1280 4358 1382 4405 gramm.

207 4428 294 4475 Dacis.
312 4428 393 4489 Neap.
410 4442 452 4487 71.
469 4442 494 4477 n.
518 4444 557 4489 ¹7·
574 4432 651 4479 Mart.
670 4433 747 4503 Laud.
763 4435 794 4482 de
812 4433 891 4481 bello.
907 4448 932 4493 q.
949 4447 973 4494 4.
1008 4433 1117 4493 'Etym
1136 4435 1152 4482 l.
1170 4446 1192 4491 5.
1210 4448 1233 4481 c.
1251 4448 1275 4493 7.
1291 4437 1382 4486 citatur

208 4518 235 4565 in
251 4532 273 4566 e.
289 4517 329 4575 ius
345 4519 463 4570 militare.
482 4520 527 4570 ubi
543 4523 603 4572 vide
621 4525 662 4572 Gl.
678 4523 765 4584 [Dect.
783 4525 851 4572 Grae.
871 4537 897 4584 p.
917 4536 938 4572 r.
959 4538 979 4571 1.
997 4525 1047 4585 ro]
