3450 5434
370 640 431 699 208
676 656 723 702 ns
746 656 839 722 Jtmn
868 654 1249 702 eneruauerunt.

368 810 449 875 alter
484 807 588 891 ipsius
621 810 751 875 nomine
783 808 939 892 possedit.
993 809 1126 875 Habent
1161 808 1285 875 insulae
1320 808 1425 888 istae,
1462 830 1545 893 quas

367 920 530 1001 dicimus,
554 935 586 985 et
606 940 731 1003 semper
746 922 932 987 habuerunt
947 940 1026 986 suos
1046 942 1156 1007 reges,
1176 940 1268 986 suam
1288 921 1546 1003 rempublicam,

368 1050 443 1095 suas
472 1033 582 1116 leges,
616 1051 675 1096 sua
702 1034 794 1115 J'ura:
818 1032 990 1098 Lusitanis
1019 1047 1204 1108 mercatus,
1228 1046 1266 1097 ut
1294 1032 1366 1098 aliis
1390 1032 1548 1115 gentibus

367 1142 579 1219 conceditur:
602 1142 713 1225 itaque
742 1158 775 1209 et
803 1144 927 1209 tributa
950 1162 1023 1208 cunt
1046 1144 1217 1227 pendunt,
1242 1157 1275 1207 et
1295 1143 1350 1226 jus
1373 1144 1542 1209 mercandi

366 1274 384 1319 a
407 1251 615 1336 Principibus
647 1269 804 1336 exorant,
828 1255 979 1320 dominos
1002 1275 1036 1321 se
1062 1274 1128 1320 non
1152 1273 1223 1319 esse
1246 1254 1303 1319 sed
1332 1268 1370 1319 ut
1391 1268 1545 1320 externos

366 1365 521 1430 advenire
550 1365 628 1431 satis
659 1381 841 1432 testantur:
873 1386 914 1431 ne
945 1366 1096 1432 habitant
1128 1364 1261 1447 quidem
1285 1364 1349 1431 nisi
1381 1364 1542 1447 precario.

368 1475 415 1540 Et
445 1496 643 1560 quamquam
676 1478 718 1543 ad
748 1472 930 1543 dominium
961 1477 1078 1542 titulus
1111 1496 1176 1541 non
1205 1476 1367 1557 sufficiat,
1402 1475 1480 1556 quia
1514 1490 1546 1539 et

367 1586 536 1670 possessio
563 1588 765 1670 requiritur,
789 1608 865 1655 cum
888 1589 979 1655 aliud
1002 1589 1045 1656 sit
1064 1609 1130 1653 rem
1152 1588 1290 1666 habere,
1314 1586 1405 1651 aliud
1424 1588 1480 1670 jus
1505 1587 1546 1651 ad

367 1719 433 1764 rem
457 1700 741 1781 consequendam,
765 1715 932 1766 tamenne
953 1698 1087 1766 titulum
1112 1699 1245 1781 quidem
1275 1696 1412 1765 dominii
1436 1696 1471 1763 in
1491 1716 1544 1762 eas

367 1825 475 1892 partes
499 1811 668 1877 Lusitanis
691 1813 795 1877 ullum
818 1830 889 1875 esse
909 1811 1052 1889 affirm0,
1076 1830 1174 1892 quem
1194 1828 1261 1876 non
1284 1807 1365 1891 ipsis
1387 1807 1546 1889 eripuerit

367 1922 538 1988 doctorum
560 1922 744 2004 etquidem
769 1922 992 2005 Hispanorum
1015 1921 1184 1987 sententia.
1224 1920 1368 1985 Primum
1385 1918 1413 1985 si
1432 1919 1544 1984 dicent

366 2033 568 2098 inventionis
583 2033 726 2115 praemio
747 2052 800 2098 eas
821 2049 922 2098 terras
941 2033 1004 2100 sibi
1022 2032 1179 2112 cessisse,
1200 2052 1258 2097 nec
1271 2031 1327 2114 jus
1346 2048 1407 2096 nec
1427 2050 1541 2095 verum

366 2143 486 2208 dicent.
507 2143 658 2209 Invenire
686 2144 771 2209 enirn
789 2163 855 2209 non
873 2143 957 2209 illud
979 2159 1048 2223 est,
1073 2143 1179 2209 oculis
1198 2162 1379 2226 usurpare,
1405 2141 1462 2207 sed
1486 2162 1543 2224 ap·

366 2253 590 2336 prehendere,
615 2269 653 2319 ut
675 2254 838 2320 Gordiani
855 2254 993 2337 epistola
1018 2266 1026 2300 ¹
1052 2254 1257 2320 ostenditur:
1278 2254 1365 2319 unde
1386 2272 1543 2337 gramma·

367 2364 423 2429 tici
447 2362 460 2399 ²
494 2364 640 2430 invenire
669 2381 701 2431 et
730 2385 892 2448 occupare
920 2386 979 2449 pro
1007 2364 1117 2433 verbis
1145 2379 1275 2448 ponunt
1300 2364 1385 2431 idem
1415 2362 1543 2449 signifi-

366 2476 535 2544 cantibus:
563 2492 597 2542 et
622 2490 689 2542 tota
717 2477 879 2542 Latinitas
903 2478 914 2514 ³
938 2478 1029 2559 quod
1058 2478 1168 2559 adepti
1192 2494 1328 2555 sumus,
1353 2474 1386 2540 id
1407 2475 1537 2540 demum

366 2588 530 2655 invenisse
551 2608 613 2655 nos
636 2588 740 2669 dicit,
764 2588 820 2655 cui
843 2589 1033 2671 oppositum
1057 2602 1108 2654 est
1129 2587 1275 2671 perdere.
1301 2586 1392 2673 Quin
1417 2601 1449 2651 et
1473 2586 1541 2669 ipsa

365 2701 521 2767 naturalis
542 2701 651 2781 ratio,
675 2716 708 2767 et
730 2702 839 2786 legum
862 2699 983 2767 diserta
1006 2700 1126 2781 verba,
1152 2714 1184 2763 et
1207 2697 1423 2763 eruditiorum
1442 2697 1542 2763 inter-

365 2812 503 2895 pretatio
533 2817 545 2852 ⁴
575 2810 747 2878 manifeste
777 2811 923 2878 ostendit
949 2812 991 2877 ad
1025 2810 1157 2876 titulum
1187 2808 1329 2876 'dominii
1362 2810 1540 2892 parandum

365 2941 434 2989 eam
457 2922 586 2989 demum
608 2924 754 2990 sufficere
775 2921 1019 3003 inventionem,
1036 2940 1121 3003 quae
1144 2941 1218 2987 cum
1239 2920 1446 3004 possessione
1464 2942 1543 2987 con-

362 3034 475 3117 juncta
503 3048 554 3099 est
575 3039 606 3114 ⁸,
634 3032 694 3099 ubi
725 3033 850 3099 scilicet
882 3054 932 3099 res
967 3033 1106 3099 mobiles
1142 3032 1451 3116 apprehenduntur,
1487 3050 1543 3099 aut

364 3143 550 3209 immobiles
571 3144 720 3209 terminis
741 3161 841 3226 atque
864 3144 1015 3211 custodia
1038 3142 1229 3226 saepiuntur
1251 3139 1281 3207 ⁸:
1310 3143 1399 3225 quod
1423 3143 1456 3207 in
1482 3146 1541 3209 hac

365 3254 473 3337 specie
500 3255 565 3321 dici
594 3258 686 3321 nullo
711 3256 810 3322 modo
833 3269 955 3338 potest.
1002 3255 1089 3321 Nam
1112 3254 1271 3337 praesidia
1295 3253 1363 3319 illic
1387 3254 1541 3321 Lusitani

364 3366 457 3429 nulla
477 3365 609 3431 habent.
654 3366 746 3454 Quid
776 3367 868 3447 quod
899 3386 940 3434 ne
972 3366 1128 3448 reperisse
1158 3364 1290 3446 quidem
1314 3365 1438 3431 Indiam
1472 3367 1540 3432 ullo

364 3476 464 3541 modo
493 3476 558 3542 dici
584 3491 724 3558 possunt
745 3476 923 3559 Lusitani,
948 3498 1032 3559 quae
1055 3491 1105 3541 tot
1128 3496 1144 3542 a
1168 3474 1308 3541 saeculis
1328 3474 1435 3541 fuerat
1458 3478 1540 3541 ceie-

364 3585 525 3653 berrima?
545 3588 618 3672 Jam
640 3588 679 3652 ab
704 3587 834 3654 Horatii
856 3589 868 3628 ⁷
893 3602 1037 3670 ternpore

518 3700 666 3786 Impiger
687 3713 851 3765 extremos
873 3702 987 3763 currit
1010 3712 1177 3763 mercator
1200 3696 1248 3763 ad
1269 3696 1367 3763 Indos

518 3811 588 3876 Per
609 3832 704 3876 mara
720 3813 916 3898 pauperiem
933 3808 1082 3895 fugiens.

363 4006 495 4018 ...nnn-.-
502 4007 520 4012 --
531 4006 562 4014 -n

398 4137 406 4167 ¹
424 4140 442 4184 l.
458 4136 479 4184 si
498 4137 662 4183 barsatoram.
686 4136 715 4182 C.
740 4136 771 4183 de
787 4131 991 4190 fideiussoribus.
1012 4129 1055 4193 [C.
1073 4133 1096 4179 8.
1114 4143 1156 4191 41.
1174 4129 1224 4194 rm]
1261 4128 1272 4162 ²
1289 4131 1357 4178 Non.
1375 4131 1458 4179 Marc.
1476 4144 1500 4180 c.
1515 4145 1539 4191 4.

363 4228 389 4275 in
408 4242 433 4276 v.
451 4229 593 4287 Occupare.
627 4224 638 4258 ⁸
654 4226 686 4272 V.
702 4226 857 4272 Connanum.
877 4224 974 4270 Comm.
988 4220 1051 4279 juris
1069 4220 1164 4271 civilis.
1183 4223 1200 4269 l.
1219 4235 1242 4279 s.
1260 4236 1284 4270 c.
1304 4234 1327 4278 ³·
1344 4222 1369 4269 in
1389 4220 1448 4269 stne.
1479 4223 1491 4254 ⁴
1510 4224 1538 4269 V.

362 4322 508 4368 Doneilum.
530 4321 561 4367 de
584 4316 641 4375 jure
662 4315 745 4364 civili.
767 4318 784 4362 t.
807 4328 830 4375 4.
854 4326 877 4362 c.
906 4326 943 4361 ιο.
979 4312 1068 4364 ‘Insa
1090 4316 1122 4363 de
1140 4327 1189 4361 rer.
1208 4314 1260 4363 div.
1279 4318 1300 4372 ς.
1319 4314 1382 4361 iilud
1397 4314 1538 4373 quaesitum

362 4408 654 4472 ert.[I.a.t.§.1³.]
690 4406 735 4453 ⁸1.
754 4418 777 4462 ³.
795 4410 817 4464 5.
834 4404 960 4453 Neratius.
978 4404 1004 4452 in
1023 4404 1132 4454 stride
1151 4418 1206 4464 aeq.
1223 4417 1292 4463 poss.
1312 4404 1355 4463 [D.
1374 4416 1415 4463 4¹·
1435 4417 1460 4451 a.
1478 4416 1500 4459 ³·
1517 4408 1537 4462 ς.

362 4498 399 4561 3.]
435 4496 446 4535 ⁷
464 4498 544 4558 Epist.
561 4501 578 4546 l.
596 4512 617 4545 t.
637 4511 657 4543 t.
678 4497 729 4558 [vs.
748 4510 788 4557 4⁵·
807 4496 857 4557 sq.]
