3450 5434
517 618 564 663 DE
588 616 681 681 June
707 619 892 667 PRAEDAE.
918 618 999 665 CAP.
1021 618 1105 665 vlll.
1330 619 1387 664 111

216 772 321 859 igitur
335 770 486 855 privandi
510 785 606 852 sunt,
630 770 779 839 simodo
804 788 944 855 aequum
968 789 1034 838 non
1057 786 1106 837 est
1127 790 1207 854 nos,
1228 791 1302 838 cum
1324 772 1391 857 juri

215 899 331 951 nostro
349 882 551 963 insistimus,
571 883 641 967 ejus
660 881 707 949 rei
726 902 848 967 poenas
869 881 969 949 ferre:
986 902 1093 966 neque
1104 882 1333 968 distinguenda
1344 897 1393 950 est

216 994 426 1062 subditorum
447 992 619 1076 conditio,
644 1013 718 1059 cum
740 994 801 1060 hae
820 996 932 1079 leges,
960 1009 999 1059 ιιι
1029 994 1205 1077 aliquoties
1237 994 1392 1078 repetivi-

216 1124 310 1184 mus,
331 1103 474 1170 animum
495 1104 697 1172 adversantis
718 1123 785 1171 non
806 1103 983 1188 respiciant
1002 1104 1060 1171 sed
1080 1102 1217 1172 factum.
1242 1105 1308 1170 Sed
1326 1125 1391 1171 non

217 1216 298 1299 ipsis
327 1214 488 1281 duntaxat
514 1215 727 1298 extorqueri,
757 1235 872 1282 verum
896 1231 929 1281 et
950 1216 1047 1283 nobis
1068 1216 1194 1283 easdem
1216 1235 1267 1282 res
1288 1216 1392 1299 appli-

216 1326 283 1392 cari
312 1343 409 1409 posse
442 1328 487 1392 ita
518 1325 709 1411 colligitur,
742 1326 821 1409 quia
851 1326 922 1394 sive
953 1325 1083 1392 abillis
1113 1324 1254 1393 subditis
1282 1341 1391 1410 raptae

217 1452 315 1518 suut,
349 1457 435 1518 quos
465 1452 524 1503 aut
554 1437 598 1503 ob
629 1456 751 1503 nouam
780 1457 873 1503 suam
894 1452 952 1504 aut
972 1456 1102 1503 causam
1124 1438 1274 1519 quamvis
1295 1438 1391 1505 aliam

216 1547 396 1616 obstrictos
426 1548 524 1615 uobis
555 1547 709 1632 privatim
739 1548 921 1629 habemus,
955 1547 1039 1613 nihil
1063 1561 1112 1614 est
1138 1546 1261 1632 justius
1293 1568 1390 1631 quam

218 1659 317 1727 armis
338 1659 441 1743 repeti
466 1659 557 1741 quod
579 1659 673 1725 aliter
694 1678 761 1727 non
783 1674 919 1742 potest,
941 1659 1012 1725 sive
1035 1658 1217 1742 respublica
1239 1674 1289 1726 est
1307 1679 1392 1742 quae

220 1770 254 1837 in
276 1788 338 1837 nos
360 1769 531 1853 deliquit¹
562 1786 619 1838 aut
650 1770 716 1838 alio
748 1771 882 1838 nomine
905 1770 938 1837 in
971 1791 1042 1836 aere
1074 1786 1123 1837 est
1153 1786 1291 1851 nostro,
1316 1790 1390 1836 curn

215 1881 281 1966 jam
303 1896 431 1949 constet
453 1882 661 1949 subditorum
683 1884 770 1950 bona
800 1902 860 1965 pro
893 1881 1060 1965 republica
1090 1882 1227 1967 obligari
1248 1880 1283 1962 ¹,
1307 1900 1393 1963 quo·

217 1993 328 2061 minus
345 2007 379 2059 et
396 1994 476 2059 haec
494 1992 529 2058 in
548 1994 694 2059 solutum
713 1992 785 2076 capi
805 1992 934 2075 possint
954 1991 1036 2058 nihil
1057 2007 1164 2059 vetat:
1189 1993 1265 2059 dum
1285 2007 1391 2059 tamen

219 2104 359 2187 amplius
381 2103 464 2170 nihil
487 2119 657 2186 sumatur,
690 2123 788 2186 quam
819 2103 917 2171 nobis
938 2102 1084 2170 debitum
1107 2118 1177 2185 est,
1210 2102 1244 2171 in
1267 2123 1335 2187 quo
1359 2120 1392 2170 et

218 2214 410 2282 damnorum
444 2214 612 2281 restitutio
646 2230 679 2280 et
710 2230 880 2281 sumtuum
913 2213 1111 2282 continetur.
1158 2214 1248 2281 Haec
1282 2227 1389 2279 autem

118 2393 123 2404 ,
218 2344 319 2393 causa
348 2325 445 2393 etiarn
477 2340 554 2409 post
585 2324 756 2394 victoriam
789 2341 897 2392 manet
916 2324 951 2408 ⁸,
985 2345 1059 2394 cum
1078 2325 1167 2409 prior
1188 2324 1242 2391 illa
1263 2325 1390 2391 sublata

218 2450 290 2519 est,
314 2437 356 2503 ad
376 2436 516 2520 periculi
540 2436 832 2521 propulsationem.
879 2435 1001 2519 Neque
1028 2436 1113 2504 enim
1134 2436 1199 2503 alio
1218 2435 1283 2503 fine
1306 2437 1390 2503 bella

219 2548 385 2632 gerimus,
410 2568 508 2630 quam
528 2562 567 2613 ut
581 2548 637 2633 jus
655 2562 802 2615 nostrum
819 2546 959 2614 victoria
977 2566 1227 2630 consequamur.
1251 2547 1388 2615 Livius:

220 2658 286 2723 Ubi
317 2661 426 2723 omnia
459 2661 490 2723 ei
520 2662 580 2744 qui
609 2662 716 2725 armis
740 2657 819 2745 plus
840 2671 950 2744 potest
981 2657 1096 2725 dedita
1118 2673 1217 2741 sunt,
1241 2679 1327 2745 quac
1347 2679 1390 2725 ex

218 2771 262 2835 iis
293 2769 415 2835 habere
443 2773 577 2850 uictor,
610 2769 729 2855 quibus
761 2768 910 2835 multare
940 2788 989 2834 eos
1019 2768 1124 2853 uelit,
1156 2773 1261 2855 ipsius
1275 2772 1336 2855 jus
1357 2782 1389 2836 et

216 2878 404 2945 arbitrium
434 2892 492 2946 est.
538 2877 662 2947 Omnes
693 2879 795 2965 igitur
825 2878 950 2945 subditi
973 2894 1007 2947 et
1028 2898 1154 2962 semper
1175 2879 1308 2962 spoliari
1330 2900 1390 2963 po-

217 3004 350 3072 terunt,
379 2989 486 3055 occidi
515 3010 582 3056 non
612 2990 701 3057 item.
746 2990 834 3057 Nam
857 2989 885 3056 si
907 2989 1088 3074 periculum
1108 3006 1258 3057 nostrum
1278 2990 1387 3075 adspi-

217 3100 339 3181 cimus,
361 3102 456 3167 multi
472 3116 551 3169 sunt
566 3100 626 3185 qui
643 3102 679 3168 vi
698 3102 845 3186 corporis
860 3102 958 3169 nobis
976 3102 1060 3169 nihil
1077 3102 1224 3179 obstant,
1248 3122 1388 3185 quorum

218 3212 294 3281 ideo
313 3210 508 3295 corporibus
539 3212 606 3279 vim
630 3212 773 3294 aliquam
796 3212 907 3279 inferri
930 3212 1014 3279 nihil
1035 3212 1214 3296 profuerit:
1238 3212 1389 3279 arbonis

218 3342 313 3389 nemo
335 3342 401 3389 non
422 3322 569 3391 hostium
590 3323 687 3390 nobis
707 3338 822 3405 nocet,
846 3339 886 3390 ιιι
905 3324 1046 3391 maxime
1065 3342 1130 3391 uon
1153 3324 1244 3392 velit.
1268 3324 1327 3390 Sin
1348 3323 1389 3389 ad

215 3435 271 3519 jus
292 3434 408 3502 crediti
430 3433 677 3516 convertimur,
700 3432 845 3519 obligata
867 3450 945 3503 sunt
967 3456 1027 3520 pro
1050 3434 1216 3521 republica
1238 3435 1388 3502 subdito-

218 3564 291 3611 rum
313 3546 422 3628 bona,
443 3564 511 3611 nou
534 3559 642 3611 autem
665 3564 803 3629 corpora
822 3544 844 3613 ¹.
868 3545 968 3612 Unde
991 3561 1023 3613 et
1043 3546 1076 3613 in
1095 3546 1295 3631 repressaliis
1314 3564 1387 3612 cum

218 3656 342 3740 ereptio
371 3656 417 3721 rei
440 3656 668 3739 permittatur,
691 3656 887 3740 prohibetur
905 3656 1045 3724 offensio
1065 3676 1222 3741 personae
1240 3664 1265 3723 ⁴.
1310 3657 1388 3723 Non

216 3769 306 3835 valet
326 3766 428 3853 igitur
444 3766 579 3836 ductum
597 3767 723 3833 arebus
735 3767 776 3834 ad
786 3786 940 3852 personas
952 3783 1189 3853 argumentum.
1211 3767 1290 3835 Non
1302 3768 1388 3835 enim

216 3877 272 3945 cui
293 3878 403 3945 minus
423 3878 550 3961 aliquid
577 3877 655 3945 licet
675 3878 786 3946 statim
811 3893 845 3945 et
864 3878 957 3961 quod
982 3880 1086 3965 majus
1107 3895 1156 3948 est
1173 3878 1385 3964 permittitur.

217 3989 330 4075 Hujus
352 4003 459 4056 autem
482 3990 661 4057 sententiae
683 4008 882 4074 quamquam
905 3990 1045 4057 rationes
1066 3990 1174 4058 minus
1197 3990 1285 4074 apud
1307 3990 1389 4055 alios

217 4102 402 4185 exploratae
426 4116 526 4181 sunt,
556 4114 708 4167 auctores
729 4101 889 4168 habemus
910 4116 944 4169 et
963 4104 1137 4189 theologos
1158 4120 1271 4169 omues
1291 4116 1323 4167 et
1343 4103 1389 4167 le·

250 4319 343 4371 ¹Viet.
359 4334 385 4369 ιι.
403 4322 443 4379 56.
476 4318 536 4372 ἲν.
552 4324 628 4385 paulo
646 4321 769 4383 superias.
802 4319 899 4373 'vicu
916 4338 942 4373 n.
959 4336 999 4381 so.
1017 4336 1042 4375 et
1060 4336 1100 4383 ⁵7·
1133 4322 1193 4371 ⁴V.
1210 4322 1314 4382 hyalam
1331 4325 1348 4373 l.
1366 4336 1388 4373 ι.

217 4425 240 4461 c.
252 4425 279 4473 4.
289 4424 317 4461 ιι.
334 4411 359 4461 6.
392 4409 404 4442 ⁸
420 4412 487 4462 Bait.
505 4414 537 4462 de
554 4416 701 4474 repressi.
717 4413 801 4474 princ.
817 4427 844 4465 ιι.
862 4428 886 4465 ι.
903 4414 965 4465 Sllv.
983 4416 1009 4464 in
1026 4431 1052 4466 v.
1070 4412 1254 4479 Repreasallae.
1272 4412 1388 4477 iuprlnc.

215 4502 243 4551 in
261 4516 317 4563 req·
334 4504 359 4552 ό.
377 4502 528 4554 eorunm
545 4517 729 4569 mpetratum.
746 4508 769 4564 ι.
786 4519 854 4569 pn.
871 4520 896 4568 4.
913 4506 939 4556 ln
957 4505 1015 4557 fine.
