3450 5434
239 884 280 928 Ea·
308 886 386 930 rorolI.

237 936 258 983 I.
265 952 314 1001 cap.
320 939 387 985 VIII.

250 1943 376 2014 nister-p

252 1997 302 2097 {11
314 1956 384 2047 aruc.

251 3097 291 3141 Ex
311 3102 381 3147 concl.

251 3151 325 3197 Vlla
311 3156 381 3201 meio.

251 3204 335 3268 111.p
346 3210 381 3254 II.

401 593 463 654 262
561 624 573 657 r
699 611 746 657 oe
769 612 864 678 June
891 612 1073 659 rannone.
1099 614 1181 661 cnr.
1205 614 1268 662 xrr.

400 764 565 847 patiatur,
589 788 607 831 a
639 766 761 849 quovis
793 768 858 833 alio
883 770 910 853 ej
918 788 954 835 us
977 767 1179 852 reipublicae
1200 770 1274 836 cive
1297 790 1395 839 suum
1416 771 1506 855 juste
1530 793 1581 838 re-

400 892 543 959 cuperet.
589 878 688 943 Unde
708 880 848 944 atillam
871 880 1066 965 collegimus
1085 881 1243 947 firmatam
1266 881 1491 964 Hispanorum
1513 898 1581 949 tes-

399 988 546 1053 timoniis
562 990 793 1066 ·sententiam:
820 1010 959 1074 corpora
990 992 1124 1073 quidem
1157 992 1364 1060 subditorum
1394 1014 1462 1060 non
1492 997 1580 1061 ultra

400 1098 484 1164 laedi
506 1120 620 1183 posse,
642 1121 739 1183 quam
764 1118 928 1185 quatenus
951 1119 1072 1187 suopte
1095 1104 1217 1170 delicto
1240 1120 1404 1171 merentur
1416 1120 1474 1170 aut
1485 1124 1580 1171 exse·

398 1210 564 1277 tutionem
595 1212 803 1295 impediunt,
826 1214 976 1296 praedam
1002 1230 1109 1281 autern
1138 1215 1227 1299 juste
1257 1217 1297 1281 ab
1325 1214 1479 1282 omnibus
1507 1216 1578 1299 peti

400 1336 431 1386 et
460 1342 608 1405 semper,
634 1324 803 1406 usquead
832 1345 990 1392 summam
1014 1328 1086 1411 ejus
1110 1327 1201 1408 quod
1222 1326 1381 1409 debetur,
1405 1346 1467 1394 nec
1489 1348 1579 1394 mer-

399 1434 564 1501 catoribus
596 1436 765 1518 exceptis,
788 1454 848 1501 nec
877 1438 947 1503 ullo
975 1437 1089 1503 ordine
1122 1437 1365 1519 quantumlibet
1395 1438 1577 1504 innocenti.

399 1545 548 1627 Apparet
586 1546 662 1612 hinc
697 1546 763 1613 illis
795 1548 1057 1629 mercatoribus,
1103 1567 1244 1630 quorum
1278 1565 1344 1617 erat
1378 1569 1510 1615 caracca
1544 1566 1577 1617 et

398 1674 545 1737 merces,
579 1659 700 1725 bellurn
735 1674 868 1725 eatenus
900 1659 1011 1725 inferri
1045 1658 1217 1742 potuisse,
1250 1673 1289 1724 ut
1319 1660 1405 1725 bona
1437 1658 1577 1741 praedae

399 1768 560 1835 cederent.
613 1770 680 1835 Sed
712 1784 745 1835 et
775 1770 960 1855 specialiter
992 1770 1047 1837 hic
1084 1769 1263 1835 notandum
1300 1784 1372 1851 est,
1410 1788 1575 1835 caraccanr

252 1890 328 1955 Refer
355 1891 484 1960 adquae
516 1895 609 1963 capta
635 1896 685 1947 est
706 1882 837 1948 venisse
872 1882 1071 1963 Macaunte,
1103 1900 1158 1946 eos
1189 1880 1249 1963 qui
1269 1880 1396 1947 inerant
1415 1878 1575 1946 mercium

377 1978 549 2058 dominos
579 1992 692 2058 eodem
723 2012 763 2059 ex
795 1996 870 2060 loco
901 1993 1079 2071 advectos,
1104 1991 1161 2057 ubi
1182 1992 1309 2057 scilicet
1335 1991 1494 2057 Hollandi
1514 1993 1576 2058 ho-

397 2101 501 2169 mines
530 2101 599 2168 fere
625 2104 746 2188 viginti
777 2104 1015 2171 Lusitanorum
1045 2102 1141 2170 furiis
1172 2102 1237 2168 acti
1260 2103 1293 2168 in
1314 2102 1500 2185 patibulum
1517 2118 1577 2168 aut

396 2212 555 2278 fluctibus
582 2215 678 2279 mersi
709 2230 809 2282 erant.
856 2216 943 2303 Quis
967 2214 1028 2282 lios
1051 2214 1241 2281 innocentes
1264 2213 1434 2297 appellet?
1459 2214 1576 2297 Majus

395 2323 486 2388 aliud
506 2324 622 2391 dicam.
667 2317 819 2409 Reperti
833 2326 868 2393 in
892 2326 961 2409 ipsa
983 2346 1065 2393 nave
1087 2326 1284 2393 vestimenta
1302 2340 1335 2390 et
1360 2326 1472 2391 tristes
1493 2344 1576 2391 errr-

395 2434 468 2499 viae
496 2435 761 2503 interfectorumt
794 2458 880 2520 quae
912 2438 961 2502 illi
990 2452 1029 2504 ut
1053 2437 1200 2523 egregiae
1224 2437 1393 2521 cujusdam
1414 2435 1574 2502 victoriae

396 2546 501 2628 spolia
529 2547 564 2613 in
592 2548 728 2629 patriam
759 2548 930 2629 ferebant,
955 2548 1053 2615 veriti
1075 2548 1224 2630 scilicet,
1249 2569 1290 2613 ne
1315 2548 1391 2630 quis
1413 2547 1479 2613 nisi
1498 2548 1575 2613 tali-

397 2657 459 2723 bus
479 2656 610 2724 indiciis
637 2680 751 2742 parum
781 2660 927 2725 crederet
948 2680 1148 2742 quemquam
1169 2660 1250 2725 adeo
1271 2658 1374 2725 fuisse
1394 2658 1573 2725 crudelem.

397 2769 526 2835 Horum
547 2770 649 2855 igitur
672 2770 793 2852 aliquis
812 2770 1048 2837 miserebitur?
1072 2772 1144 2837 Aut
1156 2788 1222 2837 non
1235 2770 1331 2836 etiarn
1346 2770 1413 2834 illis
1427 2770 1575 2852 putanda

396 2894 445 2944 est
477 2880 621 2945 ludibrio
652 2880 767 2947 futura
797 2881 995 2948 Batavorum
1025 2881 1179 2961 bonitas,
1204 2881 1262 2963 qui
1285 2880 1431 2947 contenti
1452 2880 1574 2946 damno

395 3005 536 3071 terrere,
560 2990 651 3073 ipsos
674 2992 732 3073 qui
755 2992 833 3059 talia
854 2990 962 3058 facere
983 3008 1118 3076 possent
1139 2992 1234 3059 vivos
1253 2990 1485 3073 reliquerunt?
1507 2990 1575 3057 Sed

394 3117 522 3183 praeter
548 3103 604 3185 jus
636 3105 772 3170 alterum
804 3104 980 3169 terminum
1004 3103 1273 3186 praescripsimus
1296 3103 1383 3169 bello
1404 3102 1574 3187 gerendo,

396 3211 502 3277 fidem.
546 3212 643 3277 Nihil
673 3214 728 3281 hic
757 3214 911 3280 hostibus
937 3214 1134 3297 promissum
1156 3228 1227 3295 est,
1252 3232 1320 3295 quo
1342 3232 1410 3279 non
1430 3212 1574 3295 amplius

394 3322 437 3388 sit
455 3323 659 3405 praestitum.
706 3324 751 3389 Ei
772 3325 885 3409 genti,
910 3345 995 3406 quae
1016 3324 1157 3392 Batavos
1178 3324 1211 3388 in
1232 3343 1310 3406 pace
1330 3321 1574 3404 trucidaverat,

394 3433 480 3498 bello
502 3434 611 3499 victae
629 3435 699 3500 vita
718 3436 878 3519 promissa
901 3451 934 3500 et
955 3436 1110 3519 praestita
1134 3450 1192 3501 est.
1239 3435 1310 3499 Nec
1328 3432 1397 3499 vita
1420 3448 1573 3513 tantum,

393 3546 452 3611 sed
470 3544 626 3626 libertas,
650 3560 683 3612 et
707 3547 786 3612 haec
807 3545 931 3630 gratis,
951 3566 1025 3611 cum
1044 3565 1110 3613 non
1132 3565 1244 3628 parurn
1262 3544 1358 3627 pretii
1375 3558 1573 3626 extorquere

393 3655 518 3722 liceret.
565 3656 611 3721 lit
640 3678 680 3722 ne
710 3657 793 3740 quid
813 3677 853 3721 ex
877 3656 1039 3723 beneficio
1059 3656 1205 3739 periret,
1229 3654 1387 3721 Hollandi
1407 3656 1572 3737 praesidio

393 3767 486 3847 dati,
519 3769 576 3850 qui
608 3769 763 3835 dimissos
796 3769 978 3833 Malaccam
1014 3768 1225 3834 deducerent.
1285 3745 1394 3831 Tanta
1426 3766 1571 3848 denique

377 3878 529 3945 ,victoris
557 3879 672 3962 populi
701 3879 734 3943 in
758 3878 867 3945 victos
888 3877 982 3943 fuere
1011 3878 1138 3958 officia,
1163 3893 1201 3943 ut
1221 3876 1396 3956 Lusitani,
1421 3876 1480 3958 qui
1504 3877 1572 3943 vir-

391 4006 479 4055 tutes
501 3990 580 4057 istas
602 4010 669 4071 quo
692 3990 802 4055 minus
832 4004 957 4055 norunt
979 3990 1043 4055 hoc
1067 3988 1212 4053 validius
1238 3988 1419 4065 mirantur,
1443 3988 1571 4055 illustre

392 4100 522 4166 batavis
543 4100 750 4182 praebuerint
762 4100 976 4183 benignitatis
989 4115 1021 4165 et
1031 4098 1224 4165 nominatim
1237 4098 1313 4165 fidei
1326 4098 1569 4165 testimonium:

391 4214 482 4294 quod
500 4213 611 4278 literae
630 4228 762 4278 senatus
776 4226 809 4277 et
826 4208 982 4293 praefecti
1001 4209 1216 4276 Malaccensis
1240 4224 1273 4275 et
1299 4212 1394 4295 ejus,
1422 4211 1481 4293 qui
1500 4210 1570 4276 vic·

389 4338 441 4387 tae
473 4323 548 4387 navi
576 4322 783 4406 praefuerat,
808 4322 922 4388 libello
940 4336 1054 4388 nostro
1076 4322 1241 4404 subjectae
1263 4322 1456 4403 loquentur.
1501 4323 1570 4388 De·

390 4433 490 4514 nique
510 4454 622 4500 verum
642 4449 692 4500 est
711 4434 802 4516 quod
819 4432 987 4519 Lusitani,
1008 4453 1026 4497 a
1049 4418 1222 4499 Warwicii
1243 4433 1384 4500 navibus
1405 4434 1567 4517 superati,
