3450 5434
358 662 418 724 144
665 660 712 704 nr.
734 616 834 728 Juun=
855 660 1040 707 surenas.
1067 658 1149 704 car.
1174 660 1209 702 x.

351 818 425 901 jure
457 816 620 883 Romano.
667 814 876 902 Quamquam
909 814 994 881 enlm
1028 814 1147 881 titulus
1170 813 1240 897 ipse
1261 812 1301 879 de
1324 812 1528 894 acquirendo

353 948 459 995 rerum
491 926 637 993 dominio
657 927 667 965 ¹
685 929 742 1012 jus
772 926 917 1011 gentium
948 926 1079 1010 proprie
1109 940 1255 1008 spectet,
1286 926 1390 991 multa
1419 940 1529 990 tamen

354 1039 503 1105 continet
524 1039 558 1104 in
581 1039 704 1120 quibus
727 1059 744 1102 a
767 1038 933 1104 communi
962 1038 1035 1122 jure
1065 1056 1124 1120 per
1145 1039 1250 1121 legem
1272 1038 1326 1102 vel
1349 1050 1529 1102 consuetu·

353 1151 461 1217 dinem
489 1152 543 1215 vel
574 1163 721 1231 receptas
753 1148 929 1214 sententias
957 1148 1137 1215 discessum
1161 1164 1225 1215 est:
1250 1149 1374 1231 quippe
1396 1168 1472 1214 cum
1495 1162 1530 1212 et

352 1262 496 1328 diversas
517 1260 813 1345 jurisprudentium
834 1258 1005 1342 opiniones
1017 1274 1049 1325 et
1060 1260 1314 1327 constitutiones
1336 1260 1525 1341 Principum

353 1375 601 1456 complectatur.
644 1370 715 1455 Jam
748 1389 827 1436 vero
859 1373 994 1437 alterum
1025 1372 1117 1453 quod
1146 1370 1339 1455 interpretes
1371 1370 1526 1452 decepit,

353 1500 445 1568 capta
463 1483 617 1549 nimirum
636 1481 795 1565 capientis
818 1480 891 1548 fieri
910 1480 942 1562 ¹,
975 1482 1053 1549 satis
1073 1502 1170 1566 supra
1189 1483 1393 1549 ostendimus
1413 1482 1453 1547 de
1475 1502 1526 1548 re-

351 1596 483 1679 publica
498 1594 637 1678 intelligi
654 1593 771 1660 debere
789 1592 815 1658 ⁸.
862 1592 946 1673 Sed,
966 1608 1003 1659 ut
1020 1594 1153 1675 quidem
1172 1614 1232 1678 ego
1250 1594 1389 1679 Judico‚
1411 1592 1527 1659 melior

351 1707 435 1791 juris
445 1705 587 1771 Romani
599 1704 933 1789 interpresDionysio
945 1704 1193 1771 Halicarnasseo
1203 1706 1314 1771 haberi
1325 1724 1414 1788 nonp
1423 1719 1522 1770 otest.

351 1818 384 1881 ls
410 1817 510 1902 igitur
534 1817 676 1899 scriptor
700 1815 854 1880 historiae
881 1816 1048 1882 Romanae
1071 1816 1341 1900 diligentissimus
1361 1824 1372 1860 ⁴
1392 1816 1432 1881 de
1452 1818 1527 1901 jure

352 1930 489 2012 praedae
513 1928 558 1992 ita
583 1926 751 2008 loquitur:
778 1930 820 1994 rie
844 1932 878 1994 ἐκ
901 1936 957 1995 τῶν
985 1930 1130 2010 πολεμίων
1149 1929 1291 2013 λάφυρα,
1315 1927 1378 1997 ὅσον
1397 1930 1434 1997 ier
1456 1933 1527 2010 ἡμῖν

353 2041 474 2123 ὑπάρχῃ
501 2048 603 2122 τυχεῖν
620 2043 655 2107 a·
681 2040 802 2122 ἀρετήν,
833 2040 958 2121 δημόσιαι
975 2036 1045 2106 riuus
1064 2040 1174 2107 κελεύει
1194 2043 1207 2107 i
1228 2040 1327 2121 νόμος,
1351 2041 1402 2107 eet
1420 2043 1528 2108 τούτων

351 2155 409 2233 οὐχ
426 2146 501 2223 ὅπως
523 2175 567 2224 τις
589 2150 698 2225 idrrirne
717 2151 831 2228 γίνεται
848 2150 957 2231 κύριος,
986 2152 1057 2217 ἀλλ’
1078 2152 1135 2217 οὐδ’
1157 2152 1247 2224 αὐτὸς
1268 2154 1283 2218 i
1304 2158 1357 2226 rtis
1378 2150 1526 2231 δυνάμεως

352 2263 478 2341 ἡγεμών.
510 2262 576 2327 ὅδὲ
596 2261 710 2340 ταμίας
740 2264 821 2327 αὐτοὶ
850 2262 1034 2341 παραλαβὼν
1063 2263 1238 2341 inspurcari
1264 2261 1314 2326 urei
1337 2262 1528 2341 sicinnistas

299 2366 304 2372 ’
350 2372 499 2454 ἀναφέρει.
524 2365 747 2455 Quaecunque
765 2389 807 2432 ex
827 2368 974 2433 hostibus
997 2369 1103 2455 spolia
1120 2383 1185 2453 per
1206 2371 1369 2437 uirtutem
1393 2368 1526 2437 obtene-

352 2493 455 2554 runt,
479 2501 518 2543 ea
540 2478 595 2543 lex
608 2478 852 2563 jubetpubliea
864 2499 949 2560 esse,
973 2483 1026 2544 ita
1039 2493 1152 2544 utnon
1164 2479 1400 2565 modopriuati
1411 2500 1524 2543 eorum

350 2590 476 2657 domini
507 2610 571 2653 non
597 2586 707 2671 fiant,
741 2588 798 2653 sed
817 2611 857 2653 ne
879 2593 947 2674 ipse
969 2591 1098 2675 quidem
1122 2594 1308 2675 imperator
1330 2591 1523 2653 exercitus:

350 2720 465 2769 terum
495 2713 652 2785 quaestor
682 2699 746 2764 ilia
768 2704 915 2786 accipit,
939 2716 970 2767 et
993 2700 1129 2769 vendita
1151 2704 1188 2765 irs
1206 2699 1377 2787 publicum
1401 2699 1522 2783 refert.

351 2810 438 2876 Sunt
468 2812 548 2876 haec
578 2812 678 2876 verba
708 2830 841 2892 eorum,
866 2811 924 2893 qui
948 2812 1162 2877 Coriolanum
1186 2824 1357 2876 accusant:
1382 2830 1526 2892 quorum

350 2941 424 3004 pars
446 2942 523 2987 vera
545 2936 616 3002 est,
649 2940 722 3005 pars
745 2941 843 3005 supra
865 2942 979 2988 verum
1003 2923 1043 2986 ad
1066 2921 1222 2987 invidiam
1247 2934 1352 2985 aucta.
1398 2922 1524 2988 Verum

350 3047 400 3102 est
421 3032 589 3097 dominum
621 3032 756 3114 praedae
787 3052 858 3099 esse
889 3052 955 3098 non
989 3032 1147 3114 militem,
1177 3051 1244 3098 non
1274 3032 1524 3114 imperatorem,

351 3142 408 3207 sed
429 3144 589 3224 populum
622 3142 826 3207 Romanum:
859 3143 917 3209 sed
940 3122 973 3208 et
995 3143 1078 3210 illud
1099 3163 1166 3209 non
1189 3144 1298 3209 minus
1320 3163 1433 3209 verum
1464 3142 1525 3207 im·

349 3267 530 3335 peratorem
562 3253 636 3335 jure
669 3252 821 3318 Romano
859 3255 994 3336 praedae
1028 3273 1098 3319 esse
1132 3254 1389 3337 dispensatorem
1424 3268 1524 3336 atque

350 3362 506 3427 arbitrum
533 3381 608 3428 cum
632 3382 758 3428 summa
784 3379 957 3446 potestate.
1005 3364 1133 3431 Lucius
1161 3364 1325 3432 Aemilius
1350 3364 1439 3448 apud
1464 3366 1525 3430 Li·

350 3472 442 3539 vium
461 3478 491 3536 ⁸:
523 3484 663 3558 captas,
689 3494 752 3538 non
783 3473 913 3539 deditas
947 3475 1054 3560 diripi
1086 3476 1205 3556 urbes,
1230 3490 1261 3541 et
1283 3480 1320 3542 irt
1341 3478 1392 3540 isis
1412 3490 1524 3541 tamen

350 3582 534 3649 arbitrium
565 3604 630 3647 esse
655 3588 893 3671 imperatoris,
922 3606 985 3649 nort
1008 3584 1167 3652 militum.
1214 3586 1288 3651 Hoc
1311 3586 1414 3671 igitur
1436 3586 1522 3651 arbi·

348 3693 448 3759 trium
480 3692 641 3758 interdum
674 3694 882 3777 imperatores
913 3695 1064 3761 vitandae
1093 3696 1236 3762 invidiae
1269 3696 1311 3762 ad
1333 3696 1415 3764 alios
1436 3700 1520 3783 reje-

348 3817 482 3885 cerunt,
506 3817 544 3868 ut
564 3802 797 3871 Camillus⁸ad
814 3821 981 3872 senatum:
1006 3806 1167 3872 interdum
1188 3827 1287 3889 penes
1300 3826 1334 3874 se
1346 3808 1520 3874 retinuere.

382 4100 389 4132 ¹
408 4097 796 4160 1.quamvisquodin1itt.ff.
815 4102 847 4149 de
864 4114 921 4161 aeq.
939 4114 987 4149 rer.
1006 4102 1073 4151 dom.
1094 4100 1137 4165 [D.
1155 4116 1196 4160 41.
1217 4114 1238 4151 ι.
1257 4102 1310 4164 su]
1329 4115 1354 4150 er
1373 4105 1389 4151 l.
1407 4104 1481 4151 adeo.
1501 4105 1524 4160 §-

349 4204 406 4240 cum
423 4192 488 4251 qula.
508 4189 538 4254 [l.
556 4202 580 4247 7.
597 4193 619 4248 ς.
636 4201 662 4247 7.
680 4191 705 4238 d.
722 4190 754 4251 t.]
773 4193 790 4237 l.
808 4190 874 4239 liber
891 4193 977 4239 homo.
999 4191 1028 4255 [1.
1049 4206 1086 4255 ¹9·
1105 4194 1129 4241 d.
1147 4191 1177 4255 t.]
1198 4196 1215 4241 l.
1229 4192 1363 4252 quidquid.
1372 4195 1429 4250 §51-
1441 4190 1471 4255 [l.
1482 4204 1523 4250 27.

348 4284 373 4330 d
389 4280 422 4345 t.]
442 4284 458 4329 l.
475 4281 501 4329 in
519 4280 593 4341 agris.
612 4280 641 4342 [l.
661 4280 699 4327 1⁶.
717 4281 741 4328 d.
758 4278 789 4342 t.]
810 4280 870 4329 lnce.
889 4294 920 4328 eo
938 4283 978 4329 rit.
996 4286 1017 4341 5.
1031 4284 1171 4332 thesauros.
1184 4282 1215 4345 [1.
1226 4297 1250 4331 2.
1264 4286 1317 4341 ul.
1329 4281 1381 4345 sp]
1417 4278 1428 4313 ²
1446 4284 1521 4331 Adde

347 4375 365 4420 l.
381 4374 451 4432 quod
473 4385 540 4420 meo.
561 4370 587 4418 ff.
611 4372 643 4419 de
666 4382 722 4430 aeq.
744 4383 813 4430 poss.
830 4368 874 4432 [D.
897 4384 938 4432 4¹·
958 4384 980 4420 a.
1002 4372 1051 4436 ru]
1088 4370 1098 4405 ⁸
1116 4375 1141 4422 d.
1159 4376 1176 4421 1.
1194 4375 1268 4422 adeo.
1286 4374 1311 4421 ff.
1329 4374 1361 4421 de
1378 4386 1434 4433 aeq.
1454 4376 1523 4421 dom.

350 4462 394 4524 [D.
416 4475 457 4522 4¹·
485 4475 505 4509 r.
524 4460 562 4524 7.]
597 4460 714 4521 ⁴Antiq.
739 4462 756 4508 l.
778 4473 802 4518 7.
830 4460 869 4522 [p.
896 4464 953 4522 467.
981 4476 1017 4512 vs.
1042 4464 1083 4523 46.
1101 4462 1171 4527 sqq.]
1207 4463 1218 4494 ⁵
1244 4463 1300 4512 [ἰν.
1318 4466 1334 4511 l.
1354 4474 1394 4521 ³7.
1415 4464 1451 4526 [c.
1470 4464 1523 4525 sa]

347 4551 432 4599 ‘Liu
450 4553 466 4598 l.
486 4563 508 4605 s.
527 4552 563 4612 [c.
582 4550 634 4614 ao]
