3450 5434
505 656 552 702 ns
575 655 670 722 Juur.
695 654 878 702 russone.
904 654 983 701 car.
1009 654 1085 701 xrv.
1320 653 1381 716 303

212 829 321 894 gorem
342 810 353 848 ¹
373 829 476 891 aeque
504 829 574 875 esse
604 808 843 888 admirabilem:
878 809 958 873 adeo
988 807 1122 890 quidem
1148 822 1186 873 ut
1213 805 1350 872 Tullius
1371 803 1383 838 ²

209 921 348 1003 dixerit,
372 921 456 986 nihil
479 922 653 987 honestum
676 939 747 986 esse
767 939 890 1003 posse,
910 919 1002 1000 quod
1019 919 1149 1004 justitia
1168 933 1274 984 vacet.
1298 917 1382 984 Esse

212 1032 297 1098 enim
325 1034 409 1098 hanc
437 1030 686 1098 fundamentum
708 1032 873 1113 quoddam
895 1045 1071 1114 perpetuae
1093 1029 1383 1096 commendationis

211 1158 243 1209 et
262 1142 405 1224 formae,
430 1143 500 1209 sine
524 1165 589 1226 qua
613 1144 697 1209 nihil
717 1143 825 1226 possit
843 1162 915 1209 esse
938 1141 1134 1209 laudabile³.
1160 1142 1261 1230 Quod
1281 1140 1382 1226 igitur

210 1253 333 1321 fretum
366 1272 437 1320 esse
469 1270 533 1320 tam
566 1254 693 1321 illustre
726 1269 825 1336 atque
860 1255 1040 1340 gloriosum
1071 1269 1203 1337 potest,
1228 1273 1326 1334 quam
1350 1252 1384 1317 in

212 1386 280 1447 quo
302 1381 442 1448 utraque
466 1367 527 1432 ista
549 1365 656 1433 virtus
678 1366 801 1451 pariter
824 1366 1039 1450 resplendet?
1081 1365 1257 1450 Contingit
1276 1379 1383 1430 autern

212 1479 275 1543 hoc
298 1498 459 1560 nusquam
481 1477 621 1558 clarius,
646 1498 745 1564 quarn
769 1499 843 1544 cum
863 1479 955 1563 justo
977 1472 1384 1562 apertoquebellodatur⁴

299 1591 375 1673 ἄνδρ’
395 1594 600 1674 ἀπαμύνεσθαι
622 1588 696 1666 doru
716 1594 846 1674 πρότερος
867 1594 1035 1675 χαλεπήνῃ.

299 1701 419 1766 Marte
442 1704 554 1768 uirum
579 1700 717 1783 ulcisci,
742 1705 801 1787 qui
824 1722 880 1768 nos
899 1706 1001 1788 prior
1024 1707 1091 1788 ipsc
1114 1701 1260 1766 lacessit.

257 1810 459 1892 Fortitudo,
483 1827 522 1878 ut
544 1812 622 1878 alibi
645 1833 686 1878 ex
709 1813 1116 1894 Ambrosio⁸retulimus,
1141 1831 1224 1895 quae
1246 1809 1382 1894 patriam

213 1936 270 1986 aut
302 1922 412 1988 socios
446 1937 502 1988 aut
536 1923 686 1990 infirmos
719 1923 892 2006 defendit,
922 1923 1025 2010 planu
1050 1925 1195 2009 justitia
1229 1935 1289 1989 est.
1337 1920 1383 1985 Et

214 2033 422 2100 acutissimus
456 2035 730 2118 philosophorum
749 2039 785 2117 ⁶,
817 2040 992 2117 inimicos,
1026 2035 1158 2119 inquit,
1189 2035 1304 2100 ulcisci
1328 2035 1384 2096 ho·

213 2159 341 2210 nestum
364 2159 434 2227 est,
457 2149 540 2231 quia
557 2161 629 2232 pur
646 2151 731 2234 pari
753 2148 886 2232 referre
893 2149 1026 2233 justum
1039 2162 1086 2213 est
1098 2169 1110 2213 .·
1125 2149 1260 2233 justum
1273 2159 1382 2210 autem

213 2258 381 2321 honestum
414 2262 553 2343 utiquc:
586 2273 618 2324 ct
643 2273 825 2344 praetcrea
840 2260 949 2344 fortis
972 2263 1044 2329 uiri
1067 2261 1201 2347 officium
1225 2272 1296 2339 cst,
1320 2279 1384 2322 non

214 2367 349 2433 cedere:
374 2368 459 2435 unde
481 2383 513 2435 et
535 2372 683 2437 uictoria
706 2385 737 2437 et
760 2375 821 2456 qui
842 2375 1008 2438 uictoriae
1026 2371 1230 2456 deferuntur
1248 2373 1383 2435 honorus

214 2479 268 2546 rel
299 2483 390 2545 inter
423 2485 569 2547 maxime
603 2483 738 2548 honesto
773 2497 1023 2548 numerantur:
1065 2481 1144 2548 adeo
1181 2480 1310 2567 quidem
1346 2494 1384 2546 ut

215 2591 396 2676 expetenda
420 2595 511 2673 sint,
536 2595 669 2658 etiamsi
684 2593 842 2677 fructum
867 2615 930 2658 non
955 2591 1129 2679 afferunt,
1154 2598 1235 2678 qula
1258 2591 1384 2657 scilicet

214 2705 356 2770 uirtutis
388 2702 619 2769 excellentium
652 2702 840 2771 declarant.
888 2706 978 2771 Haec
1012 2705 1077 2770 ille.
1123 2706 1196 2771 Nec
1221 2703 1386 2787 estquod

204 2829 366 2879 occurrat
385 2814 560 2898 quisquam
581 2815 843 2900 magnificentius
861 2815 949 2895 fore,
973 2815 1139 2898 simulque
1159 2835 1224 2882 non
1245 2815 1385 2881 alienum

214 2945 232 2988 a
256 2925 384 2991 Christi
407 2941 440 2991 et
461 2926 737 3010 philosophorum
760 2927 964 3012 praeceptis,
989 2929 1140 2994 damnum
1169 2928 1234 2996 illis
1256 2929 1384 2993 nullum

215 3035 357 3118 inferre,
390 3038 513 3119 quibus
542 3053 580 3104 ut
608 3039 785 3106 inferamus
804 3040 838 3106 in
858 3054 970 3106 nostra
989 3055 1038 3107 est
1056 3055 1239 3123 potestate,
1266 3055 1303 3105 ut
1325 3058 1386 3104 nos

215 3147 288 3230 ipso
309 3146 399 3214 facto
422 3149 575 3218 hostibus
596 3151 717 3219 nostris
737 3167 902 3234 praestare
926 3153 1199 3219 demonstremus.
1246 3152 1332 3217 Nam
1353 3150 1387 3215 id

215 3279 291 3326 sane
312 3261 372 3327 hac
395 3261 504 3344 specie
525 3277 562 3328 ut
580 3263 729 3347 justitiae
750 3265 950 3347 republicae
964 3263 1122 3347 utilitati,
1147 3263 1190 3330 ita
1204 3279 1237 3330 et
1248 3264 1386 3330 honesto

215 3388 388 3456 repugnat.
439 3373 610 3440 Ultionem
641 3375 699 3457 qui
734 3375 940 3458 improbant,
976 3395 1033 3442 eos
1067 3375 1211 3442 diximus
1245 3375 1548 3459 primumeap.1r.u

217 3481 301 3549 illud
332 3483 473 3565 sentire,
509 3486 648 3567 privatis
671 3507 738 3553 non
761 3487 962 3569 convenire,
986 3502 1023 3553 ut
1047 3508 1143 3571 quarn
1167 3503 1307 3571 possunt
1330 3450 1547 3604 ρετὲἷιῗωιῖὶιιῗ

214 3593 359 3676 judicem
394 3611 546 3678 expetere
579 3596 782 3680 vindictam,
817 3621 887 3666 eam
921 3621 978 3682 per
1006 3620 1041 3666 se
1073 3615 1246 3683 expetant3
1270 3599 1387 3666 deinde
1400 3559 1547 3658 ...ufhl

217 3725 297 3772 vero
320 3722 352 3771 et
375 3727 503 3774 causam
529 3710 642 3776 adesse
665 3709 782 3776 debere
797 3725 829 3776 et
846 3711 973 3795 justum
987 3711 1021 3776 in
1033 3711 1222 3778 ulciscendo
1235 3711 1387 3791 modum,

218 3837 315 3899 quem
339 3819 451 3884 excedi
474 3839 541 3887 non
564 3835 738 3904 oporteat,
763 3842 798 3888 ac
820 3842 939 3905 purum
964 3837 1133 3904 praeterea
1155 3823 1297 3889 animum
1320 3843 1388 3888 ret·

218 3943 349 4010 tamque
385 3930 610 3998 intentionem.
655 3933 746 3999 Haec
783 3948 891 4000 autern
922 3934 1004 4000 nihil
1028 3934 1185 4016 obstant,
1210 3933 1388 4016 quominus

218 4039 381 4106 interdum
405 4057 438 4108 et
460 4059 548 4110 recte
570 4060 603 4110 et
621 4045 803 4111 necessario
822 4045 1039 4112 vindicemus.
1074 4045 1387 4112 Seneca⁷breviter2

278 4253 357 4301 Arist.
367 4255 398 4302 de
410 4254 503 4303 morib.
517 4255 563 4303 lib.
579 4268 602 4311 s.
616 4269 640 4304 c.
659 4269 681 4313 ³·
703 4253 742 4319 [p.
763 4269 835 4319 1129.
849 4257 874 4304 b.
892 4271 930 4306 vs.
948 4255 1001 4322 27.]
1036 4254 1046 4288 ³
1065 4259 1096 4305 de
1112 4257 1189 4317 legib.
1198 4257 1243 4305 lib.
1255 4257 1388 4320 upsssim.

216 4339 227 4371 ³
246 4344 277 4390 de
295 4343 361 4393 offic.
379 4345 424 4393 lib.
439 4346 559 4406 n.[c.ao.
570 4349 593 4404 5.
610 4347 664 4408 71.]
691 4345 702 4378 ⁴
720 4348 854 4397 Homerus.
873 4349 902 4396 ll.
922 4348 979 4408 [lib.
991 4361 1030 4410 24
1048 4361 1086 4396 vs.
1106 4348 1175 4411 ³⁶9·]
1203 4349 1214 4380 ⁸
1232 4350 1263 4397 de
1281 4350 1325 4397 off.
1343 4348 1389 4398 lib.

223 4447 244 4480 r.
261 4447 285 4482 c.
305 4447 346 4492 27.
363 4437 395 4482 V.
415 4449 472 4496 cap.
491 4449 514 4494 s.
533 4451 608 4498 supra
627 4437 653 4485 in
671 4436 731 4487 line.
763 4438 775 4470 ⁶
792 4440 872 4487 Arist.
890 4441 966 4487 Rhet.
985 4440 1009 4486 d.
1027 4441 1095 4487 loco.
1114 4440 1151 4501 [p.
1175 4440 1387 4501 1367.a.vs.19.]

217 4523 228 4560 ⁷
244 4527 276 4573 de
293 4527 366 4574 clem.
382 4525 428 4574 lib.
448 4540 470 4575 1.
485 4541 509 4576 t.
527 4541 550 4575 a.
