3450 5434
360 621 422 684 340
664 619 711 669 ur
734 619 829 686 June
855 619 1039 666 anatona.
1065 621 1145 667 cna.
1170 620 1229 665 xv.

359 774 500 838 decimas
524 793 564 838 ex
594 773 710 855 spoliis
732 772 886 838 Pontifici
910 773 1025 855 dedit,
1048 792 1114 838 non
1139 789 1245 838 tamen
1267 771 1379 836 socios
1402 787 1458 837 aut
1481 772 1538 836 ad-

359 885 525 951 ministros
545 885 615 949 suis
633 885 782 967 partibus
802 883 988 964 fraudavit,
1007 899 1039 949 et
1061 884 1094 949 in
1106 885 1213 950 Musis
1235 883 1396 950 historia¹
1417 884 1537 948 diserte

360 997 516 1078 scriptum
545 1010 619 1077 est,
654 995 714 1061 etsi
743 995 918 1061 liberaliter
940 996 1045 1061 factae
1069 1011 1159 1062 erant
1182 994 1387 1075 oblationes,
1410 1009 1536 1058 tantum

361 1123 468 1172 tamen
492 1105 598 1172 fuisse
624 1107 784 1189 praedae,
809 1120 846 1171 ut
878 1126 916 1170 ex
946 1126 982 1171 ea
1013 1108 1152 1172 multum
1182 1106 1245 1170 sibi
1271 1105 1413 1187 quisque
1436 1124 1539 1169 reser-

362 1233 463 1283 varet.
487 1217 613 1282 Verum
636 1216 731 1281 etiam
753 1231 853 1298 atque
873 1217 968 1281 etiam
991 1217 1313 1282 atrimadvertendum
1336 1215 1457 1295 estis,
1480 1214 1537 1296 qui

363 1328 501 1412 praedae
532 1342 656 1410 partem
680 1328 753 1391 Deo
777 1327 949 1408 attribuit,
974 1328 1070 1394 deme
1091 1342 1129 1392 ut
1148 1348 1239 1392 suam
1264 1347 1304 1392 an
1335 1342 1371 1393 ut
1391 1327 1538 1392 alienam.

365 1439 400 1504 Si
423 1439 555 1520 quidem
573 1452 611 1503 ut
630 1458 744 1518 suam,
766 1452 876 1518 recte,
897 1458 956 1504 nec
975 1440 1042 1504 ulla
1062 1439 1159 1505 nobis
1179 1458 1254 1504 eum
1278 1458 1317 1503 eo
1338 1435 1538 1502 concertatio

365 1565 437 1631 est,
461 1569 535 1614 cum
559 1549 650 1632 quod
674 1548 815 1630 quisque
837 1549 1016 1631 acquisivit
1036 1549 1176 1614 alienare
1200 1547 1297 1612 etiam
1320 1545 1435 1629 possit.
1480 1545 1538 1609 Sin

365 1676 403 1727 ut
424 1660 588 1740 alienum,
611 1674 725 1724 caveat
745 1679 786 1724 ue
806 1661 937 1741 Deum,
963 1680 1060 1743 quern
1084 1661 1211 1742 placare
1236 1659 1369 1738 studet,
1394 1657 1540 1722 offendat

366 1792 403 1836 ea
432 1771 581 1852 ratione,
606 1771 683 1836 dum
708 1770 738 1836 ei
760 1771 932 1850 obtrudit,
957 1771 1049 1852 quod
1070 1769 1140 1852 ipse
1163 1788 1243 1851 pura
1267 1768 1467 1835 conscientia
1491 1789 1541 1833 re·

364 1883 467 1946 tinere
486 1901 520 1944 se
541 1900 606 1945 uon
626 1900 721 1962 posse
741 1880 926 1946 arbitratur.
973 1879 1058 1944 Nam
1082 1880 1140 1962 qui
1161 1879 1303 1962 pretium
1321 1879 1539 1944 meretricium

365 1991 465 2057 dicari
493 1991 556 2057 sibi
587 1990 743 2070 noluit²,
775 1991 854 2056 satis
886 1991 1031 2057 ostendit
1060 1992 1184 2056 nullam
1215 1991 1278 2057 sibi
1303 1993 1452 2073 placere,
1476 1989 1540 2056 nisi

367 2121 406 2166 ex
437 2117 523 2166 recte
555 2101 713 2184 quaesitis
743 2101 984 2168 liberalitatem.
1030 2102 1109 2188 Quo
1143 2117 1175 2166 et
1205 2101 1425 2186 Augustini³
1457 2101 1540 2166 illud

365 2211 531 2294 pertinet,
561 2211 648 2277 furta
678 2211 829 2277 facienda
860 2232 927 2278 non
951 2231 1045 2293 esse,
1071 2212 1166 2278 etiam
1189 2213 1361 2278 voluntate
1387 2212 1539 2294 pascendi

365 2342 524 2405 pauperes
544 2338 688 2390 sanctos.
730 2323 778 2388 At
801 2322 859 2405 qui
874 2323 930 2407 jus
955 2343 1052 2389 suum
1078 2337 1134 2388 aut
1160 2322 1333 2402 societati,
1360 2337 1416 2388 aut
1446 2322 1540 2387 alteri

367 2433 473 2499 cuivis
507 2434 751 2514 transcribunt,
786 2433 855 2500 sive
880 2433 969 2499 aliud
1000 2432 1168 2516 quidpiam
1199 2433 1364 2517 recipiunt
1392 2434 1463 2516 ejus
1494 2432 1540 2498 rei

366 2547 464 2624 loco,
488 2544 642 2610 credendi
662 2559 740 2610 sunt
763 2544 975 2625 vendidisse,
1000 2544 1070 2610 sive
1093 2543 1177 2609 nihil
1200 2546 1319 2609 volunt
1330 2560 1457 2627 praeter
1470 2563 1541 2627 gra-

368 2655 468 2735 tiam,
493 2670 598 2721 tamen
622 2675 739 2740 negare
762 2674 828 2722 non
851 2670 992 2738 possunt
1012 2674 1071 2737 pro
1092 2675 1155 2721 suo
1179 2655 1356 2737 habuisse,
1380 2655 1472 2736 quod
1495 2652 1542 2718 fa-

369 2766 461 2832 ciunt
494 2767 646 2834 alienum.
701 2767 811 2832 Nemo
842 2767 926 2833 enim
959 2781 1069 2849 potest
1093 2768 1185 2849 quod
1206 2787 1272 2832 non
1296 2768 1395 2833 habet
1422 2767 1498 2832 dare
1518 2771 1542 2832 ⁴.

370 2877 448 2942 Sive
460 2876 561 2962 igitur
579 2877 812 2943 conscientiam
836 2892 1041 2960 spectamus,
1066 2877 1136 2942 sive
1149 2893 1303 2943 eventum
1323 2877 1387 2944 fori
1411 2877 1542 2958 civilis,
1594 2925 1601 2934 .

370 2988 484 3053 eodem
517 3002 594 3054 sunt
625 2990 701 3054 loco
732 3009 799 3070 quo
832 2989 950 3054 caeteri
982 2989 1040 3070 qui
1062 3004 1288 3072 perceperunt.
1335 2989 1421 3053 Nam
1445 3007 1486 3054 ne
1507 2988 1542 3052 hi

370 3098 504 3180 quidem
527 3119 578 3164 res
599 3099 710 3181 ipsas,
739 3100 797 3164 sed
829 3099 969 3181 pretium
1001 3100 1189 3183 accipiunt,
1215 3114 1247 3165 et
1266 3101 1329 3165 hoc
1350 3100 1445 3165 etiam
1470 3099 1544 3164 aliis

370 3211 534 3276 mercibus
556 3210 705 3292 quotidie
729 3226 924 3293 permutant.

413 3321 534 3386 Multis
558 3321 659 3405 igitur
681 3319 787 3388 modis
809 3338 866 3388 aut
888 3321 1007 3388 fallunt
1028 3338 1084 3388 aut
1107 3320 1287 3401 falluntur,
1312 3323 1461 3403 quiesse
1485 3320 1545 3385 ali-

371 3431 454 3512 quid
474 3431 625 3515 fingunt,
649 3431 827 3512 quominus
839 3448 947 3499 tutum
967 3433 1010 3497 sit
1030 3433 1179 3515 praedam
1201 3453 1240 3497 ex
1263 3433 1359 3498 hoste
1380 3433 1544 3498 Lusitano

371 3557 403 3607 ct
439 3561 554 3624 capere
588 3556 620 3606 et
650 3541 808 3608 detinere.
860 3543 1027 3630 Quocirca
1059 3559 1255 3610 mercatores
1288 3543 1545 3626 societatemque

371 3653 516 3718 Indicam
543 3653 720 3735 adhortor,
745 3674 786 3720 ne
809 3674 843 3719 se
862 3655 940 3721 ullis
964 3655 1169 3736 rationibus,
1205 3675 1288 3736 quae
1312 3653 1461 3737 profecto
1485 3653 1548 3720 fal·

372 3785 425 3832 sae
447 3785 560 3830 omnes
582 3781 680 3846 atque
702 3767 815 3831 inanes
833 3781 928 3846 sunt,
942 3766 1102 3831 dimoveri
1125 3767 1164 3831 ab
1186 3766 1339 3832 instituto
1360 3765 1548 3848 patiantur,

372 3877 464 3960 quod
484 3897 550 3942 nora
574 3877 673 3941 modo
691 3891 822 3960 recepto
834 3897 924 3942 more
943 3877 1030 3960 apud
1050 3877 1221 3942 hominum
1246 3875 1548 3955 existimationem,

372 3989 430 4054 sed
453 4003 484 4053 et
507 3986 621 4052 divino
632 3988 705 4071 jure
717 3988 805 4071 apud
817 3988 1049 4054 conscientiam
1063 3988 1324 4054 commendatum
1349 4002 1416 4068 est,
1440 3989 1550 4068 quod·

372 4169 563 4178 ..as—m...

407 4272 510 4320 ¹Num.
537 4285 560 4319 c.
587 4283 628 4328 31.
654 4284 693 4318 vs.
717 4273 815 4331 penult.
849 4269 953 4319 ‘²Deut.
972 4284 994 4318 c.
1014 4284 1053 4327 23.
1072 4284 1112 4318 vs.
1136 4272 1174 4317 18.
1208 4267 1266 4318 ³ad
1283 4271 1374 4318 Claud.
1393 4273 1550 4334 contralul.

372 4363 456 4418 libs.
473 4376 496 4411 e.
516 4366 540 4410 8.
575 4362 585 4393 ⁴
604 4365 698 4410 Seneca
714 4363 745 4411 ‹le
761 4362 847 4410 benef.
870 4364 887 4409 l.
906 4375 929 4417 5.
945 4376 968 4409 c.
990 4375 1028 4410 12.
1050 4364 1066 4408 l.
1084 4374 1159 4408 nemo
1178 4363 1244 4420 plus.
1262 4359 1287 4408 ff.
1305 4361 1336 4408 de
1354 4363 1387 4409 R.
1407 4363 1426 4408 l.
1446 4363 1490 4422 [D.
1508 4375 1550 4418 50.

377 4467 414 4510 17·
434 4453 485 4516 ss]
