3450 5434
516 654 563 702 DE
587 656 680 720 June
708 656 892 704 PRAEDAE.
918 656 997 703 cat).
1022 656 1071 703 tx.
1232 726 1233 731 1
1317 657 1377 721 125

204 816 275 892 tio,
306 810 395 898 quod
424 811 567 874 humano
593 814 734 897 generi,
764 830 865 895 quam
889 809 978 895 quod
996 814 1056 875 uni
1082 810 1247 876 hominum
1271 810 1378 879 debeo.

205 919 288 1005 Quis
309 934 357 985 cst
377 920 501 997 bonus,
524 918 634 1001 iuquit
647 920 764 987 Cicero
778 925 809 997 ¹,
831 919 988 1006 quifccit
1000 920 1090 986 nihil
1099 924 1164 985 nisi
1176 941 1237 985 sua
1248 924 1377 987 causa?
1405 998 1407 1003 ¹

204 1033 331 1098 Tamen
353 1030 387 1097 iu
406 1031 472 1097 hoc
494 1030 583 1096 bono
605 1030 928 1098 alienoetiamsuum
941 1031 1123 1115 appetitur:
1146 1032 1376 1099 interestenim

202 1140 389 1209 securitatis
418 1140 566 1206 omnium
600 1142 700 1207 arceri
732 1141 891 1226 injurias,
918 1160 959 1207 ne
983 1142 1041 1225 qui
1063 1162 1117 1209 eas
1138 1140 1286 1225 faciunt,
1313 1144 1378 1209 boc

203 1252 276 1335 ipso
298 1250 495 1333 validiores,
518 1250 695 1333 aliquando
719 1252 752 1318 iu
773 1272 834 1319 nos
855 1251 951 1318 etiam
973 1267 1171 1337 exsurgant,
1194 1252 1377 1319 autaliiin-

202 1364 369 1442 vitentur,
400 1361 428 1429 si
463 1361 666 1445 impunitatis
692 1365 796 1429 multa
819 1377 947 1429 exstent
970 1366 1127 1447 exempla.
1173 1364 1261 1430 Illud
1281 1363 1377 1430 etiam

201 1488 317 1540 notatu
331 1492 406 1561 ‘non
430 1471 600 1558 indignum
624 1488 688 1551 est,
711 1473 799 1541 sicut
821 1472 1054 1556 rempublicam
1076 1472 1376 1540 diximus'bellum

201 1604 296 1668 saepe
328 1582 495 1666 suscipere
527 1582 698 1666 publicum
732 1604 793 1668 pro
826 1584 953 1668 privata
987 1584 1129 1651 utilitate
1150 1583 1254 1663 civis,
1278 1583 1322 1650 ita
1346 1599 1379 1650 et

202 1695 307 1762 civem
341 1714 401 1778 pro
424 1692 566 1759 utilitate
594 1693 728 1775 publica
748 1714 834 1759 arma
855 1714 1005 1773 sumere,
1029 1695 1120 1777 quod
1143 1693 1304 1761 interdum
1326 1714 1378 1761 ac·

202 1805 304 1886 cidit,
327 1824 401 1870 cum
425 1822 579 1886 oppressa
602 1804 786 1887 respublica
805 1824 841 1872 se
866 1818 966 1871 totam
989 1805 1156 1871 vindicare
1179 1824 1245 1870 uon
1257 1820 1378 1889 potest.

202 1916 296 1981 Fecit
328 1916 393 1981 hoc
423 1913 544 1979 Nasica
573 1913 731 1981 adversus
751 1913 959 1993 Gracchum,
983 1916 1078 1999 cuius
1102 1915 1234 1998 quidem
1256 1913 1377 1981 factum

202 2025 340 2091 abonis
371 2024 523 2092 omnibus
557 2024 726 2105 laudatur,
755 2022 834 2091 iecit
854 2023 1016 2092 Octavius
1038 2040 1150 2091 contra
1170 2026 1377 2107 Antonium,

202 2136 348 2202 fecerant
380 2155 493 2202 omnes
527 2134 756 2219 tyrannicidae.
813 2136 879 2202 Sed
912 2150 944 2201 et
977 2136 1059 2204 istos
1086 2136 1297 2204 manifestum
1329 2150 1379 2203 est

202 2246 314 2329 aliqua
335 2266 376 2311 ex
396 2261 486 2330 parte
508 2247 560 2314 sui
582 2265 677 2331 agere
699 2246 811 2331 gratia.
839 2245 927 2312 Nam
950 2246 1037 2313 sicut
1059 2247 1256 2330 reipublicae
1279 2246 1378 2313 inter·

204 2372 254 2423 est
283 2371 404 2423 statum
434 2356 557 2423 civium
580 2355 733 2440 privatim
756 2360 882 2423 salvum
905 2372 1004 2439 atque
1026 2357 1195 2425 florentem
1220 2378 1312 2437 esse,
1333 2357 1378 2423 ita

203 2469 309 2535 multo
340 2466 443 2551 magis
472 2466 595 2533 civium
627 2468 859 2551 rempublicam
879 2468 1074 2535 conservari.
1118 2469 1294 2535 Praeterea
1309 2486 1378 2533 om-

204 2598 286 2659 nes,
319 2577 377 2660 qui
411 2578 455 2643 ob
483 2578 539 2662 jus
570 2576 711 2643 alienum
744 2580 831 2645 bello
862 2578 1029 2645 decertant
1055 2578 1090 2660 ⁸,
1112 2578 1294 2646 necessario
1324 2579 1378 2663 Jus

204 2708 301 2754 suum
322 2688 364 2753 ad
385 2688 615 2769 consequenda
636 2688 752 2754 damna
773 2703 806 2754 et
827 2688 987 2771 impensas
1008 2707 1083 2756 cum
1107 2708 1146 2755 eo
1167 2690 1378 2775 conjunctum

204 2799 339 2867 habent.
383 2798 585 2864 Damnamus
617 2797 718 2884 igitur
749 2818 862 2866 omnes
894 2798 992 2881 illos,
1017 2798 1076 2881 qui
1101 2803 1134 2867 irc
1155 2802 1324 2881 πλεονεξίας
1348 2812 1380 2864 et

204 2909 322 2991 iniquo
340 2908 449 2974 animo
470 2909 555 2974 bella
574 2924 692 2995 gerunt
711 2909 806 2975 etiam
826 2908 927 2994 justis
946 2908 1064 2975 causis.
1110 2906 1211 2975 Absit
1238 2908 1339 2993 igitur
1361 2928 1380 2973 a

203 3018 393 3103 republica,
432 3018 646 3103 magistratu,
677 3020 806 3104 privato
839 3020 960 3086 bellum
989 3018 1187 3102 suscipiente
1209 3033 1241 3084 et
1262 3016 1378 3098 socio,

199 3129 375 3216 profunda
406 3129 524 3218 cupido
555 3134 690 3216 imperii
719 3144 751 3195 ct
781 3130 985 3200 dinitiarum
1003 3130 1041 3211 ⁴,
1065 3130 1174 3196 absint
1195 3149 1280 3212 quae
1297 3143 1379 3196 teste

205 3240 361 3305 Seneca‘

417 3349 553 3435 Rupere
574 3349 717 3434 foedus,
740 3355 861 3438 impius
883 3352 974 3417 lucri
986 3351 1095 3437 furor

425 3459 475 3525 Et
497 3464 556 3525 ira
574 3475 744 3548 praeceps.

206 3568 282 3635 Hoc
302 3584 353 3635 est
369 3569 558 3654 Augustino
571 3573 584 3612 ⁸
598 3571 821 3655 exprimente,
845 3574 982 3641 nocendi
992 3574 1180 3661 cupiditas,
1202 3574 1380 3643 ulciscendi

204 3679 413 3761 crudelitas,
437 3696 470 3747 et
487 3701 571 3763 quae
597 3681 660 3748 alia
682 3702 721 3748 err
743 3682 800 3749 illo
821 3684 887 3767 jam
919 3700 993 3750 ante
1015 3684 1187 3751 citavimus
1198 3692 1220 3751 ⁷.
1241 3686 1324 3751 Nam
1342 3701 1379 3752 ut

205 3790 290 3855 idem
320 3788 488 3858 antistes·
511 3791 633 3873 docet,
667 3794 761 3880 apud
790 3814 885 3861 aeros
917 3794 985 3860 Dci
1015 3796 1159 3861 cultores
1182 3800 1282 3862 ctiam
1306 3800 1379 3882 ipsa

204 3900 292 3966 bella
309 3915 440 3987 pacata
459 3915 560 3983 sunt,
582 3922 668 3987 quac
690 3924 755 3967 non
782 3903 971 3990 cupiditate
994 3918 1056 3971 aut
1077 3906 1301 3987 crudelitate,
1325 3905 1382 3972 scd

198 4015 297 4096 pacis
328 4011 438 4077 studio
465 4026 660 4097 geruntur,
692 4027 732 4079 ut
762 4014 847 4079 mali
882 4029 1102 4081 coerceantur
1124 4030 1155 4081 ct
1179 4017 1254 4081 boni
1274 4016 1379 4081 suble·

204 4136 340 4187 rentur.
388 4121 463 4187 Hoc
487 4136 551 4187 est:
575 4123 612 4186 hi
644 4128 703 4209 qui
725 4123 920 4191 uoluntario
943 4140 1050 4213 agunt
1064 4127 1159 4212 justo
1183 4129 1292 4191 animo
1314 4125 1378 4189 bcl·

201 4264 397 4293 ““““-““““7

241 4354 374 4403 ¹adfam.
395 4356 511 4415 l.7.ep.
533 4368 571 4404 ra.
606 4354 657 4404 ἐ.
672 4358 697 4406 6.
733 4355 827 4420 ⁸c.4.
860 4357 946 4408 ⁴sall.
968 4360 995 4408 in
1012 4360 1098 4420 fragm.
1118 4359 1188 4421 [libr.
1211 4372 1235 4419 4.
1254 4358 1318 4407 llist.
1338 4372 1379 4425 ep,

205 4442 336 4508 Mithrid]
370 4444 501 4507 ‘Hippol
516 4444 566 4510 [vs
584 4458 641 4508 540.
657 4446 710 4508 sq.]
744 4446 755 4480 ⁸
773 4462 797 4497 c.
805 4450 868 4509 quid
878 4453 1002 4512 culpatur.
1013 4448 1102 4514 [Dect.
1112 4451 1180 4497 Grat.
1190 4464 1215 4510 p.
1225 4464 1248 4498 a.
1259 4462 1298 4507 2³·
1311 4450 1378 4513 1.4.]

206 4532 217 4569 ⁷
235 4535 260 4582 in
284 4532 335 4583 fine
349 4548 372 4583 c.
389 4548 412 4593 3.
445 4533 457 4567 ⁸
474 4538 506 4585 de
520 4536 573 4585 div.
589 4539 654 4586 eccl.
672 4537 728 4586 obs.
746 4538 839 4588 citattn
852 4540 878 4587 in
896 4539 1378 4614 c.apud.·[Decr.Grat.p.aas·1.6.]

1392 4124 1537 4176 Concl.VIiI.

1391 4182 1461 4229 artic.
1474 4182 1496 4227 1.
