3450 5434
367 636 430 679 222
661 631 707 677 DE
730 630 824 697 Junts
849 628 1034 675 annuunt..
1061 626 1142 674 CAP·
1167 628 1235 675 xil.

365 787 435 870 piat
465 800 563 869 atque
595 785 641 850 ita
672 784 833 867 privatum
869 780 981 848 faciat:
1005 780 1092 847 sicut
1123 782 1291 849 Lucullus
1317 781 1429 847 exciso
1453 780 1541 865 apud

364 885 540 981 Neapolim
567 909 678 961 monte
708 896 747 959 ad
780 892 892 988 villam
915 912 1007 959 suam
1030 890 1129 959 niaria
1151 892 1285 960 admisit
1307 902 1326 958 ¹.
1372 893 1419 959 Et
1440 893 1540 977 hujus

366 1008 493 1095 generis
511 1021 594 1091 puto
614 1004 719 1071 fuisse
738 1004 881 1088 piscinas
905 1003 1105 1085 maritimas,
1130 1024 1268 1087 quarum
1290 1004 1397 1071 Varro
1419 1019 1452 1071 et
1474 1004 1544 1069 Co-

363 1120 497 1186 lumella
519 1116 746 1183 meminerunt.
790 1115 863 1181 Nec
885 1115 1051 1181 Martialis
1073 1116 1084 1150 ²
1106 1116 1171 1181 alio
1194 1115 1376 1198 spectavit,
1400 1135 1478 1181 cum
1502 1115 1542 1180 de

366 1230 539 1296 Formiano
561 1226 764 1310 Apollinaris
785 1226 953 1308 loquitur:

561 1337 753 1423 Siquando
773 1338 906 1402 Nereus
929 1340 1030 1402 sentit
1053 1336 1151 1403 Aeoli
1173 1358 1335 1424 regnum,
1415 1334 1420 1337 ’

561 1448 666 1515 Ridet
681 1447 848 1534 procellas
869 1460 948 1513 tuta
971 1447 1010 1514 de
1034 1468 1236 1514 rnamenta.

409 1562 456 1628 Et
477 1560 674 1627 Ambrosius
694 1558 726 1623 ⁸:
751 1557 887 1624 Indaeis
911 1580 1005 1625 mare
1026 1563 1125 1625 intra
1142 1558 1289 1646 praedia
1312 1570 1398 1639 tua,
1423 1580 1463 1623 ne
1487 1556 1541 1623 de-

354 1678 433 1740 -sint
453 1673 591 1739 belluae.
637 1671 726 1736 Hinc
745 1689 900 1754 apparere
918 1684 1048 1752 potest,
1071 1690 1155 1752 quae
1175 1688 1266 1735 mens
1286 1669 1378 1735 Pauli
1393 1673 1404 1710 ⁴
1421 1667 1542 1746 fuerit,

366 1805 440 1851 cum
472 1783 574 1866 dicit,
610 1783 639 1851 si
660 1782 758 1849 maris
779 1780 951 1865 proprium
972 1782 1027 1866 jus
1052 1782 1093 1847 ad
1115 1780 1259 1863 aliquem
1281 1779 1464 1879 pertineat,
1489 1782 1543 1845 uti

360 1895 536 1983 possidetis
568 1893 781 1961 interdictum
812 1892 841 1958 ei
873 1906 1069 1975 competere.
1115 1892 1199 1959 Esse
1233 1891 1366 1974 quidem
1397 1893 1463 1957 hoc
1492 1891 1540 1957 in·

367 2006 541 2073 terdictum
576 2006 616 2070 ad
649 2005 795 2087 privatas
828 2022 944 2069 causas
977 2017 1222 2086 comparatum,
1257 2021 1323 2069 non
1357 2016 1467 2071 autem
1499 2002 1540 2067 ad

366 2118 515 2203 publicas
548 2116 602 2199 (in
635 2115 759 2197 quibus
791 2114 887 2179 etiam
922 2132 958 2178 ea
992 2114 1336 2196 comprehenduntur,
1360 2134 1446 2195 quae
1467 2116 1540 2200 iure

367 2228 514 2314 gentium
546 2226 713 2292 communi
743 2223 849 2290 facere
882 2226 1101 2308 possumus),
1135 2223 1193 2291 sed
1225 2224 1279 2289 hic
1310 2226 1376 2308 jam
1411 2224 1465 2310 agi
1498 2226 1538 2292 tle

364 2336 619 2424 juramendo,
642 2336 734 2418 quod
756 2355 796 2401 ex
818 2354 917 2401 causa
941 2334 1069 2418 privata
1088 2334 1277 2420 contingat,
1300 2354 1367 2403 non
1387 2336 1539 2419 publica,

366 2452 437 2519 sive
459 2447 635 2515 communi.
681 2446 767 2511 Nam
792 2461 876 2513 teste
899 2446 1068 2512 Marciano
1089 2444 1124 2527 ⁵,
1149 2446 1316 2530 quidquid
1340 2463 1540 2531 occupatum

367 2576 417 2627 est
440 2575 473 2628 et
495 2558 648 2642 occupari
682 2557 814 2640 potuit,
847 2558 882 2623 id
900 2558 964 2641 jam
989 2576 1056 2623 non
1079 2572 1130 2624 est
1149 2558 1235 2641 juris
1256 2558 1427 2643 gentium,
1452 2558 1543 2625 sicut

367 2686 419 2739 est
434 2691 533 2737 mare.
578 2670 731 2752 Exempli
750 2688 867 2747 causa,
890 2668 918 2735 si
939 2667 1016 2751 quis
1035 2668 1213 2734 Lucullum
1234 2684 1291 2735 aut
1312 2668 1543 2752 Apollinarem

368 2784 402 2850 in
433 2784 564 2868 privato
597 2800 682 2861 suo,
715 2793 880 2863 quatenus
914 2778 1148 2845 diverticulum
1180 2780 1280 2845 maris
1314 2781 1542 2862 incluserant,

367 2894 488 2978 piscari
518 2891 768 2976 prohibuisset,
800 2890 944 2956 dandum
977 2890 1043 2955 illis
1067 2889 1280 2957 interdictum
1305 2891 1428 2958 Paulus
1447 2907 1544 2975 puta-

367 3004 442 3088 vit,
478 3023 544 3070 non
576 3005 683 3070 solum
718 3001 912 3089 injuriarum
948 3002 1137 3084 actionem,
1173 3002 1216 3067 ob
1252 3022 1381 3069 causam
1416 3002 1546 3069 scilicet

367 3116 513 3200 privatae
541 3114 769 3198 possessionis.
815 3114 886 3179 Imo
916 3112 950 3179 in
969 3112 1167 3179 diverticulo
1187 3112 1307 3193 maris,
1330 3113 1419 3179 sicut
1442 3114 1476 3180 in
1495 3114 1545 3180 di·

367 3226 530 3293 verriculo
550 3224 738 3303 fluminis·,
761 3225 789 3290 si
809 3227 918 3290 locum
940 3226 1037 3289 talem
1057 3225 1244 3307 occupatim
1264 3224 1378 3306 ibique
1398 3225 1545 3307 piscatus

272 3404 276 3411 ,
368 3338 452 3418 sim,
486 3336 624 3401 maxime
646 3336 674 3400 si
697 3336 843 3401 animum
875 3334 1030 3418 privatim
1060 3335 1249 3418 possidendi
1270 3335 1416 3423 plurium
1442 3356 1544 3401 anno-

369 3468 441 3513 rum
471 3446 717 3513 continuatione
750 3461 889 3515 testatus
922 3445 1066 3527 fuerim,
1097 3449 1234 3513 alterum
1259 3447 1373 3513 eodem
1394 3446 1470 3529 jure
1495 3447 1543 3511 uti

367 3558 575 3644 prohibebo,
608 3572 646 3623 ut
668 3578 708 3622 ex
730 3559 903 3625 Marciano
927 3558 1139 3643 colligimus,
1171 3576 1237 3624 non
1270 3558 1363 3623 aliter
1387 3576 1486 3638 quam
1511 3558 1544 3624 in

368 3672 466 3751 lacu,
500 3669 559 3753 qui
589 3669 653 3735 mei
686 3669 822 3736 dominii
857 3683 907 3736 est
925 3668 948 3735 ⁷.
994 3669 1097 3757 Quod
1120 3688 1233 3736 verum
1265 3668 1422 3751 quamdiu
1447 3668 1546 3735 durat

368 3780 566 3866 occupatio,
600 3781 874 3863 quemadmodum
907 3780 941 3845 in
976 3780 1086 3845 littore
1118 3794 1211 3845 antea
1243 3779 1396 3845 diximus.
1442 3779 1545 3847 Extra

369 3894 600 3961 diverticulum
634 3892 719 3958 idem
751 3911 818 3958 non
851 3892 936 3973 erit,
961 3910 1001 3958 ne
1024 3890 1152 3957 scilicet
1174 3890 1357 3959 communis
1379 3912 1461 3959 usus
1485 3893 1545 3958 im-

402 4106 494 4155 ¹Plln.
515 4109 534 4154 l.
556 4118 593 4153 10.
616 4118 639 4152 c.
663 4117 704 4165 ⁵4·
738 4102 852 4165 'Epign
870 4107 887 4153 l.
908 4118 945 4153 ro.
965 4118 1005 4162 3ο.
1041 4104 1348 4161 membraneus.
1381 4101 1427 4151 ⁴1.
1445 4116 1506 4152 sanc
1522 4102 1543 4151 sl

368 4198 451 4247 maris.
468 4197 494 4245 lt.
515 4198 546 4245 dc
562 4194 672 4253 iniuriis.
691 4195 737 4257 [D.
751 4208 793 4254 47.
811 4209 849 4244 ιο.
872 4194 922 4258 14.]
960 4195 969 4226 ⁶
988 4198 1005 4243 l.
1022 4208 1097 4243 nemo
1116 4194 1203 4255 igitur.
1222 4194 1248 4243 ff.
1267 4197 1298 4244 de
1315 4208 1365 4242 rer.
1383 4194 1439 4243 div.
1457 4195 1503 4255 [D.
1523 4206 1544 4241 r.

369 4293 393 4337 8.
410 4290 448 4351 4]
482 4288 493 4320 ⁸
511 4291 529 4336 l.
547 4288 569 4335 si
587 4286 728 4347 quisquam.
747 4285 773 4333 ff.
791 4288 823 4335 de
841 4286 935 4335 divers.
953 4297 1031 4347 temp.
1049 4298 1162 4346 praescr.
1181 4285 1226 4347 [D.
1241 4299 1282 4347 44.
1301 4298 1324 4342 ³·
1341 4284 1378 4345 7.]
1415 4282 1426 4321 ⁷
1445 4287 1463 4332 l.
1479 4282 1542 4341 iniu-

368 4380 470 4428 riarum.
487 4382 509 4437 ς.
527 4380 572 4427 ult.
589 4378 616 4425 ff.
634 4376 667 4425 de
685 4375 796 4434 iniuriis.
816 4374 860 4439 [D.
877 4389 919 4437 47.
940 4390 979 4425 ro.
999 4388 1037 4433 13.
1055 4380 1076 4435 §-
1095 4376 1133 4437 7.]
1153 4379 1171 4424 l.
1188 4374 1358 4437 praescriptio
1377 4373 1404 4421 ff.
1423 4375 1456 4423 dc
1475 4387 1544 4423 usuc.

370 4470 414 4531 [D-
431 4483 474 4530 41·
492 4481 516 4526 a·
533 4469 587 4529 tal
