3450 5434
358 628 419 711 196
659 646 705 691 nr.
729 645 823 712 Juaa
848 645 1033 693 rannone.
1058 648 1137 695 car.
1163 648 1213 695 xr.

356 817 392 866 ut
412 801 539 866 scilicet
559 800 665 867 omnis
683 799 802 868 Oriens
819 820 937 867 nomen
952 802 1204 881 Hollandicum,
1229 817 1266 868 ut
1278 817 1392 868 tetram
1403 819 1527 887 pestem

354 911 544 993 fontemque
565 911 628 978 sibi
650 928 683 979 et
713 913 872 997 originem
905 913 1123 979 calamitatum
1162 914 1328 993 omniurn,
1365 930 1529 997 perpetuo

355 1024 603 1089 abominaretur.
649 1024 698 1089 Ut
722 1024 823 1109 igitur
845 1025 885 1089 de
909 1024 966 1089 illo
991 1025 1024 1089 in
1048 1026 1276 1090 Bantamenses
1300 1026 1407 1103 hello,
1432 1025 1531 1109 cujus

193 1122 341 1236 ᾗζὲξζῲὲξω
353 1138 419 1221 jam
442 1134 580 1201 historia
603 1134 765 1218 explicata
788 1150 860 1214 est,
885 1135 970 1201 nihil
992 1136 1046 1200 hic
1070 1150 1235 1218 repetam,
1260 1156 1333 1201 curn
1358 1136 1533 1201 Ambonae

356 1261 442 1312 esset
462 1246 639 1312 Cornelius
659 1246 916 1312 Hemslcerckius
936 1247 1113 1327 aliquoties
1133 1263 1206 1313 ante
1225 1246 1436 1327 nominatus,
1461 1247 1532 1312 Lu-

357 1358 454 1423 sitani
487 1358 759 1439 quemadmodum
794 1357 958 1439 Batavos,
982 1358 1027 1423 ita
1051 1359 1123 1441 ejus
1146 1358 1289 1443 regionis
1312 1377 1469 1441 proteres
1491 1359 1533 1422 ad

357 1469 471 1534 caedes
494 1469 773 1552 proscripserant,
805 1468 959 1551 apposito
987 1468 1092 1551 pretio
1116 1468 1148 1532 in
1170 1468 1279 1551 capita
1303 1469 1434 1553 singula
1456 1487 1535 1534 cen·

358 1596 427 1645 tum
463 1580 644 1663 regalibus:
681 1580 713 1645 in
748 1594 904 1644 rectorem
939 1596 1045 1644 autem
1079 1579 1180 1659 arcis,
1214 1580 1272 1661 qui
1308 1579 1429 1644 ibidem
1465 1594 1533 1656 est,

358 1692 506 1756 mercede
539 1691 672 1772 eadem,
704 1710 768 1772 qua
804 1690 836 1754 in
868 1689 1136 1756 Hollandicarum
1165 1690 1298 1756 navium
1332 1688 1533 1772 praefectum

358 1821 581 1884 percussorem
613 1802 849 1868 invitaverant:
883 1817 921 1866 ut
943 1801 1066 1867 scirent
1089 1802 1161 1886 ejus
1184 1801 1309 1867 insulae
1333 1800 1537 1866 habitatores

358 1932 563 1979 communem
604 1911 667 1977 sibi
711 1933 785 1977 cum
829 1912 960 1978 Batavis
1002 1912 1165 1979 fortunam
1209 1912 1412 1977 subeundam
1448 1932 1532 1977 esse.

359 2024 553 2105 Eodemque
586 2038 731 2106 tempore
766 2042 839 2088 cum
875 2024 1035 2089 adversus
1070 2042 1169 2089 naves
1203 2022 1286 2089 nihil
1320 2023 1534 2106 potuissent,

359 2134 558 2199 Lusitellum
591 2134 769 2217 (oppidum
799 2149 848 2199 est
880 2134 1140 2199 Ambonensium
1170 2134 1313 2199 cinctum
1340 2133 1535 2217 moenibus)

359 2242 469 2310 infesti
493 2244 713 2309 contendunt:
738 2242 855 2329 dejecti
878 2245 918 2310 ab
941 2244 1188 2327 oppugnatione
1211 2244 1252 2310 ad
1273 2244 1438 2311 obsidium
1459 2264 1536 2309 ver-

360 2370 485 2421 tuntur.
520 2355 574 2421 Ob
595 2355 704 2423 victus
725 2355 866 2437 inopiam
888 2375 937 2423 res
957 2356 990 2420 in
1010 2356 1157 2438 periculo
1178 2369 1286 2435 erant,
1311 2374 1383 2420 cum
1405 2354 1535 2421 insulae

360 2467 518 2550 primores
537 2467 723 2549 supplicum
742 2467 809 2531 ritu
829 2466 924 2533 fidem
945 2486 1109 2549 opemque
1129 2466 1326 2532 Batavorum
1346 2466 1536 2549 implorant.

362 2578 521 2644 Adventu
551 2578 683 2644 navium
715 2578 763 2644 illi
796 2578 916 2644 exemti
950 2578 1104 2657 obsidio,
1137 2578 1190 2643 his
1222 2592 1313 2661 parta
1336 2576 1441 2661 gloria
1466 2592 1534 2643 est.

361 2691 427 2755 Sed
449 2710 562 2755 omnes
595 2690 699 2755 minae
723 2689 958 2755 Lusitanorum
982 2689 1015 2755 in
1039 2689 1073 2755 id
1096 2688 1188 2771 quod
1210 2686 1358 2771 proxime
1382 2702 1534 2753 secutum

360 2816 410 2869 est
428 2816 559 2884 tempus
577 2801 780 2867 inciderunt:
804 2820 878 2865 cum
898 2800 1017 2882 passim
1034 2800 1193 2883 jactarent
1212 2818 1245 2864 se
1264 2817 1330 2864 non
1350 2800 1414 2864 hoc
1434 2798 1535 2864 modo

361 2913 561 2993 effecturos,
584 2931 625 2977 ne
656 2930 811 2993 umquam
841 2926 956 2993 postea
986 2930 1044 2993 per
1076 2929 1130 2976 eas
1161 2926 1263 2977 terras
1292 2910 1534 2975 Hollandorum

361 3043 479 3090 nomen
498 3022 686 3104 audiretur,
699 3023 757 3089 sed
776 3036 961 3089 vastaturos
982 3022 1080 3086 urbes
1100 3022 1289 3104 insulasque
1309 3040 1441 3103 omnes,
1453 3040 1537 3103 quas

215 3136 493 3205 Ann0¹⁶01illorurn
533 3134 634 3216 pedes
675 3133 905 3217 contigissent.
952 3132 1078 3199 Classis
1111 3133 1222 3218 regia,
1256 3152 1339 3215 quae
1371 3128 1536 3197 Cunalam

202 3198 517 3318 M'fqggsslndomm
539 3244 745 3310 Malabarum
777 3244 1021 3327 archipiratam,
1045 3244 1284 3328 quinquaginta
1305 3262 1464 3309 annorum
1486 3262 1538 3309 ra·

197 3316 325 3365 mm
360 3356 448 3439 pinis
472 3371 504 3420 et
526 3354 704 3439 insignium
736 3354 902 3439 regiorum
923 3354 1136 3437 usurpatione
1156 3355 1317 3432 nobilem,
1342 3354 1375 3418 in
1400 3354 1536 3438 gratiam

362 3468 446 3551 regis
490 3466 709 3533 Calicutensis
752 3482 1018 3553 expugnaverat,
1061 3465 1212 3533 confecto
1248 3466 1358 3545 belle,
1396 3479 1435 3530 ut
1469 3467 1537 3531 huc

362 3578 449 3645 vires
481 3593 644 3658 verteret,
676 3579 715 3644 ab
747 3578 824 3645 Goa
856 3582 952 3663 longe
984 3578 1024 3643 ad
1055 3577 1174 3644 fretum
1205 3576 1418 3655 Sundanum,
1443 3576 1539 3658 quod

358 3691 471 3775 Javam
505 3705 537 3756 et
568 3690 788 3772 Taprobanen
813 3690 971 3769 interest,
1004 3689 1206 3755 mittebatur.
1253 3686 1358 3754 Simul
1391 3687 1432 3753 ab
1465 3688 1540 3755 aliis

359 3801 595 3868 Lusitanorum
616 3801 756 3867 coloniis
779 3820 879 3867 naves
902 3801 1043 3867 coibant.
1090 3799 1135 3865 Et
1152 3800 1217 3883 jam
1237 3818 1338 3864 naves
1358 3814 1453 3865 erant
1471 3818 1540 3865 non

362 3916 466 3979 multo
490 3912 574 3978 infra
597 3912 741 3997 triginta.
782 3912 941 3999 Quinque
962 3913 1115 3995 galeones
1134 3930 1151 3975 e
1171 3910 1264 3975 Goa:
1290 3928 1387 3975 unam
1405 3910 1542 3975 tenebat

361 4026 510 4092 Andreas
522 4025 547 4089 F
552 4026 669 4090 urtado
683 4024 872 4105 Mendoza,
884 4022 997 4089 classis
1011 4042 1154 4089 summae
1166 4021 1372 4105 praepositus
1383 4046 1390 4086 :
1403 4023 1538 4087 alteram

362 4137 512 4203 Thomas
535 4138 640 4202 Sousa
653 4135 693 4201 de
706 4136 865 4202 Roncha:
890 4134 1016 4200 tertiam
1029 4132 1221 4199 Franciscus
1235 4132 1328 4198 Silva
1339 4131 1539 4199 Menezius:

362 4263 509 4331 quartam
534 4247 702 4315 Antonius
726 4248 850 4313 Sousa:
875 4245 1023 4327 quintam
1048 4246 1157 4328 Lopes
1181 4244 1374 4329 Dalmeyda.
1411 4244 1441 4308 E
1462 4245 1541 4309 Ma-

362 4363 451 4425 lacca
482 4380 630 4425 caraccae
654 4360 754 4424 duae:
783 4373 953 4441 praeerant
974 4357 1139 4442 Traianus
1171 4356 1358 4423 Rodericus
1382 4354 1539 4421 Castelli-

364 4471 534 4551 blancius,
559 4471 726 4557 Georgius
749 4470 895 4538 Pinteus.
922 4468 950 4535 E
973 4468 1116 4537 Coehiui
1141 4488 1226 4549 una,
1250 4469 1332 4535 duce
1345 4467 1539 4533 Sebastiano
