3450 5434
335 580 399 659 236
657 594 703 639 nn
726 594 820 659 June
846 592 1030 639 rnnnnnrr.
1054 594 1137 650 vcnr.
1162 593 1227 639 xrr.

331 748 466 833 proprio
500 746 597 813 uraris
628 748 672 813 ad
702 747 845 829 aliquem
876 746 1060 830 pertinente
1090 749 1304 829 loqueretur,
1338 744 1410 811 fieri
1447 746 1513 811 lroc

331 880 428 943 posse
458 858 542 923 dixit
576 858 758 923 Accursius
783 864 793 901 ¹
817 878 876 942 per
897 856 1108 941 privilegium
1137 874 1195 925 aut
1218 856 1513 923 consuetudinem:

331 971 424 1053 quod
445 969 703 1035 additamentum
727 969 769 1033 ad
785 968 1016 1052 jurisconsulti
1040 982 1166 1036 textum
1185 968 1396 1036 nullomodo
1419 987 1514 1033 acce·

333 1082 413 1147 dens
441 1080 517 1146 mali
536 1080 651 1163 potius
673 1079 869 1163 conjectoris
889 1098 959 1145 esse
983 1079 1115 1146 videtur
1134 1100 1231 1163 quam
1253 1080 1332 1145 boni
1351 1079 1514 1161 interpre-

331 1194 385 1260 tis.
432 1192 532 1257 Mens
559 1190 652 1256 Pauli
683 1211 781 1274 supra
812 1190 973 1273 explicata
1006 1206 1066 1257 cst.
1113 1192 1288 1257 Caeterum
1320 1191 1370 1256 illi
1400 1189 1428 1255 si
1456 1191 1514 1256 vel

331 1306 400 1369 sola
424 1302 556 1385 Ulpiani
578 1306 590 1342 ²
611 1302 735 1382 verba,
759 1320 844 1384 quae
866 1306 966 1384 paulo
989 1317 1064 1367 ante
1084 1303 1307 1385 praecedunt,
1332 1302 1412 1367 satis
1432 1322 1513 1367 con-

329 1414 553 1495 siderassent,
577 1415 674 1498 longe
698 1412 789 1478 aliud
808 1412 928 1478 dicturi
951 1428 1052 1479 erant.
1078 1412 1352 1493 Fatetur³enim,
1374 1427 1412 1478 ut
1434 1413 1514 1495 quis

331 1541 406 1591 ante
429 1525 526 1591 aedes
546 1544 632 1590 meas
653 1524 772 1608 piscari
790 1523 1027 1606 prohibeatur,
1053 1544 1122 1589 esse
1143 1524 1277 1605 quidem
1298 1540 1513 1608 usurpatum,

333 1637 397 1701 hoc
429 1650 479 1701 est
510 1650 675 1718 receptum
697 1634 960 1715 consuetudine,
984 1635 1041 1701 sed
1062 1636 1154 1701 nullo
1175 1636 1272 1719 jure,
1298 1635 1441 1718 ideoque
1462 1635 1515 1701 in-

331 1747 491 1831 juriarum
523 1748 684 1813 actionem
716 1744 886 1829 prohibito
920 1764 987 1812 non
1020 1746 1251 1831 denegandam.
1318 1747 1516 1813 Contemnit

333 1857 436 1944 igitur
457 1860 543 1924 hunc
565 1878 687 1924 morem
707 1872 739 1923 et
762 1857 1008 1941 usurpationem
1025 1872 1148 1939 vocat,
1172 1873 1211 1923 ut
1234 1872 1266 1923 et
1287 1858 1372 1924 inter
1396 1858 1515 1924 Chris-

332 1969 440 2036 tianos
461 1970 614 2036 doctores
636 1970 835 2036 Ambrosius
852 1968 875 2033 ⁴.
922 1968 968 2034 Et
988 1968 1120 2035 merito.
1167 1970 1260 2056 Quid
1281 1970 1367 2035 eninr
1388 1971 1514 2037 clarius

335 2101 433 2163 quam
457 2101 523 2147 uon
553 2084 662 2147 valere
684 2079 983 2162 consuetudinem,
1009 2100 1092 2161 quae
1110 2080 1179 2164 J'uri
1198 2096 1333 2147 naturae
1353 2097 1411 2147 aut
1434 2102 1515 2167 gen·

333 2192 416 2258 tium
447 2212 488 2257 ex
517 2191 656 2257 adverso
687 2191 868 2273 opponitur
888 2190 927 2256 ⁵?
962 2191 1180 2257 Consuetudo
1203 2192 1288 2257 enim
1312 2192 1439 2275 species
1462 2210 1516 2261 est

332 2302 418 2387 iuris
440 2301 601 2384 positivi,
625 2302 717 2383 quod
737 2302 803 2387 legi
825 2316 1003 2385 perpetuae
1024 2304 1183 2387 obrogare
1205 2322 1271 2370 non
1294 2318 1414 2386 potest.
1450 2305 1516 2373 Est

334 2428 443 2481 autem
475 2415 528 2479 lex
551 2413 607 2479 illa
627 2428 807 2497 perpetua,
832 2429 871 2479 ut
893 2434 978 2479 mare
996 2414 1152 2483 omnibus
1171 2434 1235 2480 usu
1262 2435 1437 2483 commune
1457 2418 1514 2485 sit.

333 2526 436 2611 Quod
455 2540 564 2591 autem
587 2526 620 2591 in
643 2523 903 2608 praescriptione
926 2524 1089 2608 diximum,
1111 2526 1196 2592 idem
1217 2528 1250 2592 in
1271 2528 1514 2595 consuetudine

333 2657 447 2703 verum
477 2652 550 2719 est,
583 2636 610 2701 si
644 2635 720 2718 quis
751 2656 864 2701 eorum
896 2635 955 2719 qui
983 2638 1149 2703 diversum
1171 2638 1376 2703 tradiderunt
1395 2658 1515 2704 sensus

334 2748 503 2830 excudat,
528 2767 594 2813 non
623 2746 714 2812 aliud
739 2762 968 2830 reperturum,
993 2768 1090 2830 quam
1115 2749 1385 2816 consuetudinem
1409 2750 1515 2834 privi-

333 2858 420 2944 legio
440 2859 654 2942 aequiparari.
678 2858 785 2940 Atqui
804 2859 962 2925 adversus
984 2878 1087 2943 genus
1110 2860 1288 2926 humanum
1309 2862 1515 2928 concedendi

332 2969 543 3054 privilegium
567 2988 663 3035 nemo
682 2970 782 3035 habet
801 2984 1020 3052 potestatem:
1044 2990 1145 3053 quare
1169 2964 1253 3037 inter
1274 2971 1420 3040 diversas
1444 2992 1515 3039 res-

331 3081 481 3164 publicas
513 3080 721 3147 cousuetudo
756 3080 817 3145 ista
852 3080 921 3146 vim
954 3101 1021 3147 non
1054 3082 1163 3148 habet.
1223 3084 1349 3149 Verum
1382 3104 1514 3151 omnem

332 3194 416 3257 hanc
444 3192 672 3274 quaestionem
696 3191 946 3275 diligentissime
976 3194 1129 3259 tractavit
1156 3194 1326 3277 Vasquius
1350 3194 1385 3276 ⁸,
1411 3194 1513 3261 decus

333 3302 418 3367 illud
446 3303 648 3386 Hispaniae,
671 3303 767 3386 cujus
796 3322 857 3369 nec
888 3302 923 3367 in
950 3303 1151 3386 explorando
1169 3307 1244 3390 jure
1269 3306 1511 3388 subtilitatem,

333 3413 447 3479 necin
472 3413 621 3479 docendo
640 3411 824 3478 libertatem
844 3434 1001 3496 umquam
1025 3415 1198 3482 desideres.
1222 3417 1253 3481 Is
1277 3417 1379 3502 igitur
1402 3418 1511 3501 posita

333 3524 437 3591 thesi:
459 3524 531 3589 loca
549 3523 689 3610 publica
712 3538 743 3589 et
757 3524 841 3608 jure
858 3530 1010 3611 gentium
1032 3530 1217 3592 communia
1233 3529 1426 3614 praescribi
1447 3550 1510 3593 non

325 3651 443 3722 posse,
479 3655 576 3717 quam
609 3634 723 3700 multis
755 3634 861 3701 firmat
893 3637 1111 3718 auctoribus,
1141 3638 1352 3722 exceptiones
1391 3640 1510 3705 deinde

331 3746 506 3833 subjungit
526 3748 568 3813 ab
590 3747 722 3832 Angelo
746 3761 779 3811 et
802 3746 874 3812 aliis
896 3746 1072 3827 confictas,
1097 3770 1180 3831 quas
1201 3770 1299 3834 supra
1320 3752 1509 3818 retulimus.

332 3860 401 3926 Has
421 3874 529 3925 autem
552 3857 798 3924 examinaturus
820 3873 909 3923 recte
928 3858 1076 3943 indicat,
1101 3860 1235 3928 istarum
1257 3882 1366 3929 rerum
1390 3862 1511 3929 verita·

367 4156 375 4188 ¹
394 4159 426 4206 ad
443 4158 468 4205 d.
485 4158 503 4204 l.
517 4169 586 4203 sane.
606 4154 650 4216 [D.
663 4168 706 4215 47.
727 4169 764 4203 10.
786 4154 836 4219 14.]
866 4154 876 4187 ²
894 4156 920 4204 in
939 4159 963 4205 d.
979 4159 997 4205 l.
1014 4156 1171 4215 injuriatum.
1188 4162 1210 4217 §-
1226 4161 1272 4207 ult.
1284 4159 1328 4220 [D.
1343 4170 1385 4220 47.
1402 4172 1439 4207 ro.
1458 4159 1511 4220 rm]

332 4246 425 4297 ³Vidc
450 4249 483 4308 gl.
505 4261 537 4294 eo
561 4249 632 4294 loco.
666 4248 726 4295 ⁴de
748 4248 792 4294 off.
815 4250 832 4295 1.
856 4262 877 4295 1.
901 4262 923 4297 c.
947 4250 987 4297 28.
1022 4249 1141 4298 Gentilis.
1165 4252 1182 4298 l.
1209 4264 1231 4299 r.
1253 4264 1274 4297 o.
1299 4264 1337 4312 ¹9·
1357 4250 1404 4298 sub
1428 4249 1513 4299 finem.

332 4339 437 4388 ὅΑιιῑΙι.
459 4341 475 4386 l.
492 4338 557 4387 nulli
578 4337 633 4395 jud.
657 4342 678 4397 ξ.
703 4352 724 4386 1.
746 4340 789 4400 [C.
806 4354 830 4401 9.
849 4342 890 4401 48.
911 4338 944 4404 1.]
965 4353 988 4389 c.
1008 4354 1064 4390 cum
1086 4352 1166 4389 tanto.
1190 4344 1221 4390 de
1237 4354 1353 4390 consuet.
1372 4342 1513 4401 [Decretal.

337 4446 357 4479 1.
375 4446 399 4491 4.
420 4430 471 4493 11.]
506 4430 625 4478 ⁶Coutr.
643 4430 680 4477 ill.
699 4444 722 4478 c.
742 4433 782 4491 89.
800 4444 824 4477 u.
846 4444 884 4478 η.
904 4444 996 4491 etseq.
