3450 5434
362 633 424 694 282
645 647 692 692 nn
715 647 809 712 June
835 645 1020 693 onxnnxr.
1046 645 1127 692 cnr.
1153 647 1236 692 x111.

364 799 455 865 Ordo
478 800 517 866 id
537 804 702 886 negotium
722 799 813 866 dedit
834 805 854 863 ¹.
904 800 991 864 Cum
1015 819 1092 886 ergo
1118 799 1184 866 sint
1207 800 1369 866 Ordinurn
1394 801 1534 882 subditi,

361 911 401 976 de
423 911 546 993 quibus
567 910 756 992 loquimur,
790 909 911 975 sufficit
944 910 1033 990 illis,
1069 911 1161 992 quod
1193 913 1315 977 bellum
1339 912 1378 978 ab
1402 912 1536 980 Ordini-

230 1024 425 1136 fflffibus
456 1035 581 1107 gestum
614 1040 681 1086 non
707 1020 901 1086 existimant
935 1020 1093 1105 injustum
1127 1042 1220 1103 esse,
1253 1023 1282 1089 si
1313 1023 1412 1089 modo
1443 1023 1476 1089 in
1500 1043 1536 1088 ea

231 1148 273 1189 m.
361 1132 518 1215 opinione
549 1151 616 1197 non
648 1145 698 1196 est
732 1151 822 1198 error
855 1131 1101 1198 inexcusabilis.
1158 1132 1283 1200 Omnes
1321 1149 1429 1200 autem
1462 1134 1536 1216 pios

361 1258 460 1325 atque
479 1241 650 1326 religiosos
673 1241 764 1308 cives
786 1242 925 1326 (horum
947 1243 1033 1308 enim
1055 1261 1153 1308 causa
1172 1242 1324 1310 instituta
1343 1259 1393 1310 est
1412 1244 1534 1322 oratio,

361 1352 477 1418 caeteri
500 1352 592 1437 digni
614 1372 681 1419 non
704 1367 805 1435 sunt,
838 1371 981 1434 quorum
1005 1354 1087 1420 ratio
1112 1355 1290 1439 habeatur)
1314 1373 1381 1420 non
1403 1356 1534 1422 credere

361 1466 484 1530 bellurn
507 1465 571 1530 hoc
596 1483 667 1530 esse
699 1463 859 1547 injustum
884 1463 1067 1530 certissimo
1089 1480 1281 1549 argumento
1302 1465 1535 1544 convincitur,

362 1575 441 1657 quia
462 1576 553 1641 salva
575 1573 776 1640 conscientia
806 1593 902 1640 nemo
925 1589 1036 1656 potest
1063 1575 1217 1642 interesse
1241 1577 1348 1655 bello,
1371 1576 1463 1657 quod
1486 1575 1536 1640 in·

358 1687 486 1770 justum
520 1686 631 1752 credat
663 1699 697 1750 et
727 1686 792 1750 tale
817 1685 940 1750 bellum
972 1704 1033 1768 pro
1065 1686 1136 1752 suis
1169 1685 1299 1753 uiribus
1333 1700 1535 1752 sustentare:

362 1795 454 1878 qnod
477 1794 526 1861 illi
547 1815 622 1862 curn
643 1794 794 1876 faciunt,
816 1810 850 1862 et
870 1795 1004 1877 quidem
1028 1815 1093 1862 non
1115 1795 1294 1880 gravatim,
1324 1798 1408 1862 bene
1432 1815 1468 1862 se
1497 1795 1536 1861 de

362 1908 449 1972 bello
472 1906 594 1974 sentire
614 1920 776 1974 testantur
796 1908 820 1972 ².
842 1905 925 1990 Ejus
955 1921 1065 1974 autem
1088 1906 1309 1989 persuasionis
1339 1926 1437 1988 quam
1471 1925 1537 1970 non

361 2017 573 2100 improbanda
595 2016 640 2084 sit
661 2016 769 2096 ratio,
803 2037 846 2083 ex
869 2016 923 2084 his
946 2037 1030 2098 quae
1051 2017 1092 2082 de
1115 2036 1212 2082 causa
1231 2016 1308 2086 belli
1331 2017 1431 2084 modo
1452 2015 1537 2082 dixi·

361 2146 435 2193 mus
465 2127 561 2193 facile
590 2127 701 2209 quivis
732 2126 898 2211 intelligit.
950 2125 994 2192 Et
1028 2127 1180 2209 quamvis
1211 2147 1262 2194 res
1293 2127 1394 2193 dubia
1427 2141 1536 2208 essct,

363 2253 469 2303 tamen
496 2236 531 2302 in
563 2237 717 2322 ambiguo
748 2238 915 2319 sequenda
936 2236 1022 2304 foret
1043 2237 1252 2321 magistratus
1272 2238 1472 2318 auctoritas,
1504 2253 1538 2302 et

363 2347 497 2431 quidem
526 2349 598 2432 eius
629 2348 688 2430 qui
718 2367 868 2414 summus
897 2350 960 2415 hoc
992 2350 1068 2414 loco
1100 2364 1133 2413 et
1163 2363 1310 2430 tempore
1338 2349 1536 2432 agnoscitur.

363 2458 470 2540 Atqui
492 2458 672 2537 Hollandi‚
693 2473 731 2524 ut
752 2458 919 2542 diximus,
944 2459 1216 2538 neminemhodie
1229 2458 1327 2526 alium
1339 2475 1536 2543 agnoscunt.

363 2567 471 2636 Bonae
504 2569 605 2653 igitur
636 2568 713 2634 fidci
736 2571 912 2634 bellatores
948 2569 1101 2636 censendi
1124 2584 1203 2635 sunt
1231 2589 1297 2636 non
1331 2569 1379 2634 illi
1413 2569 1537 2650 modo,

364 2681 422 2762 qui
445 2699 533 2746 nune
557 2681 714 2745 adversus
734 2679 940 2761 Lusitanos,
969 2681 1027 2748 sed
1056 2696 1089 2748 et
1116 2681 1173 2762 qui
1198 2680 1276 2746 olim
1297 2680 1452 2746 adversus
1476 2679 1538 2744 Al·

363 2791 482 2858 banum
502 2791 676 2874 ipsumque
697 2791 777 2856 adeo
789 2789 980 2874 Philippum
1003 2792 1196 2860 auctoritate
1216 2790 1349 2874 publica
1372 2790 1537 2857 Ordinunr

231 2921 350 3018 gnum
363 2922 449 2969 arma
468 2915 665 2968 sumserunt.
712 2903 780 2968 Res
811 2902 881 2984 ipsa
905 2901 1013 2984 poscit
1035 2902 1090 2967 hic
1112 2901 1243 2986 reprimi
1274 2901 1402 2968 foedam
1427 2916 1459 2966 et
1487 2901 1538 2966 in·

253 3007 259 3019 '
363 3013 479 3097 gennis
509 3013 702 3079 hominibus
722 3013 889 3097 indignam
914 3012 1135 3078 adulationem
1157 3032 1289 3090 corum,
1325 3012 1384 3093 qui
1407 3013 1474 3078 nati
1503 3011 1536 3076 in

362 3126 426 3190 hoc
445 3123 623 3203 videntur,
645 3139 683 3190 ut
702 3124 826 3206 optima
847 3124 944 3190 ctiam
966 3123 1154 3206 Principum
1177 3122 1307 3207 ingenia
1318 3135 1538 3212 corrumpant.

362 3235 411 3300 Ita
432 3233 518 3300 enim
541 3234 683 3315 docent,
706 3236 829 3300 nullam
851 3236 974 3318 justam
998 3254 1067 3302 esse
1090 3255 1219 3302 causam
1242 3234 1430 3300 rebellandi.
1469 3233 1537 3320 Qui

363 3345 390 3410 si
412 3344 497 3410 serio
519 3359 620 3429 agunt
641 3360 674 3410 et
695 3347 760 3410 hoc
780 3348 901 3411 volunt
924 3346 1055 3427 dicere,
1088 3345 1159 3413 fieri
1180 3365 1246 3413 non
1269 3365 1366 3428 posse
1390 3361 1429 3410 ut
1448 3345 1539 3430 iusta

363 3455 407 3520 sit
427 3455 537 3535 aliqua
560 3474 657 3520 causa
676 3454 878 3522 desciscendi
902 3457 942 3520 ab
968 3476 1029 3536 co,
1062 3456 1120 3538 qui
1141 3457 1298 3538 Princeps
1319 3456 1386 3536 sit,
1410 3456 1537 3536 fuerit,

362 3565 438 3630 inve
461 3584 534 3630 eum
556 3584 643 3629 arma
664 3566 842 3646 movendi,
878 3567 1011 3632 turbant
1038 3568 1184 3634 omnium
1214 3586 1386 3652 regnorum
1408 3587 1538 3650 posses-

365 3677 499 3756 siones,
531 3695 606 3741 cum
634 3679 762 3742 nullum
792 3675 862 3742 fere
882 3677 1053 3760 imperium
1075 3679 1174 3745 hodic
1207 3680 1295 3761 apud
1317 3679 1448 3744 cosdem
1470 3677 1537 3760 sit,

363 3787 452 3870 apud
481 3806 567 3869 qnos
599 3787 677 3852 olim
707 3787 781 3854 fuit.
827 3788 863 3851 In
899 3787 952 3854 his
975 3804 1082 3857 autem
1116 3810 1255 3871 qnorum
1283 3810 1377 3856 causa
1402 3788 1538 3854 omnino

362 3900 453 3964 nulla
482 3918 552 3964 csse
581 3899 716 3981 potuit,
739 3919 781 3964 ne
803 3899 987 3985 longissimi
1011 3900 1144 3983 quidem
1167 3901 1323 3984 temporis
1345 3900 1537 3986 exceptione

363 4088 561 4096 ΗΜ.

398 4205 405 4237 ¹
424 4208 441 4254 l.
455 4206 517 4254 itcrn
533 4218 621 4253 eornm
634 4204 661 4252 ff.
677 4207 747 4264 quod
767 4203 891 4270 cujusque
915 4207 986 4256 univ.
1012 4223 1080 4256 nom.
1102 4209 1145 4272 [D.
1165 4222 1187 4265 3.
1205 4223 1229 4270 4.
1248 4207 1285 4272 6.]
1306 4210 1379 4256 Adde
1396 4211 1456 4271 Jolr.
1478 4209 1538 4256 Feb.

363 4301 424 4347 lnst.
443 4299 475 4346 de
492 4310 576 4357 poena
594 4309 653 4345 tem.
668 4296 706 4344 lit.
722 4300 754 4347 ad
767 4298 789 4359 ς.
808 4298 929 4348 omnium.
945 4299 978 4360 [l.
991 4314 1015 4361 4.
1032 4301 1070 4348 16.
1083 4301 1105 4360 §.
1122 4301 1158 4362 3.]
1169 4303 1220 4349 etl.
1230 4299 1400 4350 necessarius
1410 4299 1431 4360 §.
1442 4299 1535 4346 deinde

362 4389 388 4436 ii.
410 4390 442 4436 de
466 4389 528 4450 orig.
552 4387 624 4446 iuris.
651 4390 680 4454 [l.
699 4404 722 4438 2.
741 4394 763 4448 ς.
780 4391 803 4437 6.
822 4391 853 4437 D.
874 4403 895 4438 r.
915 4390 950 4450 m]
987 4388 1044 4437 lv.
1063 4405 1125 4450 quae
1148 4391 1258 4441 diximus
1278 4405 1301 4440 c.
1318 4403 1341 4448 7.
1358 4391 1430 4438 edd.
1447 4401 1537 4446 arus.

362 4479 407 4527 ubi
430 4483 471 4528 all.
491 4493 514 4527 c.
537 4480 661 4542 Julianus.
681 4493 719 4528 11.
731 4495 756 4539 q.
772 4492 795 4537 3.
810 4483 900 4543 [Decr.
916 4482 984 4532 Grnt.
1003 4499 1028 4543 p.
1048 4495 1071 4530 n.
1092 4496 1129 4530 11.
1147 4495 1170 4540 3.
1188 4481 1241 4542 94]
