<?xml version="1.0" encoding="UTF-8"?>
<!DOCTYPE html PUBLIC "-//W3C//DTD XHTML 1.0 Transitional//EN"
    "http://www.w3.org/TR/xhtml1/DTD/xhtml1-transitional.dtd">
<html xmlns="http://www.w3.org/1999/xhtml" xml:lang="en" lang="en">
 <head>
  <title>
</title>
<meta http-equiv="Content-Type" content="text/html;charset=utf-8" />
  <meta name='ocr-system' content='tesseract 3.04.00' />
  <meta name='ocr-capabilities' content='ocr_page ocr_carea ocr_par ocr_line ocrx_word'/>
</head>
<body>
  <div class='ocr_page' id='page_1' title='image "./ledroitdeprised02hamagoog_0206.png"; bbox 0 0 3450 5434; ppageno 0'>
   <div class='ocr_carea' id='block_1_1' title="bbox 382 630 1245 714">
    <p class='ocr_par' dir='ltr' id='par_1_1' title="bbox 382 630 1245 714">
     <span class='ocr_line' id='line_1_1' title="bbox 382 630 1245 714; baseline 0.005 -25"><span class='ocrx_word' id='word_1_1' title='bbox 382 630 443 705; x_wconf 89' lang='lat'>184</span> <span class='ocrx_word' id='word_1_2' title='bbox 694 647 741 693; x_wconf 80' lang='lat' dir='ltr'>os</span> <span class='ocrx_word' id='word_1_3' title='bbox 764 646 858 714; x_wconf 77' lang='lat' dir='ltr'>JURE</span> <span class='ocrx_word' id='word_1_4' title='bbox 883 648 1066 694; x_wconf 78' lang='lat' dir='ltr'>rnnsuas.</span> <span class='ocrx_word' id='word_1_5' title='bbox 1091 649 1171 695; x_wconf 78' lang='lat' dir='ltr'>cnr.</span> <span class='ocrx_word' id='word_1_6' title='bbox 1197 646 1245 693; x_wconf 86' lang='lat' dir='ltr'>xr.</span> 
     </span>
    </p>
   </div>
   <div class='ocr_carea' id='block_1_2' title="bbox 215 798 1705 4456">
    <p class='ocr_par' dir='ltr' id='par_1_2' title="bbox 215 798 1705 4456">
     <span class='ocr_line' id='line_1_2' title="bbox 377 798 1556 888; baseline 0.001 -26"><span class='ocrx_word' id='word_1_7' title='bbox 377 799 488 882; x_wconf 85' lang='lat' dir='ltr'>juncis</span> <span class='ocrx_word' id='word_1_8' title='bbox 512 801 759 881; x_wconf 89' lang='lat' dir='ltr'>quatuordecim</span> <span class='ocrx_word' id='word_1_9' title='bbox 784 801 928 887; x_wconf 88' lang='lat' dir='ltr'>(navigii</span> <span class='ocrx_word' id='word_1_10' title='bbox 953 822 1057 888; x_wconf 88' lang='lat' dir='ltr'>genus</span> <span class='ocrx_word' id='word_1_11' title='bbox 1080 816 1130 868; x_wconf 91' lang='lat' dir='ltr'>est</span> <span class='ocrx_word' id='word_1_12' title='bbox 1158 799 1288 866; x_wconf 87' lang='lat' dir='ltr'>Orienti</span> <span class='ocrx_word' id='word_1_13' title='bbox 1311 798 1491 883; x_wconf 87' lang='lat' dir='ltr'>usitatum)</span> <span class='ocrx_word' id='word_1_14' title='bbox 1524 813 1556 865; x_wconf 89' lang='lat' dir='ltr'>et</span> 
     </span>
     <span class='ocr_line' id='line_1_3' title="bbox 380 910 1553 999; baseline 0.001 -25"><span class='ocrx_word' id='word_1_15' title='bbox 380 910 571 977; x_wconf 90' lang='lat' dir='ltr'>hominibus</span> <span class='ocrx_word' id='word_1_16' title='bbox 594 912 768 977; x_wconf 86' lang='lat' dir='ltr'>admodum</span> <span class='ocrx_word' id='word_1_17' title='bbox 789 913 880 979; x_wconf 87' lang='lat' dir='ltr'>mille</span> <span class='ocrx_word' id='word_1_18' title='bbox 904 913 1093 999; x_wconf 86' lang='lat' dir='ltr'><strong>quingentis</strong></span> <span class='ocrx_word' id='word_1_19' title='bbox 1118 934 1152 980; x_wconf 87' lang='lat' dir='ltr'>se</span> <span class='ocrx_word' id='word_1_20' title='bbox 1174 911 1306 977; x_wconf 88' lang='lat' dir='ltr'>intulit:</span> <span class='ocrx_word' id='word_1_21' title='bbox 1329 928 1389 975; x_wconf 90' lang='lat' dir='ltr'>nec</span> <span class='ocrx_word' id='word_1_22' title='bbox 1416 911 1553 976; x_wconf 90' lang='lat' dir='ltr'>dubium</span> 
     </span>
     <span class='ocr_line' id='line_1_4' title="bbox 381 1021 1557 1107; baseline 0 -21"><span class='ocrx_word' id='word_1_23' title='bbox 381 1036 449 1087; x_wconf 89' lang='lat' dir='ltr'>erat</span> <span class='ocrx_word' id='word_1_24' title='bbox 471 1022 551 1103; x_wconf 90' lang='lat' dir='ltr'>quin</span> <span class='ocrx_word' id='word_1_25' title='bbox 575 1022 624 1088; x_wconf 87' lang='lat' dir='ltr'>illi</span> <span class='ocrx_word' id='word_1_26' title='bbox 644 1023 843 1105; x_wconf 88' lang='lat' dir='ltr'>periissent,</span> <span class='ocrx_word' id='word_1_27' title='bbox 860 1026 895 1092; x_wconf 89' lang='lat' dir='ltr'>ni</span> <span class='ocrx_word' id='word_1_28' title='bbox 912 1025 1004 1091; x_wconf 92' lang='lat' dir='ltr'>Deus</span> <span class='ocrx_word' id='word_1_29' title='bbox 1029 1024 1214 1107; x_wconf 82' lang='lat' dir='ltr'>sospitator</span> <span class='ocrx_word' id='word_1_30' title='bbox 1235 1021 1275 1087; x_wconf 87' lang='lat' dir='ltr'>ad</span> <span class='ocrx_word' id='word_1_31' title='bbox 1296 1022 1380 1086; x_wconf 89' lang='lat' dir='ltr'>idem</span> <span class='ocrx_word' id='word_1_32' title='bbox 1397 1021 1557 1103; x_wconf 90' lang='lat' dir='ltr'>temporis</span> 
     </span>
     <span class='ocr_line' id='line_1_5' title="bbox 380 1132 1556 1217; baseline -0.002 -20"><span class='ocrx_word' id='word_1_33' title='bbox 380 1152 483 1197; x_wconf 90' lang='lat' dir='ltr'>novas</span> <span class='ocrx_word' id='word_1_34' title='bbox 507 1155 523 1198; x_wconf 95' lang='lat' dir='ltr'>e</span> <span class='ocrx_word' id='word_1_35' title='bbox 542 1133 673 1199; x_wconf 78' lang='lat' dir='ltr'>batavis</span> <span class='ocrx_word' id='word_1_36' title='bbox 695 1154 816 1217; x_wconf 89' lang='lat' dir='ltr'>naves,</span> <span class='ocrx_word' id='word_1_37' title='bbox 840 1135 967 1200; x_wconf 91' lang='lat' dir='ltr'>Lunam</span> <span class='ocrx_word' id='word_1_38' title='bbox 981 1149 1013 1199; x_wconf 91' lang='lat' dir='ltr'>et</span> <span class='ocrx_word' id='word_1_39' title='bbox 1024 1133 1237 1213; x_wconf 84' lang='lat' dir='ltr'>Luciferum,</span> <span class='ocrx_word' id='word_1_40' title='bbox 1261 1134 1294 1199; x_wconf 93' lang='lat' dir='ltr'>in</span> <span class='ocrx_word' id='word_1_41' title='bbox 1307 1133 1451 1198; x_wconf 90' lang='lat' dir='ltr'>eamdem</span> <span class='ocrx_word' id='word_1_42' title='bbox 1464 1132 1556 1196; x_wconf 90' lang='lat' dir='ltr'>insu-</span> 
     </span>
     <span class='ocr_line' id='line_1_6' title="bbox 235 1244 1555 1330; baseline -0.001 -20"><span class='ocrx_word' id='word_1_43' title='bbox 235 1254 306 1301; x_wconf 72' lang='lat' dir='ltr'>Anno</span> <span class='ocrx_word' id='word_1_44' title='bbox 319 1252 367 1299; x_wconf 68' lang='lat' dir='ltr'>„a</span> <span class='ocrx_word' id='word_1_45' title='bbox 380 1247 443 1310; x_wconf 88' lang='lat' dir='ltr'>lam</span> <span class='ocrx_word' id='word_1_46' title='bbox 466 1246 648 1329; x_wconf 87' lang='lat' dir='ltr'>adjecisset.</span> <span class='ocrx_word' id='word_1_47' title='bbox 690 1247 742 1310; x_wconf 83' lang='lat' dir='ltr'>Ab</span> <span class='ocrx_word' id='word_1_48' title='bbox 764 1247 878 1312; x_wconf 91' lang='lat' dir='ltr'>eodem</span> <span class='ocrx_word' id='word_1_49' title='bbox 902 1267 977 1330; x_wconf 89' lang='lat' dir='ltr'>rege</span> <span class='ocrx_word' id='word_1_50' title='bbox 999 1262 1031 1312; x_wconf 91' lang='lat' dir='ltr'>et</span> <span class='ocrx_word' id='word_1_51' title='bbox 1053 1246 1224 1311; x_wconf 86' lang='lat' dir='ltr'>Lusitanis</span> <span class='ocrx_word' id='word_1_52' title='bbox 1243 1258 1379 1327; x_wconf 91' lang='lat' dir='ltr'>accepto</span> <span class='ocrx_word' id='word_1_53' title='bbox 1400 1244 1555 1309; x_wconf 85' lang='lat' dir='ltr'>mandato</span> 
     </span>
     <span class='ocr_line' id='line_1_7' title="bbox 380 1353 1555 1441; baseline -0.003 -20"><span class='ocrx_word' id='word_1_54' title='bbox 380 1358 533 1423; x_wconf 91' lang='lat' dir='ltr'>Rasalata</span> <span class='ocrx_word' id='word_1_55' title='bbox 554 1359 633 1439; x_wconf 92' lang='lat' dir='ltr'>ille,</span> <span class='ocrx_word' id='word_1_56' title='bbox 666 1379 763 1441; x_wconf 91' lang='lat' dir='ltr'>quem</span> <span class='ocrx_word' id='word_1_57' title='bbox 785 1358 955 1425; x_wconf 90' lang='lat' dir='ltr'>latrocinia</span> <span class='ocrx_word' id='word_1_58' title='bbox 978 1361 1101 1424; x_wconf 89' lang='lat' dir='ltr'>clarum</span> <span class='ocrx_word' id='word_1_59' title='bbox 1126 1358 1323 1436; x_wconf 85' lang='lat' dir='ltr'>effecerant,</span> <span class='ocrx_word' id='word_1_60' title='bbox 1350 1375 1425 1420; x_wconf 90' lang='lat' dir='ltr'>cum</span> <span class='ocrx_word' id='word_1_61' title='bbox 1450 1353 1555 1419; x_wconf 90' lang='lat' dir='ltr'>milite</span> 
     </span>
     <span class='ocr_line' id='line_1_8' title="bbox 381 1465 1556 1554; baseline -0.003 -22"><span class='ocrx_word' id='word_1_62' title='bbox 381 1468 572 1534; x_wconf 88' lang='lat' dir='ltr'>Tubanensi</span> <span class='ocrx_word' id='word_1_63' title='bbox 603 1484 635 1533; x_wconf 88' lang='lat' dir='ltr'>et</span> <span class='ocrx_word' id='word_1_64' title='bbox 664 1468 779 1553; x_wconf 88' lang='lat' dir='ltr'>legatis</span> <span class='ocrx_word' id='word_1_65' title='bbox 809 1469 978 1536; x_wconf 89' lang='lat' dir='ltr'>Lusitanis</span> <span class='ocrx_word' id='word_1_66' title='bbox 1001 1469 1120 1554; x_wconf 90' lang='lat' dir='ltr'>viginti</span> <span class='ocrx_word' id='word_1_67' title='bbox 1143 1470 1317 1535; x_wconf 90' lang='lat' dir='ltr'>Moluccas</span> <span class='ocrx_word' id='word_1_68' title='bbox 1340 1465 1411 1531; x_wconf 87' lang='lat' dir='ltr'>fere</span> <span class='ocrx_word' id='word_1_69' title='bbox 1440 1484 1556 1531; x_wconf 89' lang='lat' dir='ltr'>omnes</span> 
     </span>
     <span class='ocr_line' id='line_1_9' title="bbox 381 1580 1554 1663; baseline -0.003 -20"><span class='ocrx_word' id='word_1_70' title='bbox 381 1580 521 1657; x_wconf 90' lang='lat' dir='ltr'>adierat,</span> <span class='ocrx_word' id='word_1_71' title='bbox 555 1594 592 1644; x_wconf 92' lang='lat' dir='ltr'>ut</span> <span class='ocrx_word' id='word_1_72' title='bbox 622 1580 845 1663; x_wconf 86' lang='lat' dir='ltr'>negotiatores</span> <span class='ocrx_word' id='word_1_73' title='bbox 877 1582 1018 1646; x_wconf 81' lang='lat' dir='ltr'>llatavos</span> <span class='ocrx_word' id='word_1_74' title='bbox 1049 1582 1174 1663; x_wconf 92' lang='lat' dir='ltr'>ubique</span> <span class='ocrx_word' id='word_1_75' title='bbox 1208 1592 1386 1645; x_wconf 85' lang='lat' dir='ltr'>everteret:</span> <span class='ocrx_word' id='word_1_76' title='bbox 1414 1592 1452 1642; x_wconf 94' lang='lat' dir='ltr'>ut</span> <span class='ocrx_word' id='word_1_77' title='bbox 1480 1597 1554 1641; x_wconf 90' lang='lat' dir='ltr'>cum</span> 
     </span>
     <span class='ocr_line' id='line_1_10' title="bbox 381 1687 1557 1774; baseline -0.003 -20"><span class='ocrx_word' id='word_1_78' title='bbox 381 1690 570 1755; x_wconf 90' lang='lat' dir='ltr'>Willekeno</span> <span class='ocrx_word' id='word_1_79' title='bbox 593 1690 732 1773; x_wconf 88' lang='lat' dir='ltr'>profecti</span> <span class='ocrx_word' id='word_1_80' title='bbox 763 1710 803 1756; x_wconf 85' lang='lat' dir='ltr'>ex</span> <span class='ocrx_word' id='word_1_81' title='bbox 835 1692 949 1757; x_wconf 90' lang='lat' dir='ltr'>Sarcio</span> <span class='ocrx_word' id='word_1_82' title='bbox 971 1692 1103 1757; x_wconf 89' lang='lat' dir='ltr'>Maluca</span> <span class='ocrx_word' id='word_1_83' title='bbox 1133 1707 1165 1757; x_wconf 92' lang='lat' dir='ltr'>et</span> <span class='ocrx_word' id='word_1_84' title='bbox 1193 1711 1232 1755; x_wconf 87' lang='lat' dir='ltr'>ex</span> <span class='ocrx_word' id='word_1_85' title='bbox 1255 1687 1418 1774; x_wconf 84' lang='lat' dir='ltr'>praefecto</span> <span class='ocrx_word' id='word_1_86' title='bbox 1440 1689 1557 1752; x_wconf 88' lang='lat' dir='ltr'>Banta-</span> 
     </span>
     <span class='ocr_line' id='line_1_11' title="bbox 379 1797 1556 1885; baseline -0.002 -19"><span class='ocrx_word' id='word_1_87' title='bbox 379 1802 482 1866; x_wconf 92' lang='lat' dir='ltr'>mensi</span> <span class='ocrx_word' id='word_1_88' title='bbox 509 1801 705 1868; x_wconf 88' lang='lat' dir='ltr'>didicerunt.</span> <span class='ocrx_word' id='word_1_89' title='bbox 751 1802 876 1867; x_wconf 89' lang='lat' dir='ltr'>Verum</span> <span class='ocrx_word' id='word_1_90' title='bbox 910 1802 986 1869; x_wconf 88' lang='lat' dir='ltr'>inde</span> <span class='ocrx_word' id='word_1_91' title='bbox 1010 1802 1094 1869; x_wconf 91' lang='lat' dir='ltr'>idem</span> <span class='ocrx_word' id='word_1_92' title='bbox 1120 1802 1175 1868; x_wconf 89' lang='lat' dir='ltr'>ille</span> <span class='ocrx_word' id='word_1_93' title='bbox 1195 1802 1298 1885; x_wconf 84' lang='lat' dir='ltr'>pirata</span> <span class='ocrx_word' id='word_1_94' title='bbox 1321 1800 1432 1883; x_wconf 89' lang='lat' dir='ltr'>pravis</span> <span class='ocrx_word' id='word_1_95' title='bbox 1455 1797 1556 1864; x_wconf 84' lang='lat' dir='ltr'>ferme</span> 
     </span>
     <span class='ocr_line' id='line_1_12' title="bbox 379 1912 1556 1999; baseline -0.003 -21"><span class='ocrx_word' id='word_1_96' title='bbox 379 1913 593 1999; x_wconf 86' lang='lat' dir='ltr'>quadraginta</span> <span class='ocrx_word' id='word_1_97' title='bbox 627 1912 787 1978; x_wconf 91' lang='lat' dir='ltr'>continuo</span> <span class='ocrx_word' id='word_1_98' title='bbox 816 1914 931 1998; x_wconf 88' lang='lat' dir='ltr'>Javam</span> <span class='ocrx_word' id='word_1_99' title='bbox 963 1914 1160 1997; x_wconf 83' lang='lat' dir='ltr'>advolabat,</span> <span class='ocrx_word' id='word_1_100' title='bbox 1185 1934 1254 1996; x_wconf 89' lang='lat' dir='ltr'>quo</span> <span class='ocrx_word' id='word_1_101' title='bbox 1275 1914 1381 1979; x_wconf 72' lang='lat' dir='ltr'>nouos</span> <span class='ocrx_word' id='word_1_102' title='bbox 1412 1912 1556 1977; x_wconf 84' lang='lat' dir='ltr'>Batavos</span> 
     </span>
     <span class='ocr_line' id='line_1_13' title="bbox 378 2024 1705 2119; baseline -0.003 -29"><span class='ocrx_word' id='word_1_103' title='bbox 378 2024 509 2090; x_wconf 89' lang='lat' dir='ltr'>venisse</span> <span class='ocrx_word' id='word_1_104' title='bbox 540 2024 767 2106; x_wconf 83' lang='lat' dir='ltr'>intellexerat,</span> <span class='ocrx_word' id='word_1_105' title='bbox 802 2026 936 2092; x_wconf 88' lang='lat' dir='ltr'>adactus</span> <span class='ocrx_word' id='word_1_106' title='bbox 966 2026 1153 2110; x_wconf 88' lang='lat' dir='ltr'>juramento</span> <span class='ocrx_word' id='word_1_107' title='bbox 1181 2024 1322 2107; x_wconf 90' lang='lat' dir='ltr'>aliquam</span> <span class='ocrx_word' id='word_1_108' title='bbox 1356 2042 1465 2089; x_wconf 88' lang='lat' dir='ltr'>earum</span> <span class='ocrx_word' id='word_1_109' title='bbox 1499 2038 1556 2087; x_wconf 89' lang='lat' dir='ltr'>aut</span> <span class='ocrx_word' id='word_1_110' title='bbox 1704 2110 1705 2119; x_wconf 8' lang='grc' dir='ltr'>ἵ</span> 
     </span>
     <span class='ocr_line' id='line_1_14' title="bbox 378 2134 1556 2223; baseline -0.002 -24"><span class='ocrx_word' id='word_1_111' title='bbox 378 2154 513 2216; x_wconf 87' lang='lat' dir='ltr'>rapere,</span> <span class='ocrx_word' id='word_1_112' title='bbox 538 2151 595 2199; x_wconf 88' lang='lat' dir='ltr'>aut</span> <span class='ocrx_word' id='word_1_113' title='bbox 622 2156 840 2218; x_wconf 82' lang='lat' dir='ltr'>corrumpere.</span> <span class='ocrx_word' id='word_1_114' title='bbox 885 2136 994 2223; x_wconf 91' lang='lat' dir='ltr'>Quam</span> <span class='ocrx_word' id='word_1_115' title='bbox 1019 2136 1061 2201; x_wconf 89' lang='lat' dir='ltr'>ad</span> <span class='ocrx_word' id='word_1_116' title='bbox 1081 2156 1148 2202; x_wconf 90' lang='lat' dir='ltr'>rem</span> <span class='ocrx_word' id='word_1_117' title='bbox 1171 2134 1325 2219; x_wconf 83' lang='lat' dir='ltr'>praelecti</span> <span class='ocrx_word' id='word_1_118' title='bbox 1345 2134 1442 2199; x_wconf 90' lang='lat' dir='ltr'>etiam</span> <span class='ocrx_word' id='word_1_119' title='bbox 1473 2134 1556 2198; x_wconf 75' lang='lat' dir='ltr'>llan-</span> 
     </span>
     <span class='ocr_line' id='line_1_15' title="bbox 378 2245 1553 2333; baseline -0.001 -22"><span class='ocrx_word' id='word_1_120' title='bbox 378 2246 533 2311; x_wconf 88' lang='lat' dir='ltr'>tamensis</span> <span class='ocrx_word' id='word_1_121' title='bbox 556 2266 686 2329; x_wconf 89' lang='lat' dir='ltr'>operam</span> <span class='ocrx_word' id='word_1_122' title='bbox 715 2248 849 2313; x_wconf 88' lang='lat' dir='ltr'>nomine</span> <span class='ocrx_word' id='word_1_123' title='bbox 872 2248 1005 2313; x_wconf 90' lang='lat' dir='ltr'>Tubani</span> <span class='ocrx_word' id='word_1_124' title='bbox 1034 2248 1120 2333; x_wconf 85' lang='lat' dir='ltr'>regis</span> <span class='ocrx_word' id='word_1_125' title='bbox 1149 2246 1330 2313; x_wconf 82' lang='lat' dir='ltr'>ambiebat:</span> <span class='ocrx_word' id='word_1_126' title='bbox 1355 2246 1442 2310; x_wconf 91' lang='lat' dir='ltr'>unde</span> <span class='ocrx_word' id='word_1_127' title='bbox 1460 2245 1553 2329; x_wconf 76' lang='lat' dir='ltr'>Jaca·</span> 
     </span>
     <span class='ocr_line' id='line_1_16' title="bbox 234 2356 1554 2441; baseline 0.001 -21"><span class='ocrx_word' id='word_1_128' title='bbox 234 2376 304 2420; x_wconf 68' lang='lat' dir='ltr'>Anna</span> <span class='ocrx_word' id='word_1_129' title='bbox 317 2374 365 2420; x_wconf 65' lang='lat' dir='ltr'>aar.</span> <span class='ocrx_word' id='word_1_130' title='bbox 379 2373 459 2422; x_wconf 89' lang='lat' dir='ltr'>tram</span> <span class='ocrx_word' id='word_1_131' title='bbox 491 2377 525 2422; x_wconf 91' lang='lat' dir='ltr'>se</span> <span class='ocrx_word' id='word_1_132' title='bbox 563 2358 706 2424; x_wconf 89' lang='lat' dir='ltr'>contulit</span> <span class='ocrx_word' id='word_1_133' title='bbox 739 2358 933 2424; x_wconf 89' lang='lat' dir='ltr'>insidiarum</span> <span class='ocrx_word' id='word_1_134' title='bbox 967 2374 1113 2441; x_wconf 90' lang='lat' dir='ltr'>tempora</span> <span class='ocrx_word' id='word_1_135' title='bbox 1146 2371 1381 2441; x_wconf 90' lang='lat' dir='ltr'>occupaturus.</span> <span class='ocrx_word' id='word_1_136' title='bbox 1439 2356 1554 2440; x_wconf 87' lang='lat' dir='ltr'>Majus</span> 
     </span>
     <span class='ocr_line' id='line_1_17' title="bbox 380 2467 1554 2552; baseline -0.001 -19"><span class='ocrx_word' id='word_1_137' title='bbox 380 2469 475 2534; x_wconf 91' lang='lat' dir='ltr'>etiam</span> <span class='ocrx_word' id='word_1_138' title='bbox 496 2468 677 2551; x_wconf 90' lang='lat' dir='ltr'>periculum</span> <span class='ocrx_word' id='word_1_139' title='bbox 697 2469 769 2552; x_wconf 87' lang='lat' dir='ltr'>his,</span> <span class='ocrx_word' id='word_1_140' title='bbox 793 2470 851 2551; x_wconf 91' lang='lat' dir='ltr'>qui</span> <span class='ocrx_word' id='word_1_141' title='bbox 876 2473 978 2537; x_wconf 92' lang='lat' dir='ltr'>altero</span> <span class='ocrx_word' id='word_1_142' title='bbox 1003 2470 1118 2536; x_wconf 91' lang='lat' dir='ltr'>itinere</span> <span class='ocrx_word' id='word_1_143' title='bbox 1142 2468 1305 2535; x_wconf 82' lang='lat' dir='ltr'>Neclrium</span> <span class='ocrx_word' id='word_1_144' title='bbox 1328 2467 1476 2533; x_wconf 87' lang='lat' dir='ltr'>comitati</span> <span class='ocrx_word' id='word_1_145' title='bbox 1497 2488 1554 2532; x_wconf 90' lang='lat' dir='ltr'>ve·</span> 
     </span>
     <span class='ocr_line' id='line_1_18' title="bbox 379 2579 1553 2665; baseline 0 -21"><span class='ocrx_word' id='word_1_146' title='bbox 379 2596 512 2661; x_wconf 82' lang='lat' dir='ltr'>nerant,</span> <span class='ocrx_word' id='word_1_147' title='bbox 536 2579 569 2645; x_wconf 93' lang='lat' dir='ltr'>in</span> <span class='ocrx_word' id='word_1_148' title='bbox 587 2580 674 2665; x_wconf 90' lang='lat' dir='ltr'>regia</span> <span class='ocrx_word' id='word_1_149' title='bbox 696 2581 881 2646; x_wconf 89' lang='lat' dir='ltr'>Achinensi</span> <span class='ocrx_word' id='word_1_150' title='bbox 907 2581 1117 2664; x_wconf 88' lang='lat' dir='ltr'>imminebat,</span> <span class='ocrx_word' id='word_1_151' title='bbox 1141 2581 1205 2647; x_wconf 90' lang='lat' dir='ltr'>nisi</span> <span class='ocrx_word' id='word_1_152' title='bbox 1216 2592 1377 2645; x_wconf 89' lang='lat' dir='ltr'>maturato</span> <span class='ocrx_word' id='word_1_153' title='bbox 1387 2579 1553 2660; x_wconf 87' lang='lat' dir='ltr'>discessu,</span> 
     </span>
     <span class='ocr_line' id='line_1_19' title="bbox 379 2690 1705 2773; baseline -0.001 -16"><span class='ocrx_word' id='word_1_154' title='bbox 379 2691 437 2773; x_wconf 88' lang='lat' dir='ltr'>qui</span> <span class='ocrx_word' id='word_1_155' title='bbox 469 2690 536 2756; x_wconf 89' lang='lat' dir='ltr'>illic</span> <span class='ocrx_word' id='word_1_156' title='bbox 563 2707 770 2772; x_wconf 88' lang='lat' dir='ltr'>manserant,</span> <span class='ocrx_word' id='word_1_157' title='bbox 803 2692 928 2758; x_wconf 81' lang='lat' dir='ltr'>fraudis</span> <span class='ocrx_word' id='word_1_158' title='bbox 948 2692 1157 2757; x_wconf 85' lang='lat' dir='ltr'>Lusitanicae</span> <span class='ocrx_word' id='word_1_159' title='bbox 1186 2706 1339 2757; x_wconf 87' lang='lat' dir='ltr'>eventum</span> <span class='ocrx_word' id='word_1_160' title='bbox 1363 2690 1554 2773; x_wconf 87' lang='lat' dir='ltr'>praevenis·</span> <span class='ocrx_word' id='word_1_161' title='bbox 1704 2708 1705 2727; x_wconf 76' lang='lat'><em>³</em></span> 
     </span>
     <span class='ocr_line' id='line_1_20' title="bbox 380 2802 1552 2889; baseline -0.002 -22"><span class='ocrx_word' id='word_1_162' title='bbox 380 2818 463 2870; x_wconf 87' lang='lat' dir='ltr'>sent.</span> <span class='ocrx_word' id='word_1_163' title='bbox 510 2802 628 2868; x_wconf 88' lang='lat' dir='ltr'>Parum</span> <span class='ocrx_word' id='word_1_164' title='bbox 652 2804 780 2869; x_wconf 88' lang='lat' dir='ltr'>scilicet</span> <span class='ocrx_word' id='word_1_165' title='bbox 810 2802 917 2870; x_wconf 84' lang='lat' dir='ltr'>fuerat</span> <span class='ocrx_word' id='word_1_166' title='bbox 941 2821 1089 2871; x_wconf 86' lang='lat' dir='ltr'>externas</span> <span class='ocrx_word' id='word_1_167' title='bbox 1122 2817 1234 2889; x_wconf 85' lang='lat' dir='ltr'>gentes</span> <span class='ocrx_word' id='word_1_168' title='bbox 1265 2802 1463 2884; x_wconf 87' lang='lat' dir='ltr'>immisisse,</span> <span class='ocrx_word' id='word_1_169' title='bbox 1489 2802 1552 2868; x_wconf 87' lang='lat' dir='ltr'>nisi</span> 
     </span>
     <span class='ocr_line' id='line_1_21' title="bbox 221 2913 1554 3004; baseline -0.004 -21"><span class='ocrx_word' id='word_1_170' title='bbox 221 2939 290 2983; x_wconf 79' lang='lat' dir='ltr'>Anno</span> <span class='ocrx_word' id='word_1_171' title='bbox 306 2944 365 3004; x_wconf 59' lang='grc' dir='ltr'>φοι.</span> <span class='ocrx_word' id='word_1_172' title='bbox 379 2913 412 2979; x_wconf 89' lang='lat' dir='ltr'>in</span> <span class='ocrx_word' id='word_1_173' title='bbox 436 2914 517 2997; x_wconf 90' lang='lat' dir='ltr'>ipsis</span> <span class='ocrx_word' id='word_1_174' title='bbox 540 2914 638 2980; x_wconf 88' lang='lat' dir='ltr'>etiam</span> <span class='ocrx_word' id='word_1_175' title='bbox 659 2914 801 2980; x_wconf 92' lang='lat' dir='ltr'>navibus</span> <span class='ocrx_word' id='word_1_176' title='bbox 824 2934 1001 2997; x_wconf 88' lang='lat' dir='ltr'>percussor</span> <span class='ocrx_word' id='word_1_177' title='bbox 1023 2929 1243 2997; x_wconf 88' lang='lat' dir='ltr'>quaereretur.</span> <span class='ocrx_word' id='word_1_178' title='bbox 1289 2913 1396 2979; x_wconf 89' lang='lat' dir='ltr'>Navis</span> <span class='ocrx_word' id='word_1_179' title='bbox 1416 2934 1433 2979; x_wconf 91' lang='lat' dir='ltr'>e</span> <span class='ocrx_word' id='word_1_180' title='bbox 1451 2916 1554 2981; x_wconf 88' lang='lat' dir='ltr'>classe</span> 
     </span>
     <span class='ocr_line' id='line_1_22' title="bbox 215 2994 1554 3111; baseline 0.001 -21"><span class='ocrx_word' id='word_1_181' title='bbox 215 2994 341 3049; x_wconf 61' lang='lat' dir='ltr'>Jmm&#39;</span> <span class='ocrx_word' id='word_1_182' title='bbox 379 3026 481 3090; x_wconf 87' lang='lat' dir='ltr'>Bottii</span> <span class='ocrx_word' id='word_1_183' title='bbox 513 3026 576 3091; x_wconf 91' lang='lat' dir='ltr'>sub</span> <span class='ocrx_word' id='word_1_184' title='bbox 609 3025 732 3091; x_wconf 89' lang='lat' dir='ltr'>Cardio</span> <span class='ocrx_word' id='word_1_185' title='bbox 763 3040 796 3091; x_wconf 91' lang='lat' dir='ltr'>et</span> <span class='ocrx_word' id='word_1_186' title='bbox 825 3026 999 3111; x_wconf 89' lang='lat' dir='ltr'>Flemingo</span> <span class='ocrx_word' id='word_1_187' title='bbox 1033 3026 1120 3109; x_wconf 88' lang='lat' dir='ltr'>apud</span> <span class='ocrx_word' id='word_1_188' title='bbox 1150 3024 1314 3090; x_wconf 84' lang='lat' dir='ltr'>Achinum</span> <span class='ocrx_word' id='word_1_189' title='bbox 1348 3026 1381 3089; x_wconf 94' lang='lat' dir='ltr'>in</span> <span class='ocrx_word' id='word_1_190' title='bbox 1400 3024 1554 3091; x_wconf 87' lang='lat' dir='ltr'>anchoris</span> 
     </span>
     <span class='ocr_line' id='line_1_23' title="bbox 378 3136 1551 3219; baseline -0.002 -16"><span class='ocrx_word' id='word_1_191' title='bbox 378 3136 496 3203; x_wconf 88' lang='lat' dir='ltr'>stabat.</span> <span class='ocrx_word' id='word_1_192' title='bbox 543 3136 625 3202; x_wconf 90' lang='lat' dir='ltr'>Erat</span> <span class='ocrx_word' id='word_1_193' title='bbox 655 3136 776 3202; x_wconf 89' lang='lat' dir='ltr'>ibidem</span> <span class='ocrx_word' id='word_1_194' title='bbox 809 3137 1044 3203; x_wconf 89' lang='lat' dir='ltr'>Lusitanorum</span> <span class='ocrx_word' id='word_1_195' title='bbox 1067 3137 1159 3201; x_wconf 92' lang='lat' dir='ltr'>navis</span> <span class='ocrx_word' id='word_1_196' title='bbox 1183 3137 1245 3203; x_wconf 88' lang='lat' dir='ltr'>sub</span> <span class='ocrx_word' id='word_1_197' title='bbox 1268 3136 1432 3201; x_wconf 83' lang='lat' dir='ltr'>Roderico</span> <span class='ocrx_word' id='word_1_198' title='bbox 1454 3156 1551 3219; x_wconf 88' lang='lat' dir='ltr'>quem</span> 
     </span>
     <span class='ocr_line' id='line_1_24' title="bbox 379 3246 1552 3332; baseline -0.001 -20"><span class='ocrx_word' id='word_1_199' title='bbox 379 3247 447 3313; x_wconf 86' lang='lat' dir='ltr'>dixi</span> <span class='ocrx_word' id='word_1_200' title='bbox 490 3246 712 3329; x_wconf 84' lang='lat' dir='ltr'>Motamorio,</span> <span class='ocrx_word' id='word_1_201' title='bbox 755 3250 851 3332; x_wconf 90' lang='lat' dir='ltr'>cujus</span> <span class='ocrx_word' id='word_1_202' title='bbox 883 3249 1102 3315; x_wconf 87' lang='lat' dir='ltr'>machinarius</span> <span class='ocrx_word' id='word_1_203' title='bbox 1135 3246 1397 3332; x_wconf 88' lang='lat' dir='ltr'>Hamburgensis</span> <span class='ocrx_word' id='word_1_204' title='bbox 1432 3264 1552 3331; x_wconf 88' lang='lat' dir='ltr'>gente,</span> 
     </span>
     <span class='ocr_line' id='line_1_25' title="bbox 377 3358 1552 3444; baseline 0.001 -22"><span class='ocrx_word' id='word_1_205' title='bbox 377 3358 568 3425; x_wconf 88' lang='lat' dir='ltr'>Matthaeus</span> <span class='ocrx_word' id='word_1_206' title='bbox 586 3358 708 3424; x_wconf 89' lang='lat' dir='ltr'>Novus</span> <span class='ocrx_word' id='word_1_207' title='bbox 725 3359 881 3441; x_wconf 89' lang='lat' dir='ltr'>nomine,</span> <span class='ocrx_word' id='word_1_208' title='bbox 904 3379 977 3424; x_wconf 90' lang='lat' dir='ltr'>cum</span> <span class='ocrx_word' id='word_1_209' title='bbox 1001 3358 1166 3442; x_wconf 87' lang='lat' dir='ltr'>praefecto</span> <span class='ocrx_word' id='word_1_210' title='bbox 1189 3358 1327 3444; x_wconf 87' lang='lat' dir='ltr'>vigilum</span> <span class='ocrx_word' id='word_1_211' title='bbox 1351 3373 1384 3423; x_wconf 88' lang='lat' dir='ltr'>et</span> <span class='ocrx_word' id='word_1_212' title='bbox 1402 3358 1552 3442; x_wconf 88' lang='lat' dir='ltr'>Johanne</span> 
     </span>
     <span class='ocr_line' id='line_1_26' title="bbox 379 3468 1552 3555; baseline 0.002 -22"><span class='ocrx_word' id='word_1_213' title='bbox 379 3468 515 3534; x_wconf 91' lang='lat' dir='ltr'>Henrici</span> <span class='ocrx_word' id='word_1_214' title='bbox 543 3469 767 3552; x_wconf 82' lang='lat' dir='ltr'>machinatio,</span> <span class='ocrx_word' id='word_1_215' title='bbox 791 3490 935 3553; x_wconf 86' lang='lat' dir='ltr'>cumque</span> <span class='ocrx_word' id='word_1_216' title='bbox 961 3471 1178 3555; x_wconf 85' lang='lat' dir='ltr'>gubernatore</span> <span class='ocrx_word' id='word_1_217' title='bbox 1210 3482 1398 3553; x_wconf 81' lang='lat' dir='ltr'>ac-proreta</span> <span class='ocrx_word' id='word_1_218' title='bbox 1419 3470 1552 3552; x_wconf 90' lang='lat' dir='ltr'>saepius</span> 
     </span>
     <span class='ocr_line' id='line_1_27' title="bbox 378 3580 1550 3664; baseline 0.002 -20"><span class='ocrx_word' id='word_1_219' title='bbox 378 3580 467 3664; x_wconf 88' lang='lat' dir='ltr'>egit,</span> <span class='ocrx_word' id='word_1_220' title='bbox 492 3595 530 3646; x_wconf 92' lang='lat' dir='ltr'>ut</span> <span class='ocrx_word' id='word_1_221' title='bbox 553 3580 687 3647; x_wconf 89' lang='lat' dir='ltr'>adscitis</span> <span class='ocrx_word' id='word_1_222' title='bbox 708 3580 743 3646; x_wconf 93' lang='lat' dir='ltr'>in</span> <span class='ocrx_word' id='word_1_223' title='bbox 765 3580 1000 3649; x_wconf 87' lang='lat' dir='ltr'>conscientiam</span> <span class='ocrx_word' id='word_1_224' title='bbox 1022 3581 1180 3648; x_wconf 85' lang='lat' dir='ltr'>facinoris</span> <span class='ocrx_word' id='word_1_225' title='bbox 1204 3600 1291 3663; x_wconf 88' lang='lat' dir='ltr'>quos</span> <span class='ocrx_word' id='word_1_226' title='bbox 1312 3580 1450 3646; x_wconf 87' lang='lat' dir='ltr'>idoneos</span> <span class='ocrx_word' id='word_1_227' title='bbox 1463 3600 1550 3646; x_wconf 92' lang='lat' dir='ltr'>com-</span> 
     </span>
     <span class='ocr_line' id='line_1_28' title="bbox 377 3691 1550 3775; baseline 0.001 -19"><span class='ocrx_word' id='word_1_228' title='bbox 377 3692 561 3775; x_wconf 88' lang='lat' dir='ltr'>perissent,</span> <span class='ocrx_word' id='word_1_229' title='bbox 585 3691 773 3775; x_wconf 80' lang='lat' dir='ltr'>praefectos</span> <span class='ocrx_word' id='word_1_230' title='bbox 794 3694 1029 3759; x_wconf 90' lang='lat' dir='ltr'>obtruncarent</span> <span class='ocrx_word' id='word_1_231' title='bbox 1051 3712 1087 3757; x_wconf 89' lang='lat' dir='ltr'>ac</span> <span class='ocrx_word' id='word_1_232' title='bbox 1109 3712 1224 3759; x_wconf 89' lang='lat' dir='ltr'>navem</span> <span class='ocrx_word' id='word_1_233' title='bbox 1246 3692 1348 3775; x_wconf 91' lang='lat' dir='ltr'>ipsam</span> <span class='ocrx_word' id='word_1_234' title='bbox 1369 3693 1550 3758; x_wconf 87' lang='lat' dir='ltr'>Malaccam</span> 
     </span>
     <span class='ocr_line' id='line_1_29' title="bbox 378 3788 1551 3887; baseline -0.001 -19"><span class='ocrx_word' id='word_1_235' title='bbox 378 3804 598 3869; x_wconf 84' lang='lat' dir='ltr'>deveherent:</span> <span class='ocrx_word' id='word_1_236' title='bbox 621 3788 802 3887; x_wconf 88' lang='lat' dir='ltr'>praemium</span> <span class='ocrx_word' id='word_1_237' title='bbox 822 3803 995 3887; x_wconf 87' lang='lat' dir='ltr'>pollicitus</span> <span class='ocrx_word' id='word_1_238' title='bbox 1017 3822 1084 3869; x_wconf 89' lang='lat' dir='ltr'>non</span> <span class='ocrx_word' id='word_1_239' title='bbox 1107 3804 1217 3869; x_wconf 89' lang='lat' dir='ltr'>minus</span> <span class='ocrx_word' id='word_1_240' title='bbox 1240 3804 1363 3869; x_wconf 89' lang='lat' dir='ltr'>viritim</span> <span class='ocrx_word' id='word_1_241' title='bbox 1387 3803 1440 3867; x_wconf 90' lang='lat' dir='ltr'>bis</span> <span class='ocrx_word' id='word_1_242' title='bbox 1464 3804 1551 3869; x_wconf 90' lang='lat' dir='ltr'>mille</span> 
     </span>
     <span class='ocr_line' id='line_1_30' title="bbox 218 3914 1552 3997; baseline -0.004 -11"><span class='ocrx_word' id='word_1_243' title='bbox 218 3915 515 3986; x_wconf 60' lang='lat' dir='ltr'>Annoraaducatis.</span> <span class='ocrx_word' id='word_1_244' title='bbox 563 3916 628 3980; x_wconf 85' lang='lat' dir='ltr'>Sed</span> <span class='ocrx_word' id='word_1_245' title='bbox 660 3914 792 3980; x_wconf 89' lang='lat' dir='ltr'>obstitit</span> <span class='ocrx_word' id='word_1_246' title='bbox 822 3914 949 3997; x_wconf 86' lang='lat' dir='ltr'>perfido</span> <span class='ocrx_word' id='word_1_247' title='bbox 982 3915 1115 3981; x_wconf 90' lang='lat' dir='ltr'>conatui</span> <span class='ocrx_word' id='word_1_248' title='bbox 1139 3916 1336 3981; x_wconf 88' lang='lat' dir='ltr'>Batavorum</span> <span class='ocrx_word' id='word_1_249' title='bbox 1367 3914 1462 3980; x_wconf 90' lang='lat' dir='ltr'>fides.</span> <span class='ocrx_word' id='word_1_250' title='bbox 1509 3917 1552 3980; x_wconf 82' lang='lat' dir='ltr'>At</span> 
     </span>
     <span class='ocr_line' id='line_1_31' title="bbox 377 4024 1550 4109; baseline 0 -18"><span class='ocrx_word' id='word_1_251' title='bbox 377 4048 449 4093; x_wconf 92' lang='lat' dir='ltr'>cum</span> <span class='ocrx_word' id='word_1_252' title='bbox 482 4047 581 4091; x_wconf 88' lang='lat' dir='ltr'>naves</span> <span class='ocrx_word' id='word_1_253' title='bbox 613 4027 718 4106; x_wconf 85' lang='lat' dir='ltr'>duae,</span> <span class='ocrx_word' id='word_1_254' title='bbox 744 4026 946 4109; x_wconf 86' lang='lat' dir='ltr'>Lugdunum</span> <span class='ocrx_word' id='word_1_255' title='bbox 970 4042 1002 4091; x_wconf 89' lang='lat' dir='ltr'>et</span> <span class='ocrx_word' id='word_1_256' title='bbox 1026 4026 1214 4091; x_wconf 91' lang='lat' dir='ltr'>Harlemum</span> <span class='ocrx_word' id='word_1_257' title='bbox 1239 4024 1394 4107; x_wconf 90' lang='lat' dir='ltr'>nomine,</span> <span class='ocrx_word' id='word_1_258' title='bbox 1420 4048 1436 4091; x_wconf 89' lang='lat' dir='ltr'>e</span> <span class='ocrx_word' id='word_1_259' title='bbox 1458 4048 1550 4109; x_wconf 87' lang='lat' dir='ltr'>prae·</span> 
     </span>
     <span class='ocr_line' id='line_1_32' title="bbox 377 4136 1550 4222; baseline 0 -17"><span class='ocrx_word' id='word_1_260' title='bbox 377 4140 500 4205; x_wconf 82' lang='lat' dir='ltr'>sectura</span> <span class='ocrx_word' id='word_1_261' title='bbox 535 4136 777 4222; x_wconf 79' lang='lat' dir='ltr'>Gronsber&#39;gii,</span> <span class='ocrx_word' id='word_1_262' title='bbox 802 4140 861 4219; x_wconf 90' lang='lat' dir='ltr'>qui</span> <span class='ocrx_word' id='word_1_263' title='bbox 886 4138 1004 4205; x_wconf 92' lang='lat' dir='ltr'>missus</span> <span class='ocrx_word' id='word_1_264' title='bbox 1028 4159 1045 4203; x_wconf 88' lang='lat' dir='ltr'>a</span> <span class='ocrx_word' id='word_1_265' title='bbox 1066 4138 1224 4205; x_wconf 85' lang='lat' dir='ltr'>societate</span> <span class='ocrx_word' id='word_1_266' title='bbox 1253 4137 1452 4205; x_wconf 89' lang='lat' dir='ltr'>Hollandica</span> <span class='ocrx_word' id='word_1_267' title='bbox 1475 4159 1550 4221; x_wconf 89' lang='lat' dir='ltr'>pos·</span> 
     </span>
     <span class='ocr_line' id='line_1_33' title="bbox 377 4247 1705 4333; baseline -0.003 -16"><span class='ocrx_word' id='word_1_268' title='bbox 377 4252 496 4317; x_wconf 89' lang='lat' dir='ltr'>teriore</span> <span class='ocrx_word' id='word_1_269' title='bbox 531 4249 652 4333; x_wconf 88' lang='lat' dir='ltr'>pariter</span> <span class='ocrx_word' id='word_1_270' title='bbox 682 4270 756 4314; x_wconf 93' lang='lat' dir='ltr'>cum</span> <span class='ocrx_word' id='word_1_271' title='bbox 790 4247 921 4315; x_wconf 84' lang='lat' dir='ltr'>Neclrio</span> <span class='ocrx_word' id='word_1_272' title='bbox 948 4250 1163 4332; x_wconf 90' lang='lat' dir='ltr'>discesserat,</span> <span class='ocrx_word' id='word_1_273' title='bbox 1188 4250 1222 4316; x_wconf 92' lang='lat' dir='ltr'>in</span> <span class='ocrx_word' id='word_1_274' title='bbox 1246 4250 1324 4315; x_wconf 89' lang='lat' dir='ltr'>Sina</span> <span class='ocrx_word' id='word_1_275' title='bbox 1347 4249 1548 4315; x_wconf 90' lang='lat' dir='ltr'>Cochinensi</span> <span class='ocrx_word' id='word_1_276' title='bbox 1704 4256 1705 4259; x_wconf 76' lang='grc'>’</span> 
     </span>
     <span class='ocr_line' id='line_1_34' title="bbox 376 4360 1548 4456; baseline -0.002 -27"><span class='ocrx_word' id='word_1_277' title='bbox 376 4363 417 4429; x_wconf 91' lang='lat' dir='ltr'>ad</span> <span class='ocrx_word' id='word_1_278' title='bbox 448 4362 641 4429; x_wconf 88' lang='lat' dir='ltr'>Sinceonem</span> <span class='ocrx_word' id='word_1_279' title='bbox 674 4361 745 4427; x_wconf 89' lang='lat' dir='ltr'>sive</span> <span class='ocrx_word' id='word_1_280' title='bbox 774 4360 816 4456; x_wconf 84' lang='lat' dir='ltr'>ad</span> <span class='ocrx_word' id='word_1_281' title='bbox 849 4380 974 4427; x_wconf 90' lang='lat' dir='ltr'>amnem</span> <span class='ocrx_word' id='word_1_282' title='bbox 1005 4361 1266 4429; x_wconf 90' lang='lat' dir='ltr'>Polocambarem</span> <span class='ocrx_word' id='word_1_283' title='bbox 1299 4360 1548 4442; x_wconf 89' lang='lat' dir='ltr'>substitissent,</span> 
     </span>
    </p>
   </div>
   <div class='ocr_carea' id='block_1_3' title="bbox 376 4470 1547 4558">
    <p class='ocr_par' dir='ltr' id='par_1_3' title="bbox 376 4470 1547 4558">
     <span class='ocr_line' id='line_1_35' title="bbox 376 4470 1547 4558; baseline -0.001 -19"><span class='ocrx_word' id='word_1_284' title='bbox 376 4476 503 4540; x_wconf 91' lang='lat' dir='ltr'>incolae</span> <span class='ocrx_word' id='word_1_285' title='bbox 534 4473 680 4558; x_wconf 89' lang='lat' dir='ltr'>regionis</span> <span class='ocrx_word' id='word_1_286' title='bbox 712 4488 745 4538; x_wconf 91' lang='lat' dir='ltr'>et</span> <span class='ocrx_word' id='word_1_287' title='bbox 772 4494 829 4539; x_wconf 85' lang='lat' dir='ltr'>rex</span> <span class='ocrx_word' id='word_1_288' title='bbox 854 4473 923 4557; x_wconf 90' lang='lat' dir='ltr'>ipse</span> <span class='ocrx_word' id='word_1_289' title='bbox 947 4473 1012 4539; x_wconf 93' lang='lat' dir='ltr'>loci</span> <span class='ocrx_word' id='word_1_290' title='bbox 1036 4470 1190 4539; x_wconf 88' lang='lat' dir='ltr'>monachi</span> <span class='ocrx_word' id='word_1_291' title='bbox 1213 4472 1366 4539; x_wconf 88' lang='lat' dir='ltr'>Lusitani</span> <span class='ocrx_word' id='word_1_292' title='bbox 1389 4472 1547 4539; x_wconf 92' lang='lat' dir='ltr'>instinctu</span> 
     </span>
    </p>
   </div>
   <div class='ocr_carea' id='block_1_4' title="bbox 0 0 1730 5434">
    <p class='ocr_par' dir='ltr' id='par_1_4' title="bbox 0 0 1730 5434">
     <span class='ocr_line' id='line_1_36' title="bbox 0 0 1730 5434; baseline 0 3"><span class='ocrx_word' id='word_1_293' title='bbox 0 0 1730 5434; x_wconf 95' lang='lat' dir='ltr'> </span> 
     </span>
    </p>
   </div>
  </div>
 </body>
</html>
