3450 5434
350 596 412 670 238
648 608 694 659 DE
717 610 811 677 JURE
837 611 1024 657 tubunnis.
1049 612 1132 658 CAP·
1158 611 1224 658 ΧΠ.

349 785 413 829 esse
436 767 607 851 opinione,
639 779 810 831 uteorum
834 768 971 830 recita
992 768 1254 851 praescripserit
1275 770 1526 855 nauigationem

349 876 460 942 Indici
494 876 707 942 occidentalis
741 876 849 960 (forte
884 875 1085 960 orientalis.)
1127 876 1332 964 ejusdemque
1374 881 1529 947 uastissi-

346 990 393 1052 mi
421 991 551 1068 maris,
575 992 628 1053 ita
651 1004 689 1053 ut
719 989 860 1074 reliquis
890 989 1045 1074 gentibus
1075 1009 1224 1072 aequora
1255 990 1320 1054 illa
1353 987 1528 1072 transfre-

348 1112 427 1163 tare
459 1120 523 1164 non
558 1099 659 1165 liceat
690 1114 722 1164 et
743 1121 784 1165 eu
807 1102 999 1165 nostrismet
1020 1099 1324 1202 Hispanispulgus
1352 1100 1526 1167 incudem

348 1212 498 1295 opinione
521 1210 600 1293 fere
630 1230 695 1275 esse
719 1210 906 1291 uideatur,
928 1224 965 1275 ut
984 1224 1048 1295 per
1070 1214 1294 1279 vastissimum
1318 1216 1528 1279 immensum-

346 1340 409 1406 que
433 1335 572 1407 pontum
605 1321 653 1389 ad
682 1322 842 1388 Indorum
875 1324 1046 1409 regiones,
1075 1342 1160 1407 quas
1184 1327 1407 1408 potentissimi
1431 1343 1524 1409 reges

347 1435 455 1497 nostri
488 1433 734 1517 Hispaniarum
767 1434 992 1520 subegerunt,
1027 1433 1167 1520 reliquis
1199 1434 1395 1500 mortalium
1428 1439 1527 1501 naui·

343 1564 454 1629 gare,
482 1557 726 1629 praeterquam
759 1544 922 1629 Hispanis
946 1546 1008 1630 jus
1040 1548 1173 1611 minime
1204 1549 1272 1626 sit,
1295 1550 1394 1631 quasi
1416 1545 1458 1610 ab
1482 1548 1526 1609 iis

346 1654 386 1720 id
397 1657 458 1741 jus
475 1660 726 1742 praescriptum
742 1656 882 1740 fuerit,
906 1670 1017 1721 tamen
1040 1660 1181 1722 istorum
1211 1660 1352 1722 omnium
1377 1678 1441 1721 non
1465 1660 1529 1719 mi-

348 1788 409 1833 nus
431 1770 572 1833 insanae
594 1782 671 1832 sunt
695 1771 884 1854 opiniones,
907 1789 1008 1853 quam
1032 1788 1171 1849 eorum,
1194 1772 1255 1853 qui
1277 1767 1389 1853 quoad
1411 1765 1527 1833 Genu·

346 1899 434 1945 enses
465 1893 496 1944 et
521 1877 658 1944 Venetos
685 1883 722 1946 in
753 1878 859 1945 eodem
885 1879 963 1963 fere
995 1882 1115 1945 somnio
1143 1900 1207 1944 esse
1238 1878 1411 1959 adsolent,
1442 1898 1527 1963 quas

347 1993 527 2055 sententias
561 1993 706 2077 ineptire
735 1990 791 2058 uel
819 2012 861 2055 ex
884 2012 919 2057 ea
941 1990 1123 2058 dilucidius
1147 2004 1309 2076 apparet,
1334 1990 1424 2075 quod
1444 1995 1529 2055 istn-

348 2121 424 2165 rum
448 2105 622 2165 nationum
646 2101 800 2189 singulae
829 2117 951 2166 contra
982 2123 1014 2167 se
1044 2106 1133 2187 ipsas
1162 2115 1326 2187 nequeunt
1352 2108 1527 2187 praescri·

349 2212 425 2276 bere
437 2261 447 2292 ,
471 2214 529 2276 boc
550 2226 597 2278 est
618 2233 682 2276 nou
703 2212 891 2297 respublica
911 2211 947 2278 V
943 2216 1129 2279 enetiarum
1150 2226 1270 2279 contra
1290 2218 1528 2300 semetipsam,

349 2344 413 2387 non
436 2322 622 2408 respublica
645 2322 868 2389 Genuensium
890 2337 1011 2388 contra
1031 2335 1128 2389 semet
1150 2328 1281 2409 ipsam,
1302 2346 1365 2389 non
1387 2346 1528 2412 regnum

349 2435 576 2521 Hispanorum
605 2448 726 2501 contro
759 2438 1007 2520 semetipsum,
1031 2456 1094 2501 non
1117 2455 1256 2521 regnum
1280 2434 1528 2501 Lusitanorum

347 2560 468 2610 contra
501 2559 597 2612 semet
632 2549 738 2631 ipsum
764 2550 788 2613 ¹.
846 2546 929 2611 Esse
962 2549 1047 2611 enirn
1081 2544 1173 2610 debet
1207 2544 1401 2632 differentia
1435 2552 1529 2613 inter

349 2670 500 2743 agentem
523 2669 554 2722 et
572 2661 758 2743 patientem
780 2656 806 2725 ².
842 2656 969 2723 Contra
991 2657 1142 2742 reliquas
1162 2676 1240 2725 uero
1259 2661 1409 2724 nationes
1433 2660 1530 2746 longe

348 2772 456 2834 miuus
484 2769 717 2853 praescribere
744 2782 908 2854 possunt,
943 2772 1025 2854 quia
1044 2770 1105 2854 jus
1133 2772 1442 2853 praescriptionum
1477 2784 1525 2835 est

348 2901 436 2946 mere
453 2879 569 2959 ciuile,
591 2894 630 2945 ut
641 2879 722 2963 fuse
741 2879 939 2947 ostendimus
959 2894 1063 2967 supra
1073 2882 1097 2945 ⁸.
1121 2878 1218 2965 Ergo
1239 2880 1309 2945 tale
1320 2881 1382 2963 jus
1401 2896 1530 2963 cessat,

347 3013 420 3056 cum
451 3012 503 3057 res
532 2995 654 3077 agitur
682 2994 775 3055 inter
796 2990 972 3076 Principes
1001 2990 1057 3058 uel
1074 2991 1212 3076 populos
1236 2995 1439 3078 superiorem
1463 3014 1529 3057 uon

349 3117 609 3188 recognoscentes
638 3106 675 3166 in
698 3100 948 3187 temporalibus.
991 3102 1088 3190 Juru
1113 3106 1198 3167 enim
1222 3123 1310 3168 mere
1327 3103 1447 3171 ciuilia
1470 3124 1529 3169 cu·

339 3214 529 3298 juscunque
549 3216 695 3299 regionis
714 3211 827 3297 quoad
843 3227 975 3279 exteros
988 3213 1144 3299 populos,
1172 3217 1323 3279 nationes
1349 3213 1403 3283 uel
1423 3217 1528 3279 etiam

349 3325 492 3389 homines
515 3323 663 3409 singulos
692 3343 757 3388 non
780 3328 887 3411 magis
910 3338 989 3390 sunt
1010 3324 1353 3404 inconsideratione,
1375 3344 1477 3410 quam
1499 3330 1530 3391 si

350 3452 470 3500 reuera
491 3453 555 3497 non
574 3448 654 3498 esset
675 3434 746 3499 tale
757 3435 820 3519 jus
838 3448 901 3501 aut
921 3456 1077 3520 umquam
1090 3435 1234 3519 fuisset,
1257 3450 1288 3501 et
1310 3434 1428 3521 adjus
1443 3458 1527 3501 com-

350 3565 446 3609 mune
464 3547 616 3631 gentium
643 3549 855 3629 primaevum
880 3536 936 3615 sii
955 3546 1192 3613 secundarium
1214 3546 1456 3613 recurrendum
1479 3562 1526 3612 est

349 3675 448 3740 eoque
483 3656 667 3738 utendum,
700 3677 763 3742 quo
782 3660 868 3744 jure
898 3659 1000 3725 talem
1031 3662 1137 3725 maris
1164 3652 1465 3745 praescriptionem
1495 3672 1525 3725 et

350 3771 601 3853 usurpationem
636 3769 815 3837 admissam
848 3790 913 3834 non
937 3770 1048 3855 fuisse
1069 3774 1153 3837 satis
1185 3784 1329 3837 constat.
1376 3770 1471 3835 Nam
1494 3782 1524 3835 et

350 3879 445 3945 bodie
474 3899 552 3944 usus
576 3901 744 3965 aquarum
764 3885 944 3946 communis
967 3896 1038 3965 est,
1062 3903 1127 3947 non
1149 3903 1238 3948 secus
1259 3903 1359 3967 quam
1380 3895 1458 3947 erat
1483 3880 1524 3946 ab

350 3994 480 4079 origine
512 3989 641 4058 muudi.
687 3991 783 4079 Ergo
816 3996 853 4057 in
885 3994 1085 4078 aequoribus
1118 4008 1150 4059 et
1183 3996 1280 4079 aquis
1313 3993 1443 4059 nullum
1465 3992 1524 4077 jus

354 4169 460 4180 ------
466 4171 548 4180 --—-··—

384 4263 393 4296 ¹
412 4268 429 4314 1.
447 4265 570 4326 sequitur.
587 4267 609 4323 §-
626 4264 647 4312 si
666 4263 743 4312 viam.
760 4264 786 4311 ff.
805 4265 837 4313 de
854 4278 928 4314 usuc.
950 4264 994 4329 [1).
1011 4279 1053 4327 4¹·
1072 4278 1095 4322 ³·
1112 4280 1136 4327 4.
1155 4269 1176 4324 5.
1194 4264 1249 4329 om]
1267 4264 1336 4323 §.sic
1353 4264 1448 4324 itaque.
1466 4266 1525 4314 lnst.

351 4357 382 4403 de
405 4355 559 4403 actionibus.
584 4354 616 4419 [1.
633 4369 658 4416 4.
681 4356 705 4403 6.
725 4359 746 4414 ξ.
767 4354 818 4419 ¹4·]
854 4352 865 4387 ²
883 4356 916 4403 Ut
942 4355 1018 4405 dictis
1036 4354 1133 4413 iuribus
1150 4368 1174 4403 et
1193 4356 1210 4403 l.
1229 4369 1286 4404 cum
1306 4354 1371 4403 filio.
1388 4355 1431 4403 ubi
1448 4359 1526 4403 multu

351 4458 397 4504 pes
410 4448 476 4493 Baro.
493 4458 517 4494 ct
533 4448 583 4507 Jos.
599 4446 624 4493 ff.
641 4448 671 4494 dc
688 4448 737 4505 leg.
757 4459 777 4493 ι.
811 4444 822 4475 ³
839 4458 911 4505 passe
928 4459 948 4493 1.
964 4447 988 4494 in
1006 4446 1116 4507 princip.
1133 4458 1230 4506 quaest.
1247 4460 1270 4503 3.
1287 4458 1312 4495 et
1326 4461 1350 4507 4.
