3450 5434
513 655 560 701 DE
583 654 677 720 JURB
703 654 885 701 PRAEDAE.
911 653 990 701 CAP.
1016 655 1080 701 x11.
1111 714 1116 723 Ι
1323 652 1385 716 335

212 811 332 875 simum
361 825 468 875 autem
494 824 528 875 et
550 809 633 876 illud
653 825 726 892 est,
750 810 841 892 quod
867 811 1017 894 Angelus
1040 808 1175 890 docuit,
1199 808 1325 874 etiamsi
1345 807 1386 872 ad

213 920 397 987 dominium
428 921 641 1005 praescriptio
672 920 831 1005 prolicere
857 942 926 989 non
956 937 1091 1005 posset,
1117 935 1225 988 tamen
1248 920 1385 986 dandam

213 1031 284 1099 fore
305 1032 488 1117 possidenti
517 1034 751 1117 exceptionem.
797 1034 882 1100 Nam
903 1033 1102 1116 Papinianus
1125 1031 1136 1069 ¹
1159 1032 1290 1099 disertis
1312 1052 1386 1097 ver·

214 1144 266 1209 bis
295 1144 519 1227 exceptionem
551 1160 650 1229 negat
672 1161 705 1211 et
726 1145 820 1211 aliter
842 1165 908 1211 non
937 1145 1049 1228 potuit
1071 1144 1214 1224 sentire,
1238 1162 1312 1209 cum
1337 1144 1385 1225 ip-

213 1256 284 1322 sius
315 1260 448 1323 saeculo
481 1255 694 1340 praescriptio
729 1256 812 1323 nilril
842 1272 929 1323 esset
962 1256 1051 1321 aliud
1086 1276 1183 1339 quam
1225 1255 1385 1337 exceptio.

214 1367 340 1433 Verum
368 1367 470 1453 igitur
498 1383 549 1434 est
580 1369 673 1451 quod
701 1384 734 1433 et
755 1372 843 1455 leges
867 1368 1064 1452 Hispanicae
1088 1367 1274 1452 exprimunt
1297 1364 1332 1448 ²,
1352 1366 1385 1429 in

215 1479 268 1546 lais
286 1480 407 1562 rebus,
429 1500 514 1562 quae
536 1480 702 1546 communi
725 1481 895 1548 hominum
916 1481 992 1548 usui
1004 1494 1081 1548 sunt
1093 1480 1289 1560 attributae,
1312 1480 1387 1545 nul·

215 1590 280 1657 lius
311 1592 446 1657 omnino
475 1592 632 1675 temporis
656 1592 945 1676 praescriptionem
969 1592 1164 1677 procedere:
1188 1592 1283 1676 cujus
1306 1590 1387 1655 defi-

214 1702 353 1769 nitionis
383 1703 439 1769 illa
466 1720 593 1787 praeter
615 1719 756 1770 caeteras
779 1703 863 1770 ratio
886 1704 977 1770 reddi
1002 1718 1135 1788 potest,
1160 1704 1252 1786 quod
1274 1703 1333 1786 qui
1353 1724 1386 1768 re

214 1814 382 1881 communi
410 1815 517 1882 utitur
549 1829 588 1883 ut
616 1815 783 1882 communi
811 1816 860 1881 uti
890 1815 1045 1897 videtur,
1077 1836 1144 1882 non
1177 1831 1284 1882 autern
1314 1816 1387 1899 jure

191 2010 194 2014 ¹
215 1923 371 2009 proprio,
393 1927 487 1994 etita
503 1927 722 2011 praescribere
738 1946 805 1994 non
816 1928 921 2013 magis
932 1948 1028 2011 quam
1041 1926 1241 1994 fructuarius
1258 1942 1386 2012 potest,

216 2038 302 2105 vitio
321 2038 549 2121 possessionis.
593 2040 709 2106 Altera
731 2040 812 2105 haec
828 2040 840 2076 ⁸
857 2039 954 2106 etiam
976 2058 1043 2106 non
1062 2041 1299 2106 contemnenda
1317 2054 1386 2121 est,

216 2150 308 2232 quod
336 2150 370 2214 in
398 2150 653 2234 praescriptione
685 2150 840 2235 temporis
867 2152 965 2235 cujus
995 2150 1148 2217 memoria
1171 2170 1237 2217 non
1259 2165 1387 2230 exstet,

215 2262 367 2343 quamvis
388 2262 507 2329 titulus
530 2279 563 2329 et
580 2264 666 2329 bona
685 2262 768 2331 fides
785 2278 1058 2346 praesumantur,
1081 2278 1187 2328 tamen
1211 2262 1239 2329 si
1263 2282 1296 2327 re
1317 2263 1388 2346 ipsa

215 2387 369 2457 appareat
399 2374 532 2439 titulum
566 2373 701 2440 omnino
732 2375 861 2441 nullum
885 2374 954 2440 dari
977 2394 1073 2457 posse
1097 2389 1129 2440 et
1151 2375 1198 2441 sic
1217 2373 1388 2440 manifesta

216 2484 260 2550 sit
294 2484 376 2552 fides
408 2487 514 2568 mala,
549 2506 633 2567 quae
665 2485 699 2550 in
730 2488 856 2569 populo
881 2486 1018 2551 maxime
1043 2489 1134 2569 quasi
1161 2506 1227 2553 uno
1250 2504 1387 2569 corpore

217 2610 374 2681 perpetua
404 2616 474 2663 esse
508 2612 681 2679 censetur,
716 2618 756 2663 ex
779 2598 904 2681 duplici
928 2596 1059 2664 defectu
1080 2597 1295 2681 praescriptio
1316 2616 1388 2662 cor-

217 2709 286 2774 ruit
304 2710 328 2774 ⁴.
373 2708 489 2775 Tertia
511 2709 615 2790 vero,
639 2709 717 2791 quia
733 2730 785 2776 res
804 2710 884 2775 lraec
907 2726 957 2775 est
979 2730 1084 2775 merae
1105 2708 1287 2788 facultatis,
1303 2727 1387 2787 quae

218 2840 284 2884 non
308 2818 563 2902 praescribitur,
587 2836 626 2885 ut
648 2818 734 2886 infra
757 2820 1066 2887 demonstrabimus.
1114 2820 1180 2885 Sed
1202 2821 1314 2885 nullus
1339 2834 1388 2884 est

217 2930 293 2995 finis
312 2931 522 3015 argutiarum.
567 2931 698 2997 Inventi
718 2946 797 2997 sunt
820 2931 934 3014 quiin
957 2934 1020 2998 hoc
1046 2947 1237 3016 argumento
1260 2952 1276 2996 a
1297 2950 1388 3013 prae-

217 3041 395 3125 scriptione
417 3042 689 3108 consuetudinem
710 3042 969 3129 distinguerent,
987 3058 1025 3109 ut
1044 3043 1098 3109 illa
1117 3042 1242 3108 scilicet
1263 3042 1388 3107 exclusi

217 3154 258 3217 ad
279 3156 363 3219 hanc
384 3152 608 3238 confugerent.
654 3154 840 3222 Discrimen
869 3171 977 3221 autem
1001 3156 1093 3238 quod
1121 3154 1173 3220 hic
1203 3168 1389 3219 staurerunt

217 3284 294 3329 sane
321 3264 496 3331 ridiculum
520 3280 589 3332 est:
613 3286 653 3331 ex
676 3266 933 3350 praescriptione
956 3268 1050 3352 ajunt
1074 3266 1129 3352 jus
1151 3266 1273 3348 unius,
1298 3266 1389 3348 quod

217 3377 259 3441 ab
282 3396 322 3441 eo
342 3376 507 3459 aufertur,
531 3377 624 3442 alteri
645 3377 802 3461 applicari
820 3377 851 3443 ⁸:
876 3378 935 3444 sed
956 3399 1030 3444 curn
1054 3378 1191 3461 aliquod
1208 3380 1263 3464 jus
1276 3378 1320 3445 ita
1332 3378 1390 3443 ali-

218 3488 272 3552 cui
301 3488 484 3571 applicatur
515 3503 553 3554 ut
582 3488 674 3554 alteri
696 3508 762 3555 non
786 3488 974 3571 auferatur,
999 3504 1068 3555 tum
1092 3490 1157 3555 dici
1178 3490 1389 3557 consuetudi-

218 3618 312 3664 nem:
342 3600 436 3683 quasi
468 3620 547 3667 vero
578 3620 652 3666 cum
673 3601 730 3685 jus
752 3602 950 3687 navigandi,
983 3602 1075 3685 quod
1105 3602 1322 3669 communiter
1349 3603 1390 3667 ad

218 3730 331 3776 omnes
350 3711 529 3794 pertinuit,
549 3713 691 3794 exclusis
709 3712 781 3778 aliis
803 3715 843 3779 ab
864 3732 932 3779 uno
955 3729 1151 3797 usurpatur,
1168 3734 1235 3778 non
1257 3732 1389 3779 necesse

218 3821 263 3887 sit
283 3822 436 3888 omnibus
456 3824 563 3907 perire
586 3838 746 3906 quantum
770 3824 829 3889 uni
852 3824 979 3890 accedit
991 3822 1012 3890 ⁸.
1046 3824 1161 3890 Errori
1181 3825 1258 3890 huic
1281 3845 1390 3891 ansam

219 3934 380 3999 dederunt
407 3934 502 4001 Pauli
533 3937 655 4016 verba,
687 3955 754 4001 non
784 3952 872 4002 recte
901 3951 1051 4021 accepta,
1076 3936 1135 4019 qui
1157 3957 1233 4003 curn
1255 3936 1389 4020 dejure

222 4127 408 4136 ——-—-.-

255 4229 263 4261 ¹
290 4232 314 4278 d.
339 4233 356 4278 l.
386 4233 430 4279 ult.
465 4228 520 4292 lp.
544 4244 567 4289 3.
586 4232 625 4281 tit.
648 4246 689 4295 29.
706 4236 724 4281 l.
744 4246 769 4292 7.
786 4234 811 4282 in
830 4236 947 4294 eplaca
966 4235 1033 4283 Rod.
1049 4234 1162 4289 suarius.
1182 4236 1206 4283 el.
1228 4246 1297 4282 cons.
1317 4245 1343 4281 n.
1364 4246 1390 4295 4.

217 4318 350 4368 ⁸l’nclrin.
371 4324 388 4370 l.
412 4324 436 4369 8.
454 4336 478 4370 c.
496 4324 536 4371 26.
555 4336 579 4371 er
601 4336 641 4381 ³3·
659 4326 764 4373 Covarr.
786 4327 817 4373 dc
833 4338 943 4385 praescr.
963 4340 988 4385 p.
1010 4328 1069 4383 a.§.
1087 4340 1109 4373 a.
1126 4340 1149 4371 n.
1166 4328 1188 4371 8.
1205 4337 1229 4373 et
1248 4328 1268 4383 ξ.
1287 4328 1310 4371 8.
1326 4338 1350 4371 n.
1367 4338 1389 4379 5.

219 4423 244 4457 et
261 4412 285 4458 6.
308 4411 319 4442 ⁴
336 4413 439 4460 lachin.
455 4417 471 4460 l.
487 4417 511 4461 8.
528 4428 551 4463 c.
568 4418 608 4462 28.
636 4416 646 4445 ⁵
664 4415 774 4463 Arenio
788 4417 856 4465 rubr.
872 4416 897 4463 ff.
912 4418 944 4465 de
962 4432 1009 4465 rer.
1026 4417 1078 4465 div.
1091 4418 1133 4463 all.
1149 4416 1240 4465 Balbus
1254 4418 1278 4465 d.
1294 4418 1310 4463 l.
1327 4428 1351 4463 n.
1367 4430 1390 4463 2.

218 4500 230 4531 ⁶
247 4503 277 4547 V.
296 4504 370 4561 vasq.
387 4516 469 4552 contr.
486 4504 523 4553 ill.
542 4519 565 4553 c.
583 4519 623 4566 29.
638 4519 663 4553 n.
679 4509 719 4560 ³8·
