3450 5434
510 636 557 682 ne
580 636 674 702 June
699 638 885 685 rutenae.
911 637 993 685 cnr.
1018 638 1053 683 x.
1309 632 1369 693 149

198 808 295 871 quam
327 786 431 855 militi·
450 788 600 871 praedam
630 803 688 855 aut
709 789 881 873 pecuniam
905 810 944 856 ex
960 800 1011 857 'ea
1033 790 1203 857 'redactam
1235 784 1370 856 concedi

198 902 326 981 solere,
358 898 393 964 id
411 897 510 965 ferme
529 899 575 965 ita
596 899 737 985 contigit
758 914 798 966 ut
820 900 893 983 his,
920 900 977 983 qui
1003 900 1162 967 tributum
1184 899 1224 965 ad
1245 900 1369 966 bellum

198 1012 428 1091 contulerant,
459 1010 662 1075 tantumdem
692 1010 891 1078 redderetur.
935 1011 1027 1098 Quin
1046 1027 1078 1077 et
1097 1012 1195 1077 ludos
1218 1030 1235 1075 e
1258 1027 1371 1074 manu·

197 1120 262 1185 biis
294 1120 474 1185 instructos
502 1122 567 1204 jam
598 1121 661 1185 sub
694 1121 845 1206 Regibus
877 1136 1013 1189 annotes
1036 1126 1057 1187 ¹.
1102 1121 1223 1202 Neque
1243 1134 1371 1185 tantum

198 1230 294 1297 bellis
322 1231 460 1298 diversis
488 1231 582 1297 aliter
612 1246 711 1314 atque
742 1233 836 1299 aliter
858 1232 1039 1315 placitum,
1062 1233 1120 1298 sed
1143 1230 1252 1298 eadem
1277 1248 1371 1311 saepe

198 1341 316 1426 praeda
349 1343 460 1424 plnres
482 1360 563 1408 usus
585 1341 723 1423 babuit,
748 1343 903 1426 portione
927 1358 985 1409 aut
1006 1343 1078 1426 ipso
1100 1362 1215 1428 genere
1235 1339 1371 1406 distinc-

199 1465 264 1517 tos.
294 1450 473 1531 Portione,
495 1466 534 1517 ut
555 1448 717 1517 Camillus
741 1472 781 1517 ex
800 1468 882 1519 voto
905 1453 1061 1519 decimam
1082 1453 1204 1537 Pythio
1223 1450 1313 1517 dedit
1333 1453 1371 1532 ¹,

177 1561 402 1627 Craecorum
435 1561 631 1629 imitatione.
693 1561 825 1629 Genera
854 1564 992 1647 praedae
1026 1564 1106 1631 haec
1138 1562 1238 1629 ferme
1268 1575 1372 1643 sunt,

201 1672 350 1739 homines
379 1672 522 1756 captivi,
547 1687 690 1738 armenta
721 1688 756 1739 et
786 1693 923 1758 greges,
952 1694 1038 1756 quae
1059 1673 1179 1740 Graeci
1202 1692 1374 1756 cumpto-

199 1783 270 1866 prie
298 1784 484 1865 loquuntur
510 1789 594 1853 λείαν
616 1798 759 1865 vocant,
784 1784 945 1868 pecunia,
969 1804 1020 1851 res
1037 1784 1176 1851 mobiles
1197 1782 1278 1849 aliae
1300 1804 1373 1866 pre·

201 1893 303 1963 tiosae
326 1908 384 1959 aut
402 1894 549 1960 viliores.
572 1894 733 1979 Exempla
753 1914 960 1978 peromnem
982 1894 1150 1961 historiam
1174 1893 1273 1961 obvia
1284 1907 1373 1959 sunt.

202 2004 247 2092 Q.
279 2004 402 2071 Fabius
440 2004 575 2073 Volscis
609 2006 749 2072 devictis
777 2010 860 2076 λείαν
888 2022 921 2071 et
951 2005 1055 2089 spolia
1082 2025 1139 2088 per
1168 2018 1373 2086 quaestorem

199 2115 300 2181 vendi
320 2116 436 2200 jubet,
460 2132 627 2201 argentum
654 2116 724 2199 ipse
745 2114 850 2183 defert
868 2116 889 2182 ⁸.
921 2116 1010 2183 Idem
1031 2116 1165 2183 Volscis
1188 2130 1221 2181 et
1243 2114 1373 2197 Aequis

201 2225 340 2294 devictis
365 2227 513 2310 captivos
538 2242 629 2294 extra
653 2227 862 2293 Tusculanos
888 2226 985 2293 militi
1011 2227 1111 2293 donat
1130 2225 1163 2308 ⁵,
1187 2241 1219 2292 et
1238 2226 1272 2290 in
1296 2244 1374 2311 agro

201 2336 364 2402 Ecetrano
385 2336 534 2403 homines
553 2358 590 2403 ac
607 2358 724 2421 pecora
742 2338 925 2421 diripienda
943 2338 1106 2404 concedit.
1131 2337 1172 2403 L.
1197 2336 1373 2403 Cornelius

200 2446 306 2513 Antio
325 2462 421 2530 capto
442 2467 578 2530 autum,
601 2463 793 2533 argentum,
817 2448 922 2515 resin
943 2448 1100 2515 aerarium
1122 2446 1229 2514 defert
1246 2445 1275 2511 ⁸:
1299 2465 1374 2529 cap·

199 2557 291 2624 tivos
313 2572 345 2623 et
366 2558 515 2642 praedam
545 2579 604 2642 pet
636 2573 842 2641 quaestorem
873 2560 1008 2626 vendit:
1039 2558 1137 2624 militi
1165 2576 1308 2639 eaquae
1334 2557 1375 2623 ad

199 2667 325 2734 victum
348 2682 381 2734 et
401 2683 524 2736 vestem
556 2670 763 2752 pertinebant
790 2670 963 2753 permittit.
1009 2670 1084 2737 Nec
1116 2668 1272 2735 dissimile
1294 2666 1373 2734 huic

201 2778 391 2845 Cincinnati
414 2778 602 2846 institutum
623 2784 658 2863 ⁸,
682 2781 741 2864 qui
764 2781 934 2847 Corbione
958 2782 1152 2862 Aequorum
1175 2778 1298 2861 oppido
1322 2796 1373 2841 ac-

199 2903 296 2972 cepto
323 2890 516 2974 pretiosiora
545 2892 693 2974 praedae·
710 2892 850 2959 Romam
878 2891 989 2972 misit,
1020 2904 1144 2955 caetera
1165 2888 1374 2953 centuriatim

199 2999 327 3066 divisit.
373 3002 533 3067 Camillus
552 3002 564 3041 ⁷
584 3001 668 3069 fusis
687 3002 823 3069 Faliscis
842 3016 876 3068 et
894 3000 1118 3085 Capenatibus
1138 3013 1261 3082 partem
1282 3016 1374 3080 prae-

200 3111 261 3177 dae
280 3110 450 3177 maximam
473 3113 514 3177 ad
540 3128 746 3195 quaestorem
769 3112 915 3197 redegit,
939 3112 1028 3178 haud
1050 3111 1095 3177 ita
1117 3111 1256 3176 multum
1277 3107 1374 3174 militi

201 3220 302 3286 dedit.
331 3220 420 3287 Idem
442 3222 544 3305 captis
566 3223 662 3307 Veiis
683 3238 810 3308 praeter
832 3223 1005 3307 pecuniam
1030 3242 1069 3288 ex
1090 3220 1280 3287 venditione
1299 3240 1375 3303 cap-

201 3331 346 3398 tivorum
375 3330 459 3397 nihil
485 3332 518 3397 in
545 3334 716 3415 publicum
742 3334 885 3419 redegit:
923 3322 1097 3401 Hetruscis
1129 3332 1269 3400 devictis
1300 3352 1376 3415 cap·

201 3440 347 3523 tivisque
376 3441 519 3508 venditis
544 3464 584 3508 ex
606 3463 643 3509 ea
665 3444 804 3527 pecunia
827 3465 941 3512 autum
965 3443 1122 3511 matronis
1145 3442 1237 3525 quod
1258 3457 1375 3509 contu-

202 3553 307 3617 lerant
343 3552 522 3636 persolvit,
560 3570 688 3637 pateras
727 3570 794 3621 tres
832 3576 946 3621 aureas
981 3554 1013 3619 in
1049 3552 1216 3637 Capitolio
1249 3553 1374 3636 posuit.

203 3662 401 3731 Fabricius·
419 3665 580 3748 superatis
612 3666 779 3747 Lucanis,
812 3665 970 3746 Bruttiis,
1006 3663 1207 3731 Samnitibus
1239 3664 1374 3729 militem

203 3775 342 3858 ditavit,
365 3776 489 3841 tributa
506 3776 637 3842 civibus
655 3776 818 3857 reddidit,
842 3775 1079 3860 quadringenta
1097 3776 1216 3839 talenta
1235 3774 1268 3840 in
1288 3793 1376 3839 aera·

203 3885 288 3951 rium
311 3886 432 3953 retulit.
471 3887 517 3973 Q.
542 3886 681 3953 Fulvius
704 3902 737 3953 et
757 3886 889 3971 Appius
913 3886 1179 3952 Claudiuslcum
1204 3884 1376 3953 Hannonis

207 4096 403 4109 n*

238 4238 246 4270 ¹
263 4240 322 4289 le.
340 4243 358 4288 l.
378 4254 400 4289 r.
418 4242 456 4302 [c.
474 4241 527 4305 ab]
563 4240 647 4292 'Lim
666 4246 683 4292 l.
702 4257 725 4301 5.
744 4244 780 4306 [c.
799 4256 839 4301 aa.
857 4256 882 4293 et
901 4258 925 4292 c.
944 4244 997 4305 ns]
1032 4241 1138 4291 8Dion.
1156 4240 1239 4290 Helie.
1257 4244 1274 4289 1.
1293 4244 1317 4290 8.
1337 4240 1376 4305 [p.

205 4342 262 4391 549.
283 4344 323 4379 vr.
351 4331 403 4395 ιι]
437 4332 450 4365 ⁴
473 4335 543 4382 ldem
566 4337 584 4382 1.
610 4348 648 4383 10.
675 4334 713 4398 [p.
738 4335 797 4396 647.
821 4348 860 4383 vs.
879 4334 933 4399 aa]
968 4333 1036 4381 'lbi
1056 4330 1095 4396 [p.
1113 4333 1170 4394 ⁶47·
1190 4345 1228 4381 vr.
1247 4344 1288 4389 ³³·
1306 4333 1375 4395 sqq]

202 4420 301 4471 ‘idem
318 4424 335 4469 l.
354 4435 392 4471 ιο.
409 4422 449 4485 [p.
465 4423 523 4481 652.
538 4438 578 4474 vs.
596 4424 629 4488 r.]
666 4422 750 4474 'Lim
766 4427 784 4473 l.
801 4438 824 4481 ⁵·
842 4426 878 4487 [c.
900 4439 939 4488 ¹9·
956 4436 982 4473 et
1000 4438 1023 4474 c.
1042 4424 1097 4487 aa]
1132 4422 1144 4456 ⁸
1161 4422 1237 4471 Dion.
1253 4422 1335 4473 llalic.
1351 4424 1376 4474 ln

203 4510 291 4572 tagra.
311 4510 349 4577 ir·
368 4524 427 4575 rer·
443 4527 482 4563 vs.
500 4513 553 4579 so]
589 4515 676 4565 ’tta
693 4518 711 4565 ι.
729 4527 770 4571 2⁵.
790 4514 825 4580 [ο.
845 4514 897 4578 14]
