<?xml version="1.0" encoding="UTF-8"?>
<!DOCTYPE html PUBLIC "-//W3C//DTD XHTML 1.0 Transitional//EN"
    "http://www.w3.org/TR/xhtml1/DTD/xhtml1-transitional.dtd">
<html xmlns="http://www.w3.org/1999/xhtml" xml:lang="en" lang="en">
 <head>
  <title>
</title>
<meta http-equiv="Content-Type" content="text/html;charset=utf-8" />
  <meta name='ocr-system' content='tesseract 3.04.00' />
  <meta name='ocr-capabilities' content='ocr_page ocr_carea ocr_par ocr_line ocrx_word'/>
</head>
<body>
  <div class='ocr_page' id='page_1' title='image "./ledroitdeprised02hamagoog_0032.png"; bbox 0 0 3450 5434; ppageno 0'>
   <div class='ocr_carea' id='block_1_1' title="bbox 348 636 1205 703">
    <p class='ocr_par' dir='ltr' id='par_1_1' title="bbox 348 636 1205 703">
     <span class='ocr_line' id='line_1_1' title="bbox 348 636 1205 703; baseline 0.001 -19"><span class='ocrx_word' id='word_1_1' title='bbox 348 640 387 694; x_wconf 88' lang='lat'>10</span> <span class='ocrx_word' id='word_1_2' title='bbox 664 637 711 688; x_wconf 74' lang='lat' dir='ltr'>DE</span> <span class='ocrx_word' id='word_1_3' title='bbox 734 637 828 703; x_wconf 75' lang='lat' dir='ltr'>Juuu</span> <span class='ocrx_word' id='word_1_4' title='bbox 853 636 1036 686; x_wconf 72' lang='lat' dir='ltr'>PMBDAE·</span> <span class='ocrx_word' id='word_1_5' title='bbox 1060 637 1141 686; x_wconf 75' lang='grc' dir='ltr'><strong>ΟΔΡ.</strong></span> <span class='ocrx_word' id='word_1_6' title='bbox 1165 638 1205 685; x_wconf 87' lang='lat'>11.</span> 
     </span>
    </p>
   </div>
   <div class='ocr_carea' id='block_1_2' title="bbox 214 791 1520 4230">
    <p class='ocr_par' dir='ltr' id='par_1_2' title="bbox 214 791 1520 4230">
     <span class='ocr_line' id='line_1_2' title="bbox 349 791 1518 878; baseline -0.005 -14"><span class='ocrx_word' id='word_1_7' title='bbox 349 793 525 878; x_wconf 81' lang='lat' dir='ltr'>astringat,</span> <span class='ocrx_word' id='word_1_8' title='bbox 550 792 633 860; x_wconf 91' lang='lat' dir='ltr'>illud</span> <span class='ocrx_word' id='word_1_9' title='bbox 655 791 783 858; x_wconf 86' lang='lat' dir='ltr'>interim</span> <span class='ocrx_word' id='word_1_10' title='bbox 799 791 964 874; x_wconf 84' lang='lat' dir='ltr'>fatentes,</span> <span class='ocrx_word' id='word_1_11' title='bbox 984 791 1019 858; x_wconf 91' lang='lat' dir='ltr'>in</span> <span class='ocrx_word' id='word_1_12' title='bbox 1029 793 1127 859; x_wconf 89' lang='lat' dir='ltr'>rebus</span> <span class='ocrx_word' id='word_1_13' title='bbox 1138 792 1291 862; x_wconf 87' lang='lat' dir='ltr'>humanis</span> <span class='ocrx_word' id='word_1_14' title='bbox 1301 791 1435 875; x_wconf 85' lang='lat' dir='ltr'>primam</span> <span class='ocrx_word' id='word_1_15' title='bbox 1448 812 1518 858; x_wconf 91' lang='lat' dir='ltr'>esse</span> 
     </span>
     <span class='ocr_line' id='line_1_3' title="bbox 344 902 1519 987; baseline -0.003 -15"><span class='ocrx_word' id='word_1_16' title='bbox 344 905 489 972; x_wconf 87' lang='lat' dir='ltr'>hominis</span> <span class='ocrx_word' id='word_1_17' title='bbox 502 905 656 972; x_wconf 85' lang='lat' dir='ltr'>adversus</span> <span class='ocrx_word' id='word_1_18' title='bbox 668 925 704 970; x_wconf 88' lang='lat' dir='ltr'>se</span> <span class='ocrx_word' id='word_1_19' title='bbox 715 903 822 987; x_wconf 89' lang='lat' dir='ltr'>ipsum</span> <span class='ocrx_word' id='word_1_20' title='bbox 834 903 932 970; x_wconf 86' lang='lat' dir='ltr'>officii</span> <span class='ocrx_word' id='word_1_21' title='bbox 944 902 1113 976; x_wconf 83' lang='lat' dir='ltr'>rationem.</span> <span class='ocrx_word' id='word_1_22' title='bbox 1136 904 1290 972; x_wconf 88' lang='lat' dir='ltr'>Officium</span> <span class='ocrx_word' id='word_1_23' title='bbox 1302 919 1410 970; x_wconf 87' lang='lat' dir='ltr'>autem</span> <span class='ocrx_word' id='word_1_24' title='bbox 1421 923 1519 971; x_wconf 87' lang='lat' dir='ltr'>omne</span> 
     </span>
     <span class='ocr_line' id='line_1_4' title="bbox 345 1016 1517 1102; baseline -0.001 -20"><span class='ocrx_word' id='word_1_25' title='bbox 345 1033 416 1098; x_wconf 87' lang='lat' dir='ltr'>est,</span> <span class='ocrx_word' id='word_1_26' title='bbox 436 1032 475 1084; x_wconf 92' lang='lat' dir='ltr'>ut</span> <span class='ocrx_word' id='word_1_27' title='bbox 494 1016 684 1101; x_wconf 86' lang='lat' dir='ltr'><strong>philosophi</strong></span> <span class='ocrx_word' id='word_1_28' title='bbox 701 1018 978 1100; x_wconf 51' lang='lat' dir='ltr'>loquantum}</span> <span class='ocrx_word' id='word_1_29' title='bbox 1000 1021 1042 1086; x_wconf 76' lang='lat' dir='ltr'>rai</span> <span class='ocrx_word' id='word_1_30' title='bbox 1058 1045 1118 1093; x_wconf 74' lang='grc' dir='ltr'>πως</span> <span class='ocrx_word' id='word_1_31' title='bbox 1129 1022 1237 1102; x_wconf 69' lang='grc' dir='ltr'>ἓχρνται</span> <span class='ocrx_word' id='word_1_32' title='bbox 1257 1021 1324 1101; x_wconf 76' lang='grc' dir='ltr'>πρὸς</span> <span class='ocrx_word' id='word_1_33' title='bbox 1335 1022 1438 1099; x_wconf 63' lang='grc' dir='ltr'><strong><em>ἡμᾶς,</em></strong></span> <span class='ocrx_word' id='word_1_34' title='bbox 1454 1018 1517 1082; x_wconf 91' lang='lat' dir='ltr'>hoc</span> 
     </span>
     <span class='ocr_line' id='line_1_5' title="bbox 344 1127 1518 1214; baseline -0.001 -18"><span class='ocrx_word' id='word_1_35' title='bbox 344 1145 416 1212; x_wconf 87' lang='lat' dir='ltr'>est,</span> <span class='ocrx_word' id='word_1_36' title='bbox 440 1150 525 1214; x_wconf 77' lang='lat' dir='ltr'>quaa</span> <span class='ocrx_word' id='word_1_37' title='bbox 544 1142 634 1194; x_wconf 75' lang='lat' dir='ltr'>certo</span> <span class='ocrx_word' id='word_1_38' title='bbox 665 1127 755 1194; x_wconf 86' lang='lat' dir='ltr'>modo</span> <span class='ocrx_word' id='word_1_39' title='bbox 787 1127 835 1193; x_wconf 85' lang='lat' dir='ltr'>ad</span> <span class='ocrx_word' id='word_1_40' title='bbox 855 1147 911 1192; x_wconf 84' lang='lat' dir='ltr'>nos</span> <span class='ocrx_word' id='word_1_41' title='bbox 936 1127 1146 1211; x_wconf 74' lang='lat' dir='ltr'>referuntur.</span> <span class='ocrx_word' id='word_1_42' title='bbox 1192 1127 1278 1194; x_wconf 85' lang='lat' dir='ltr'>Sunt</span> <span class='ocrx_word' id='word_1_43' title='bbox 1305 1144 1413 1195; x_wconf 87' lang='lat' dir='ltr'>autem</span> <span class='ocrx_word' id='word_1_44' title='bbox 1439 1131 1518 1194; x_wconf 83' lang='lat' dir='ltr'>haec</span> 
     </span>
     <span class='ocr_line' id='line_1_6' title="bbox 344 1238 1520 1325; baseline -0.002 -17"><span class='ocrx_word' id='word_1_45' title='bbox 344 1241 506 1325; x_wconf 84' lang='lat' dir='ltr'>duplicia,</span> <span class='ocrx_word' id='word_1_46' title='bbox 518 1239 581 1306; x_wconf 87' lang='lat' dir='ltr'>alia</span> <span class='ocrx_word' id='word_1_47' title='bbox 593 1239 677 1306; x_wconf 87' lang='lat' dir='ltr'>enim</span> <span class='ocrx_word' id='word_1_48' title='bbox 690 1239 794 1321; x_wconf 89' lang='lat' dir='ltr'>boni,</span> <span class='ocrx_word' id='word_1_49' title='bbox 813 1239 962 1306; x_wconf 87' lang='lat' dir='ltr'>aliamaii</span> <span class='ocrx_word' id='word_1_50' title='bbox 974 1238 1253 1306; x_wconf 88' lang='lat' dir='ltr'>adnosrationem</span> <span class='ocrx_word' id='word_1_51' title='bbox 1264 1240 1404 1307; x_wconf 86' lang='lat' dir='ltr'>habent:</span> <span class='ocrx_word' id='word_1_52' title='bbox 1427 1240 1520 1323; x_wconf 91' lang='lat' dir='ltr'>quod</span> 
     </span>
     <span class='ocr_line' id='line_1_7' title="bbox 344 1350 1519 1434; baseline -0.003 -13"><span class='ocrx_word' id='word_1_53' title='bbox 344 1370 377 1421; x_wconf 90' lang='lat' dir='ltr'>et</span> <span class='ocrx_word' id='word_1_54' title='bbox 391 1351 579 1420; x_wconf 83' lang='lat' dir='ltr'>affectiones</span> <span class='ocrx_word' id='word_1_55' title='bbox 589 1351 734 1417; x_wconf 88' lang='lat' dir='ltr'>indicant</span> <span class='ocrx_word' id='word_1_56' title='bbox 752 1350 860 1433; x_wconf 84' lang='lat' dir='ltr'>duae,</span> <span class='ocrx_word' id='word_1_57' title='bbox 884 1370 966 1434; x_wconf 89' lang='lat' dir='ltr'>quas</span> <span class='ocrx_word' id='word_1_58' title='bbox 988 1370 1055 1420; x_wconf 92' lang='lat' dir='ltr'>nou</span> <span class='ocrx_word' id='word_1_59' title='bbox 1077 1350 1203 1417; x_wconf 87' lang='lat' dir='ltr'>homini</span> <span class='ocrx_word' id='word_1_60' title='bbox 1213 1351 1277 1418; x_wconf 93' lang='lat' dir='ltr'>soli</span> <span class='ocrx_word' id='word_1_61' title='bbox 1296 1353 1354 1418; x_wconf 87' lang='lat' dir='ltr'>sed</span> <span class='ocrx_word' id='word_1_62' title='bbox 1376 1352 1519 1420; x_wconf 86' lang='lat' dir='ltr'>animan·</span> 
     </span>
     <span class='ocr_line' id='line_1_8' title="bbox 343 1461 1517 1548; baseline -0.002 -16"><span class='ocrx_word' id='word_1_63' title='bbox 343 1465 433 1532; x_wconf 91' lang='lat' dir='ltr'>tibus</span> <span class='ocrx_word' id='word_1_64' title='bbox 456 1463 582 1531; x_wconf 84' lang='lat' dir='ltr'>cunctis</span> <span class='ocrx_word' id='word_1_65' title='bbox 603 1478 717 1530; x_wconf 88' lang='lat' dir='ltr'>natura</span> <span class='ocrx_word' id='word_1_66' title='bbox 734 1461 874 1540; x_wconf 86' lang='lat' dir='ltr'>indidit,</span> <span class='ocrx_word' id='word_1_67' title='bbox 896 1461 974 1548; x_wconf 81' lang='lat' dir='ltr'>iuga</span> <span class='ocrx_word' id='word_1_68' title='bbox 997 1478 1030 1528; x_wconf 89' lang='lat' dir='ltr'>et</span> <span class='ocrx_word' id='word_1_69' title='bbox 1051 1462 1227 1546; x_wconf 84' lang='lat' dir='ltr'>appetitus.</span> <span class='ocrx_word' id='word_1_70' title='bbox 1272 1464 1312 1530; x_wconf 89' lang='lat' dir='ltr'>Id</span> <span class='ocrx_word' id='word_1_71' title='bbox 1336 1479 1444 1530; x_wconf 90' lang='lat' dir='ltr'>autem</span> <span class='ocrx_word' id='word_1_72' title='bbox 1468 1463 1517 1531; x_wconf 87' lang='lat' dir='ltr'>os-</span> 
     </span>
     <span class='ocr_line' id='line_1_9' title="bbox 343 1565 1518 1659; baseline 0.001 -17"><span class='ocrx_word' id='word_1_73' title='bbox 343 1577 478 1650; x_wconf 88' lang='lat' dir='ltr'>ficium,</span> <span class='ocrx_word' id='word_1_74' title='bbox 513 1576 552 1642; x_wconf 92' lang='lat' dir='ltr'>de</span> <span class='ocrx_word' id='word_1_75' title='bbox 584 1595 651 1657; x_wconf 94' lang='lat' dir='ltr'>quo</span> <span class='ocrx_word' id='word_1_76' title='bbox 675 1565 730 1640; x_wconf 73' lang='lat' dir='ltr'>hic&#39;</span> <span class='ocrx_word' id='word_1_77' title='bbox 749 1575 845 1642; x_wconf 91' lang='lat' dir='ltr'>nobis</span> <span class='ocrx_word' id='word_1_78' title='bbox 864 1575 1026 1659; x_wconf 81' lang='lat' dir='ltr'>agendum</span> <span class='ocrx_word' id='word_1_79' title='bbox 1049 1592 1122 1659; x_wconf 88' lang='lat' dir='ltr'>est,</span> <span class='ocrx_word' id='word_1_80' title='bbox 1146 1595 1214 1643; x_wconf 92' lang='lat' dir='ltr'>non</span> <span class='ocrx_word' id='word_1_81' title='bbox 1234 1575 1275 1642; x_wconf 86' lang='lat' dir='ltr'>ad</span> <span class='ocrx_word' id='word_1_82' title='bbox 1294 1592 1412 1643; x_wconf 86' lang='lat' dir='ltr'>cuncta</span> <span class='ocrx_word' id='word_1_83' title='bbox 1432 1577 1518 1643; x_wconf 88' lang='lat' dir='ltr'>bona</span> 
     </span>
     <span class='ocr_line' id='line_1_10' title="bbox 344 1686 1518 1772; baseline 0 -16"><span class='ocrx_word' id='word_1_84' title='bbox 344 1691 491 1772; x_wconf 86' lang='lat' dir='ltr'>malaque</span> <span class='ocrx_word' id='word_1_85' title='bbox 511 1686 672 1771; x_wconf 82' lang='lat' dir='ltr'>pertinet,</span> <span class='ocrx_word' id='word_1_86' title='bbox 695 1687 753 1754; x_wconf 91' lang='lat' dir='ltr'>sed</span> <span class='ocrx_word' id='word_1_87' title='bbox 766 1687 807 1754; x_wconf 89' lang='lat' dir='ltr'>ad</span> <span class='ocrx_word' id='word_1_88' title='bbox 817 1707 853 1753; x_wconf 91' lang='lat' dir='ltr'>ea</span> <span class='ocrx_word' id='word_1_89' title='bbox 864 1687 1047 1769; x_wconf 85' lang='lat' dir='ltr'>duntaxat,</span> <span class='ocrx_word' id='word_1_90' title='bbox 1072 1687 1518 1771; x_wconf 79' lang='lat' dir='ltr'>quaehomineshominibus</span> 
     </span>
     <span class='ocr_line' id='line_1_11' title="bbox 344 1798 1517 1883; baseline 0.002 -19"><span class='ocrx_word' id='word_1_91' title='bbox 344 1814 401 1865; x_wconf 92' lang='lat' dir='ltr'>aut</span> <span class='ocrx_word' id='word_1_92' title='bbox 424 1798 572 1866; x_wconf 88' lang='lat' dir='ltr'>conferre</span> <span class='ocrx_word' id='word_1_93' title='bbox 590 1813 649 1864; x_wconf 83' lang='lat' dir='ltr'>aut</span> <span class='ocrx_word' id='word_1_94' title='bbox 668 1798 808 1864; x_wconf 84' lang='lat' dir='ltr'>adimere</span> <span class='ocrx_word' id='word_1_95' title='bbox 828 1813 985 1880; x_wconf 85' lang='lat' dir='ltr'>possunt,</span> <span class='ocrx_word' id='word_1_96' title='bbox 1009 1814 1073 1864; x_wconf 84' lang='lat' dir='ltr'>taur</span> <span class='ocrx_word' id='word_1_97' title='bbox 1094 1801 1240 1866; x_wconf 87' lang='lat' dir='ltr'>actiones</span> <span class='ocrx_word' id='word_1_98' title='bbox 1261 1814 1410 1866; x_wconf 84' lang='lat' dir='ltr'>externas</span> <span class='ocrx_word' id='word_1_99' title='bbox 1421 1819 1517 1883; x_wconf 86' lang='lat' dir='ltr'>quam</span> 
     </span>
     <span class='ocr_line' id='line_1_12' title="bbox 343 1909 1518 1994; baseline 0.001 -18"><span class='ocrx_word' id='word_1_100' title='bbox 343 1930 394 1976; x_wconf 88' lang='lat' dir='ltr'>res</span> <span class='ocrx_word' id='word_1_101' title='bbox 417 1910 513 1994; x_wconf 90' lang='lat' dir='ltr'>ipsas.</span> <span class='ocrx_word' id='word_1_102' title='bbox 560 1909 646 1974; x_wconf 83' lang='lat' dir='ltr'>Natu</span> <span class='ocrx_word' id='word_1_103' title='bbox 670 1924 794 1991; x_wconf 86' lang='lat' dir='ltr'>praeter</span> <span class='ocrx_word' id='word_1_104' title='bbox 817 1910 895 1974; x_wconf 86' lang='lat' dir='ltr'>haec</span> <span class='ocrx_word' id='word_1_105' title='bbox 916 1909 1000 1976; x_wconf 90' lang='lat' dir='ltr'>nihii</span> <span class='ocrx_word' id='word_1_106' title='bbox 1022 1910 1134 1976; x_wconf 88' lang='lat' dir='ltr'>venire</span> <span class='ocrx_word' id='word_1_107' title='bbox 1156 1926 1267 1993; x_wconf 82' lang='lat' dir='ltr'>potest</span> <span class='ocrx_word' id='word_1_108' title='bbox 1284 1911 1319 1977; x_wconf 92' lang='lat' dir='ltr'>in</span> <span class='ocrx_word' id='word_1_109' title='bbox 1339 1931 1408 1978; x_wconf 87' lang='lat' dir='ltr'>earn</span> <span class='ocrx_word' id='word_1_110' title='bbox 1430 1932 1518 1978; x_wconf 88' lang='lat' dir='ltr'>com·</span> 
     </span>
     <span class='ocr_line' id='line_1_13' title="bbox 344 2019 1518 2108; baseline 0.003 -20"><span class='ocrx_word' id='word_1_111' title='bbox 344 2019 567 2105; x_wconf 87' lang='lat' dir='ltr'>parationem,</span> <span class='ocrx_word' id='word_1_112' title='bbox 592 2041 658 2103; x_wconf 87' lang='lat' dir='ltr'>qua</span> <span class='ocrx_word' id='word_1_113' title='bbox 678 2019 762 2086; x_wconf 91' lang='lat' dir='ltr'>illud</span> <span class='ocrx_word' id='word_1_114' title='bbox 783 2019 973 2104; x_wconf 88' lang='lat' dir='ltr'>quaeritur,</span> <span class='ocrx_word' id='word_1_115' title='bbox 998 2036 1157 2103; x_wconf 87' lang='lat' dir='ltr'>quantum</span> <span class='ocrx_word' id='word_1_116' title='bbox 1179 2025 1280 2090; x_wconf 87' lang='lat' dir='ltr'>horno</span> <span class='ocrx_word' id='word_1_117' title='bbox 1303 2023 1391 2106; x_wconf 84' lang='lat' dir='ltr'>sibi,</span> <span class='ocrx_word' id='word_1_118' title='bbox 1416 2044 1518 2108; x_wconf 91' lang='lat' dir='ltr'>quan·</span> 
     </span>
     <span class='ocr_line' id='line_1_14' title="bbox 343 2131 1519 2217; baseline 0.003 -18"><span class='ocrx_word' id='word_1_119' title='bbox 343 2149 481 2215; x_wconf 87' lang='lat' dir='ltr'>tumque</span> <span class='ocrx_word' id='word_1_120' title='bbox 510 2131 603 2200; x_wconf 90' lang='lat' dir='ltr'>alteri</span> <span class='ocrx_word' id='word_1_121' title='bbox 636 2133 763 2199; x_wconf 88' lang='lat' dir='ltr'>debeat.</span> <span class='ocrx_word' id='word_1_122' title='bbox 811 2132 901 2196; x_wconf 86' lang='lat' dir='ltr'>Haec</span> <span class='ocrx_word' id='word_1_123' title='bbox 925 2146 1034 2199; x_wconf 83' lang='lat' dir='ltr'>autern</span> <span class='ocrx_word' id='word_1_124' title='bbox 1057 2134 1143 2199; x_wconf 87' lang='lat' dir='ltr'>bona</span> <span class='ocrx_word' id='word_1_125' title='bbox 1165 2137 1313 2217; x_wconf 89' lang='lat' dir='ltr'>malaque</span> <span class='ocrx_word' id='word_1_126' title='bbox 1336 2135 1370 2201; x_wconf 91' lang='lat' dir='ltr'>in</span> <span class='ocrx_word' id='word_1_127' title='bbox 1393 2157 1519 2203; x_wconf 85' lang='lat' dir='ltr'>summa</span> 
     </span>
     <span class='ocr_line' id='line_1_15' title="bbox 345 2243 1519 2329; baseline 0.003 -18"><span class='ocrx_word' id='word_1_128' title='bbox 345 2245 485 2312; x_wconf 88' lang='lat' dir='ltr'>duorum</span> <span class='ocrx_word' id='word_1_129' title='bbox 518 2259 597 2311; x_wconf 91' lang='lat' dir='ltr'>sunt</span> <span class='ocrx_word' id='word_1_130' title='bbox 632 2263 797 2329; x_wconf 85' lang='lat' dir='ltr'>generum.</span> <span class='ocrx_word' id='word_1_131' title='bbox 842 2243 965 2310; x_wconf 87' lang='lat' dir='ltr'>Prioris</span> <span class='ocrx_word' id='word_1_132' title='bbox 987 2244 1213 2329; x_wconf 85' lang='lat' dir='ltr'>digniorisque</span> <span class='ocrx_word' id='word_1_133' title='bbox 1236 2247 1360 2314; x_wconf 87' lang='lat' dir='ltr'>ordinis</span> <span class='ocrx_word' id='word_1_134' title='bbox 1382 2263 1461 2315; x_wconf 89' lang='lat' dir='ltr'>sunt</span> <span class='ocrx_word' id='word_1_135' title='bbox 1483 2269 1519 2314; x_wconf 86' lang='lat' dir='ltr'>ea</span> 
     </span>
     <span class='ocr_line' id='line_1_16' title="bbox 346 2355 1520 2441; baseline 0.003 -19"><span class='ocrx_word' id='word_1_136' title='bbox 346 2376 430 2440; x_wconf 83' lang='lat' dir='ltr'>quae</span> <span class='ocrx_word' id='word_1_137' title='bbox 460 2375 578 2439; x_wconf 87' lang='lat' dir='ltr'>corpus</span> <span class='ocrx_word' id='word_1_138' title='bbox 610 2355 717 2438; x_wconf 89' lang='lat' dir='ltr'>ipsum</span> <span class='ocrx_word' id='word_1_139' title='bbox 749 2355 937 2441; x_wconf 84' lang='lat' dir='ltr'>attingunt,</span> <span class='ocrx_word' id='word_1_140' title='bbox 966 2372 1003 2423; x_wconf 96' lang='lat' dir='ltr'>ut</span> <span class='ocrx_word' id='word_1_141' title='bbox 1025 2357 1059 2423; x_wconf 88' lang='lat' dir='ltr'>iu</span> <span class='ocrx_word' id='word_1_142' title='bbox 1078 2360 1238 2441; x_wconf 84' lang='lat' dir='ltr'>malorum</span> <span class='ocrx_word' id='word_1_143' title='bbox 1258 2379 1359 2426; x_wconf 85' lang='lat' dir='ltr'>censu</span> <span class='ocrx_word' id='word_1_144' title='bbox 1379 2379 1467 2425; x_wconf 90' lang='lat' dir='ltr'>mors</span> <span class='ocrx_word' id='word_1_145' title='bbox 1487 2375 1520 2426; x_wconf 91' lang='lat' dir='ltr'>et</span> 
     </span>
     <span class='ocr_line' id='line_1_17' title="bbox 346 2467 1520 2549; baseline 0.002 -14"><span class='ocrx_word' id='word_1_146' title='bbox 346 2468 424 2536; x_wconf 89' lang='lat' dir='ltr'>huic</span> <span class='ocrx_word' id='word_1_147' title='bbox 444 2467 545 2534; x_wconf 89' lang='lat' dir='ltr'>affinis</span> <span class='ocrx_word' id='word_1_148' title='bbox 574 2467 790 2533; x_wconf 87' lang='lat' dir='ltr'>membrorum</span> <span class='ocrx_word' id='word_1_149' title='bbox 823 2467 986 2535; x_wconf 88' lang='lat' dir='ltr'>mutilatio</span> <span class='ocrx_word' id='word_1_150' title='bbox 1017 2485 1050 2536; x_wconf 88' lang='lat' dir='ltr'>et</span> <span class='ocrx_word' id='word_1_151' title='bbox 1067 2471 1192 2549; x_wconf 88' lang='lat' dir='ltr'>morbi;</span> <span class='ocrx_word' id='word_1_152' title='bbox 1215 2470 1250 2536; x_wconf 91' lang='lat' dir='ltr'>in</span> <span class='ocrx_word' id='word_1_153' title='bbox 1270 2472 1431 2538; x_wconf 88' lang='lat' dir='ltr'>bonorum</span> <span class='ocrx_word' id='word_1_154' title='bbox 1451 2471 1520 2538; x_wconf 87' lang='lat' dir='ltr'>vita</span> 
     </span>
     <span class='ocr_line' id='line_1_18' title="bbox 345 2579 1519 2664; baseline 0.003 -20"><span class='ocrx_word' id='word_1_155' title='bbox 345 2599 419 2646; x_wconf 82' lang='lat' dir='ltr'>curn</span> <span class='ocrx_word' id='word_1_156' title='bbox 443 2579 627 2664; x_wconf 86' lang='lat' dir='ltr'>integritate</span> <span class='ocrx_word' id='word_1_157' title='bbox 650 2579 796 2662; x_wconf 88' lang='lat' dir='ltr'>corporis</span> <span class='ocrx_word' id='word_1_158' title='bbox 819 2595 851 2646; x_wconf 91' lang='lat' dir='ltr'>et</span> <span class='ocrx_word' id='word_1_159' title='bbox 862 2581 950 2646; x_wconf 85' lang='lat' dir='ltr'>bona</span> <span class='ocrx_word' id='word_1_160' title='bbox 971 2582 1171 2650; x_wconf 87' lang='lat' dir='ltr'>valetudine.</span> <span class='ocrx_word' id='word_1_161' title='bbox 1217 2583 1388 2650; x_wconf 78' lang='lat' dir='ltr'>Secundae</span> <span class='ocrx_word' id='word_1_162' title='bbox 1407 2584 1519 2651; x_wconf 87' lang='lat' dir='ltr'>classis</span> 
     </span>
     <span class='ocr_line' id='line_1_19' title="bbox 345 2691 1519 2778; baseline 0.006 -22"><span class='ocrx_word' id='word_1_163' title='bbox 345 2711 429 2774; x_wconf 85' lang='lat' dir='ltr'>quae</span> <span class='ocrx_word' id='word_1_164' title='bbox 450 2706 546 2772; x_wconf 88' lang='lat' dir='ltr'>sunt,</span> <span class='ocrx_word' id='word_1_165' title='bbox 571 2711 607 2758; x_wconf 91' lang='lat' dir='ltr'>ea</span> <span class='ocrx_word' id='word_1_166' title='bbox 629 2691 670 2756; x_wconf 89' lang='lat' dir='ltr'>ad</span> <span class='ocrx_word' id='word_1_167' title='bbox 691 2711 742 2756; x_wconf 87' lang='lat' dir='ltr'>res</span> <span class='ocrx_word' id='word_1_168' title='bbox 762 2691 926 2775; x_wconf 89' lang='lat' dir='ltr'>pertinent</span> <span class='ocrx_word' id='word_1_169' title='bbox 946 2709 1036 2763; x_wconf 74' lang='lat' dir='ltr'>mitra</span> <span class='ocrx_word' id='word_1_170' title='bbox 1055 2714 1115 2760; x_wconf 93' lang='lat' dir='ltr'>nos</span> <span class='ocrx_word' id='word_1_171' title='bbox 1135 2694 1272 2778; x_wconf 86' lang='lat' dir='ltr'>positas,</span> <span class='ocrx_word' id='word_1_172' title='bbox 1295 2696 1392 2763; x_wconf 94' lang='lat' dir='ltr'>nobis</span> <span class='ocrx_word' id='word_1_173' title='bbox 1411 2711 1519 2763; x_wconf 88' lang='lat' dir='ltr'>tamen</span> 
     </span>
     <span class='ocr_line' id='line_1_20' title="bbox 346 2803 1519 2890; baseline 0.004 -21"><span class='ocrx_word' id='word_1_174' title='bbox 346 2803 444 2870; x_wconf 88' lang='lat' dir='ltr'>utiles</span> <span class='ocrx_word' id='word_1_175' title='bbox 468 2817 526 2869; x_wconf 86' lang='lat' dir='ltr'>aut</span> <span class='ocrx_word' id='word_1_176' title='bbox 546 2803 697 2885; x_wconf 86' lang='lat' dir='ltr'>inutiles,</span> <span class='ocrx_word' id='word_1_177' title='bbox 721 2803 831 2871; x_wconf 87' lang='lat' dir='ltr'>tristes</span> <span class='ocrx_word' id='word_1_178' title='bbox 853 2820 910 2873; x_wconf 87' lang='lat' dir='ltr'>aut</span> <span class='ocrx_word' id='word_1_179' title='bbox 930 2806 1109 2890; x_wconf 87' lang='lat' dir='ltr'>jucundas:</span> <span class='ocrx_word' id='word_1_180' title='bbox 1131 2808 1244 2888; x_wconf 90' lang='lat' dir='ltr'>quales</span> <span class='ocrx_word' id='word_1_181' title='bbox 1264 2823 1343 2874; x_wconf 92' lang='lat' dir='ltr'>sunt</span> <span class='ocrx_word' id='word_1_182' title='bbox 1363 2807 1439 2874; x_wconf 87' lang='lat' dir='ltr'>hinc</span> <span class='ocrx_word' id='word_1_183' title='bbox 1459 2809 1519 2874; x_wconf 92' lang='lat' dir='ltr'>ho-</span> 
     </span>
     <span class='ocr_line' id='line_1_21' title="bbox 344 2913 1517 3003; baseline 0.003 -23"><span class='ocrx_word' id='word_1_184' title='bbox 344 2933 427 2997; x_wconf 89' lang='lat' dir='ltr'>nor,</span> <span class='ocrx_word' id='word_1_185' title='bbox 465 2913 623 2997; x_wconf 87' lang='lat' dir='ltr'>divitiee‚</span> <span class='ocrx_word' id='word_1_186' title='bbox 662 2918 837 2999; x_wconf 87' lang='lat' dir='ltr'>voluptas;</span> <span class='ocrx_word' id='word_1_187' title='bbox 884 2917 960 2983; x_wconf 90' lang='lat' dir='ltr'>iude</span> <span class='ocrx_word' id='word_1_188' title='bbox 992 2917 1146 3001; x_wconf 87' lang='lat' dir='ltr'>infamia,</span> <span class='ocrx_word' id='word_1_189' title='bbox 1181 2933 1377 3003; x_wconf 83' lang='lat' dir='ltr'>paupertas,</span> <span class='ocrx_word' id='word_1_190' title='bbox 1411 2921 1517 2986; x_wconf 88' lang='lat' dir='ltr'>dolor.</span> 
     </span>
     <span class='ocr_line' id='line_1_22' title="bbox 344 3026 1519 3116; baseline 0.007 -24"><span class='ocrx_word' id='word_1_191' title='bbox 344 3026 455 3113; x_wconf 86' lang='lat' dir='ltr'>Quare</span> <span class='ocrx_word' id='word_1_192' title='bbox 475 3027 568 3092; x_wconf 89' lang='lat' dir='ltr'>Plato</span> <span class='ocrx_word' id='word_1_193' title='bbox 590 3026 601 3064; x_wconf 94' lang='lat'>¹</span> <span class='ocrx_word' id='word_1_194' title='bbox 624 3047 698 3093; x_wconf 89' lang='lat' dir='ltr'>cum</span> <span class='ocrx_word' id='word_1_195' title='bbox 718 3027 798 3093; x_wconf 86' lang='lat' dir='ltr'>dicit</span> <span class='ocrx_word' id='word_1_196' title='bbox 809 3028 930 3093; x_wconf 88' lang='lat' dir='ltr'>versari</span> <span class='ocrx_word' id='word_1_197' title='bbox 945 3029 1105 3113; x_wconf 79' lang='lat' dir='ltr'>justitiam</span> <span class='ocrx_word' id='word_1_198' title='bbox 1128 3034 1192 3115; x_wconf 72' lang='grc' dir='ltr'>περὶ</span> <span class='ocrx_word' id='word_1_199' title='bbox 1213 3035 1348 3113; x_wconf 60' lang='grc' dir='ltr'>σώματος</span> <span class='ocrx_word' id='word_1_200' title='bbox 1368 3037 1519 3116; x_wconf 67' lang='grc' dir='ltr'><strong><em>θεραπείαν</em></strong></span> 
     </span>
     <span class='ocr_line' id='line_1_23' title="bbox 344 3139 1518 3227; baseline 0 -21"><span class='ocrx_word' id='word_1_201' title='bbox 344 3140 435 3221; x_wconf 74' lang='grc' dir='ltr'><strong><em>ἣπερὶ</em></strong></span> <span class='ocrx_word' id='word_1_202' title='bbox 454 3139 614 3221; x_wconf 67' lang='grc' dir='ltr'>χρημάτων</span> <span class='ocrx_word' id='word_1_203' title='bbox 624 3149 743 3216; x_wconf 75' lang='grc' dir='ltr'><em>κτῆσιν,</em></span> <span class='ocrx_word' id='word_1_204' title='bbox 766 3142 860 3204; x_wconf 83' lang='lat' dir='ltr'>circo</span> <span class='ocrx_word' id='word_1_205' title='bbox 881 3145 1159 3227; x_wconf 80' lang='lat' dir='ltr'>corporiscuram</span> <span class='ocrx_word' id='word_1_206' title='bbox 1181 3141 1338 3207; x_wconf 87' lang='lat' dir='ltr'>videlicet</span> <span class='ocrx_word' id='word_1_207' title='bbox 1359 3157 1390 3207; x_wconf 77' lang='lat' dir='ltr'>ct</span> <span class='ocrx_word' id='word_1_208' title='bbox 1402 3164 1518 3208; x_wconf 78' lang='lat' dir='ltr'>reram</span> 
     </span>
     <span class='ocr_line' id='line_1_24' title="bbox 339 3251 1518 3336; baseline 0.006 -25"><span class='ocrx_word' id='word_1_209' title='bbox 339 3251 589 3334; x_wconf 78' lang='lat' dir='ltr'>possessionem,</span> <span class='ocrx_word' id='word_1_210' title='bbox 623 3269 730 3314; x_wconf 87' lang='lat' dir='ltr'>rerum</span> <span class='ocrx_word' id='word_1_211' title='bbox 765 3251 896 3316; x_wconf 89' lang='lat' dir='ltr'>nomine</span> <span class='ocrx_word' id='word_1_212' title='bbox 927 3251 1023 3317; x_wconf 89' lang='lat' dir='ltr'>etiam</span> <span class='ocrx_word' id='word_1_213' title='bbox 1054 3251 1140 3318; x_wconf 84' lang='lat' dir='ltr'>facta</span> <span class='ocrx_word' id='word_1_214' title='bbox 1163 3251 1419 3336; x_wconf 79' lang='lat' dir='ltr'>comprehendit.</span> <span class='ocrx_word' id='word_1_215' title='bbox 1464 3253 1518 3318; x_wconf 80' lang='lat' dir='ltr'>Ex</span> 
     </span>
     <span class='ocr_line' id='line_1_25' title="bbox 344 3357 1516 3448; baseline 0.004 -23"><span class='ocrx_word' id='word_1_216' title='bbox 344 3361 405 3425; x_wconf 81' lang='lat' dir='ltr'>hac</span> <span class='ocrx_word' id='word_1_217' title='bbox 436 3357 538 3442; x_wconf 78' lang='lat' dir='ltr'>igitur</span> <span class='ocrx_word' id='word_1_218' title='bbox 568 3360 800 3444; x_wconf 81' lang='lat' dir='ltr'>conjugatione</span> <span class='ocrx_word' id='word_1_219' title='bbox 830 3378 1000 3448; x_wconf 85' lang='lat' dir='ltr'>emergunt</span> <span class='ocrx_word' id='word_1_220' title='bbox 1029 3365 1116 3448; x_wconf 86' lang='lat' dir='ltr'>leges</span> <span class='ocrx_word' id='word_1_221' title='bbox 1134 3363 1218 3448; x_wconf 84' lang='lat' dir='ltr'>juris</span> <span class='ocrx_word' id='word_1_222' title='bbox 1242 3363 1399 3430; x_wconf 88' lang='lat' dir='ltr'>naturalis</span> <span class='ocrx_word' id='word_1_223' title='bbox 1420 3364 1516 3430; x_wconf 91' lang='lat' dir='ltr'>duae.</span> 
     </span>
     <span class='ocr_line' id='line_1_26' title="bbox 215 3467 1517 3542; baseline 0.006 -11"><span class='ocrx_word' id='word_1_224' title='bbox 215 3484 265 3531; x_wconf 70' lang='lat' dir='ltr'>Les·</span> <span class='ocrx_word' id='word_1_225' title='bbox 279 3484 300 3530; x_wconf 86' lang='lat'>1.</span> <span class='ocrx_word' id='word_1_226' title='bbox 344 3469 456 3535; x_wconf 91' lang='lat' dir='ltr'>Prior:</span> <span class='ocrx_word' id='word_1_227' title='bbox 487 3467 603 3536; x_wconf 79' lang='lat' dir='ltr'>Vitam</span> <span class='ocrx_word' id='word_1_228' title='bbox 631 3475 722 3538; x_wconf 79' lang='lat' dir='ltr'>turri</span> <span class='ocrx_word' id='word_1_229' title='bbox 748 3485 780 3536; x_wconf 80' lang='lat' dir='ltr'>et</span> <span class='ocrx_word' id='word_1_230' title='bbox 811 3472 983 3539; x_wconf 75' lang='lat' dir='ltr'>declinare</span> <span class='ocrx_word' id='word_1_231' title='bbox 1016 3479 1174 3540; x_wconf 82' lang='lat' dir='ltr'>nocitura</span> <span class='ocrx_word' id='word_1_232' title='bbox 1203 3475 1303 3540; x_wconf 76' lang='lat' dir='ltr'>liceat</span> <span class='ocrx_word' id='word_1_233' title='bbox 1319 3476 1342 3540; x_wconf 89' lang='lat'>¹.</span> <span class='ocrx_word' id='word_1_234' title='bbox 1382 3476 1517 3542; x_wconf 75' lang='lat' dir='ltr'>Alteraz</span> 
     </span>
     <span class='ocr_line' id='line_1_27' title="bbox 214 3579 1519 3672; baseline 0.007 -28"><span class='ocrx_word' id='word_1_235' title='bbox 214 3589 264 3634; x_wconf 72' lang='lat' dir='ltr'>Luc</span> <span class='ocrx_word' id='word_1_236' title='bbox 276 3588 310 3635; x_wconf 86' lang='lat'>11.</span> <span class='ocrx_word' id='word_1_237' title='bbox 345 3579 538 3667; x_wconf 77' lang='lat' dir='ltr'>Adjungert</span> <span class='ocrx_word' id='word_1_238' title='bbox 564 3581 628 3648; x_wconf 84' lang='lat' dir='ltr'>sibi</span> <span class='ocrx_word' id='word_1_239' title='bbox 660 3604 744 3669; x_wconf 78' lang='lat' dir='ltr'>quar</span> <span class='ocrx_word' id='word_1_240' title='bbox 775 3584 1012 3653; x_wconf 66' lang='lat' dir='ltr'>advivendum</span> <span class='ocrx_word' id='word_1_241' title='bbox 1032 3601 1110 3652; x_wconf 84' lang='lat' dir='ltr'>smrt</span> <span class='ocrx_word' id='word_1_242' title='bbox 1130 3587 1352 3672; x_wconf 69' lang='lat' dir='ltr'>utiliumque</span> <span class='ocrx_word' id='word_1_243' title='bbox 1371 3591 1519 3654; x_wconf 75' lang='lat' dir='ltr'>retinere</span> 
     </span>
     <span class='ocr_line' id='line_1_28' title="bbox 345 3693 1517 3781; baseline 0.008 -25"><span class='ocrx_word' id='word_1_244' title='bbox 345 3693 469 3775; x_wconf 80' lang='lat' dir='ltr'>liceat;</span> <span class='ocrx_word' id='word_1_245' title='bbox 502 3695 593 3776; x_wconf 90' lang='lat' dir='ltr'>quod</span> <span class='ocrx_word' id='word_1_246' title='bbox 624 3694 756 3777; x_wconf 90' lang='lat' dir='ltr'>quidem</span> <span class='ocrx_word' id='word_1_247' title='bbox 783 3715 857 3763; x_wconf 88' lang='lat' dir='ltr'>cum</span> <span class='ocrx_word' id='word_1_248' title='bbox 880 3696 997 3765; x_wconf 88' lang='lat' dir='ltr'>Tullio</span> <span class='ocrx_word' id='word_1_249' title='bbox 1021 3700 1033 3736; x_wconf 81' lang='lat'>⁸</span> <span class='ocrx_word' id='word_1_250' title='bbox 1052 3698 1097 3764; x_wconf 89' lang='lat' dir='ltr'>ita</span> <span class='ocrx_word' id='word_1_251' title='bbox 1121 3698 1421 3781; x_wconf 83' lang='lat' dir='ltr'>interpretabimur:</span> <span class='ocrx_word' id='word_1_252' title='bbox 1443 3722 1517 3765; x_wconf 75' lang='lat' dir='ltr'>con-</span> 
     </span>
     <span class='ocr_line' id='line_1_29' title="bbox 344 3805 1514 3898; baseline 0.007 -30"><span class='ocrx_word' id='word_1_253' title='bbox 344 3825 487 3884; x_wconf 79' lang='lat' dir='ltr'>cessum,</span> <span class='ocrx_word' id='word_1_254' title='bbox 511 3805 575 3870; x_wconf 83' lang='lat' dir='ltr'>sibi</span> <span class='ocrx_word' id='word_1_255' title='bbox 596 3810 733 3892; x_wconf 78' lang='lat' dir='ltr'>quisque</span> <span class='ocrx_word' id='word_1_256' title='bbox 756 3820 794 3872; x_wconf 87' lang='lat' dir='ltr'>ut</span> <span class='ocrx_word' id='word_1_257' title='bbox 817 3809 939 3892; x_wconf 82' lang='lat' dir='ltr'>malit,</span> <span class='ocrx_word' id='word_1_258' title='bbox 963 3809 1208 3895; x_wconf 77' lang='lat' dir='ltr'>quodadritae</span> <span class='ocrx_word' id='word_1_259' title='bbox 1220 3815 1514 3898; x_wconf 58' lang='lat' dir='ltr'>attemperantur,</span> 
     </span>
     <span class='ocr_line' id='line_1_30' title="bbox 345 3916 1516 4009; baseline 0.005 -27"><span class='ocrx_word' id='word_1_260' title='bbox 345 3938 446 4003; x_wconf 86' lang='lat' dir='ltr'>quam</span> <span class='ocrx_word' id='word_1_261' title='bbox 465 3916 569 3982; x_wconf 81' lang='lat' dir='ltr'>alteri</span> <span class='ocrx_word' id='word_1_262' title='bbox 589 3922 749 4004; x_wconf 78' lang='lat' dir='ltr'>acquiri,</span> <span class='ocrx_word' id='word_1_263' title='bbox 772 3919 811 3985; x_wconf 85' lang='lat' dir='ltr'>id</span> <span class='ocrx_word' id='word_1_264' title='bbox 822 3918 903 4004; x_wconf 81' lang='lat' dir='ltr'>fieri</span> <span class='ocrx_word' id='word_1_265' title='bbox 923 3943 987 3986; x_wconf 84' lang='lat' dir='ltr'>non</span> <span class='ocrx_word' id='word_1_266' title='bbox 1010 3935 1218 4009; x_wconf 78' lang='lat' dir='ltr'>repugnante</span> <span class='ocrx_word' id='word_1_267' title='bbox 1237 3936 1379 3990; x_wconf 84' lang='lat' dir='ltr'>natura.</span> <span class='ocrx_word' id='word_1_268' title='bbox 1407 3923 1516 3989; x_wconf 89' lang='lat' dir='ltr'>Nemo</span> 
     </span>
     <span class='ocr_line' id='line_1_31' title="bbox 346 4026 1516 4118; baseline 0.005 -24"><span class='ocrx_word' id='word_1_269' title='bbox 346 4028 487 4112; x_wconf 88' lang='lat' dir='ltr'>denique</span> <span class='ocrx_word' id='word_1_270' title='bbox 528 4026 593 4094; x_wconf 82' lang='lat' dir='ltr'>fuit</span> <span class='ocrx_word' id='word_1_271' title='bbox 625 4029 751 4096; x_wconf 90' lang='lat' dir='ltr'>inulla</span> <span class='ocrx_word' id='word_1_272' title='bbox 783 4045 871 4097; x_wconf 89' lang='lat' dir='ltr'>secta</span> <span class='ocrx_word' id='word_1_273' title='bbox 901 4032 1197 4117; x_wconf 88' lang='lat' dir='ltr'>philosophorum,</span> <span class='ocrx_word' id='word_1_274' title='bbox 1230 4035 1288 4118; x_wconf 90' lang='lat' dir='ltr'>qui</span> <span class='ocrx_word' id='word_1_275' title='bbox 1321 4035 1362 4101; x_wconf 95' lang='lat' dir='ltr'>de</span> <span class='ocrx_word' id='word_1_276' title='bbox 1393 4034 1516 4102; x_wconf 86' lang='lat' dir='ltr'>finibus</span> 
     </span>
     <span class='ocr_line' id='line_1_32' title="bbox 345 4141 1516 4230; baseline 0.006 -24"><span class='ocrx_word' id='word_1_277' title='bbox 345 4141 572 4225; x_wconf 90' lang='lat' dir='ltr'>disputaturus</span> <span class='ocrx_word' id='word_1_278' title='bbox 594 4161 660 4208; x_wconf 94' lang='lat' dir='ltr'>non</span> <span class='ocrx_word' id='word_1_279' title='bbox 681 4141 740 4210; x_wconf 87' lang='lat' dir='ltr'>has</span> <span class='ocrx_word' id='word_1_280' title='bbox 761 4145 848 4227; x_wconf 84' lang='lat' dir='ltr'>leges</span> <span class='ocrx_word' id='word_1_281' title='bbox 870 4158 909 4210; x_wconf 89' lang='lat' dir='ltr'>ut</span> <span class='ocrx_word' id='word_1_282' title='bbox 920 4144 1114 4211; x_wconf 86' lang='lat' dir='ltr'>certissimas</span> <span class='ocrx_word' id='word_1_283' title='bbox 1126 4161 1199 4214; x_wconf 87' lang='lat' dir='ltr'>ante</span> <span class='ocrx_word' id='word_1_284' title='bbox 1211 4162 1336 4214; x_wconf 89' lang='lat' dir='ltr'>caetera</span> <span class='ocrx_word' id='word_1_285' title='bbox 1346 4163 1483 4230; x_wconf 90' lang='lat' dir='ltr'>poneret</span> <span class='ocrx_word' id='word_1_286' title='bbox 1494 4152 1516 4213; x_wconf 72' lang='lat'>⁴.</span> 
     </span>
    </p>
   </div>
   <div class='ocr_carea' id='block_1_3' title="bbox 345 4373 1517 4625">
    <p class='ocr_par' dir='ltr' id='par_1_3' title="bbox 345 4373 1517 4625">
     <span class='ocr_line' id='line_1_33' title="bbox 379 4373 1517 4447; baseline 0.004 -21"><span class='ocrx_word' id='word_1_287' title='bbox 379 4378 442 4426; x_wconf 87' lang='lat' dir='ltr'>¹de</span> <span class='ocrx_word' id='word_1_288' title='bbox 464 4390 519 4437; x_wconf 84' lang='lat' dir='ltr'>rep.</span> <span class='ocrx_word' id='word_1_289' title='bbox 539 4379 556 4424; x_wconf 87' lang='lat'>1.</span> <span class='ocrx_word' id='word_1_290' title='bbox 575 4389 598 4434; x_wconf 81' lang='lat'>3.</span> <span class='ocrx_word' id='word_1_291' title='bbox 632 4373 716 4426; x_wconf 73' lang='lat' dir='ltr'>’Cio</span> <span class='ocrx_word' id='word_1_292' title='bbox 731 4379 763 4428; x_wconf 86' lang='lat' dir='ltr'>de</span> <span class='ocrx_word' id='word_1_293' title='bbox 780 4377 825 4428; x_wconf 79' lang='lat' dir='ltr'>off.</span> <span class='ocrx_word' id='word_1_294' title='bbox 843 4381 860 4426; x_wconf 90' lang='lat' dir='ltr'>l.</span> <span class='ocrx_word' id='word_1_295' title='bbox 880 4391 901 4428; x_wconf 90' lang='lat'>1.</span> <span class='ocrx_word' id='word_1_296' title='bbox 920 4377 1097 4445; x_wconf 86' lang='lat' dir='ltr'>[c.4.§11.]</span> <span class='ocrx_word' id='word_1_297' title='bbox 1117 4378 1209 4430; x_wconf 82' lang='lat' dir='ltr'>defin.</span> <span class='ocrx_word' id='word_1_298' title='bbox 1226 4380 1517 4447; x_wconf 83' lang='lat' dir='ltr'>l.4.[c.7.§16.]et</span> 
     </span>
     <span class='ocr_line' id='line_1_34' title="bbox 345 4465 1517 4537; baseline 0.004 -20"><span class='ocrx_word' id='word_1_299' title='bbox 345 4473 362 4520; x_wconf 90' lang='grc'>1.</span> <span class='ocrx_word' id='word_1_300' title='bbox 381 4465 594 4532; x_wconf 71' lang='lat' dir='ltr'><strong>5.[c.9.§24]</strong></span> <span class='ocrx_word' id='word_1_301' title='bbox 614 4467 737 4527; x_wconf 87' lang='lat' dir='ltr'>proMii.</span> <span class='ocrx_word' id='word_1_302' title='bbox 758 4465 933 4534; x_wconf 76' lang='lat' dir='ltr'>[c.4§10.]</span> <span class='ocrx_word' id='word_1_303' title='bbox 952 4468 1143 4534; x_wconf 60' lang='lat' dir='ltr'>werdun.</span> <span class='ocrx_word' id='word_1_304' title='bbox 1164 4471 1345 4537; x_wconf 74' lang='lat' dir='ltr'>[c.5.§2n„]</span> <span class='ocrx_word' id='word_1_305' title='bbox 1383 4473 1466 4522; x_wconf 71' lang='lat' dir='ltr'>*Cin</span> <span class='ocrx_word' id='word_1_306' title='bbox 1485 4477 1517 4524; x_wconf 88' lang='lat' dir='ltr'>de</span> 
     </span>
     <span class='ocr_line' id='line_1_35' title="bbox 346 4557 821 4625; baseline -0.002 -16"><span class='ocrx_word' id='word_1_307' title='bbox 346 4558 388 4610; x_wconf 89' lang='lat' dir='ltr'>fin.</span> <span class='ocrx_word' id='word_1_308' title='bbox 404 4561 420 4608; x_wconf 92' lang='lat'>1.</span> <span class='ocrx_word' id='word_1_309' title='bbox 440 4571 462 4618; x_wconf 78' lang='lat'>³·</span> <span class='ocrx_word' id='word_1_310' title='bbox 485 4557 520 4622; x_wconf 84' lang='lat' dir='ltr'>[c.</span> <span class='ocrx_word' id='word_1_311' title='bbox 536 4559 561 4606; x_wconf 91' lang='lat'>6.</span> <span class='ocrx_word' id='word_1_312' title='bbox 576 4559 588 4620; x_wconf 74' lang='grc'>5</span> <span class='ocrx_word' id='word_1_313' title='bbox 607 4557 658 4625; x_wconf 78' lang='lat' dir='ltr'>to]</span> <span class='ocrx_word' id='word_1_314' title='bbox 677 4571 702 4607; x_wconf 91' lang='lat' dir='ltr'>et</span> <span class='ocrx_word' id='word_1_315' title='bbox 719 4559 821 4622; x_wconf 85' lang='lat' dir='ltr'>passim.</span> 
     </span>
    </p>
   </div>
   <div class='ocr_carea' id='block_1_4' title="bbox 0 0 1730 5434">
    <p class='ocr_par' dir='ltr' id='par_1_4' title="bbox 0 0 1730 5434">
     <span class='ocr_line' id='line_1_36' title="bbox 0 0 1730 5434; baseline 0 0"><span class='ocrx_word' id='word_1_316' title='bbox 0 0 1730 5434; x_wconf 95' lang='lat' dir='ltr'> </span> 
     </span>
    </p>
   </div>
  </div>
 </body>
</html>
