3450 5434
450 646 1016 713 naJuntrnnsnnu.cnn.x11.
1122 662 1125 669 ,
1211 622 1314 707 '259

134 809 238 873 multa
258 808 360 872 classe
378 803 464 869 circa
486 804 666 870 Malaceam
686 819 774 868 nunc
798 800 892 865 etiarn
915 802 1073 878 haerens,
1097 800 1130 865 in
1153 798 1314 865 mandatis

136 919 237 984 babet
268 931 419 983 externos
444 934 557 982 omnes
575 927 769 980 mercatores
798 911 945 993 undique
971 926 1125 977 evertere.
1173 908 1313 976 Publico

136 1029 281 1111 denique
313 1026 453 1093 consilio
482 1025 598 1093 Batavi
622 1024 771 1091 homines
794 1022 916 1106 captivi
941 1022 1152 1103 detinentur,
1175 1022 1313 1087 mittun·

135 1156 193 1206 tut
221 1139 254 1204 in
277 1137 492 1204 Lusitaniam.
537 1138 652 1202 Altera
679 1155 776 1201 causa
807 1134 885 1199 belli
920 1148 989 1214 est,
1023 1133 1101 1215 quia
1128 1132 1313 1215 respublica

137 1250 374 1316 Lusitanorum
405 1248 439 1313 in
469 1248 618 1332 singulos
645 1246 826 1312 Lusitanos
848 1246 892 1309 ob
922 1265 982 1325 ea,
1007 1243 1147 1325 quaein
1173 1243 1312 1309 Batavos

137 1361 363 1441 admiserunt,
397 1378 463 1425 non
496 1356 748 1438 animadvertit,
780 1356 861 1439 quin
896 1356 991 1421 etiam
1013 1370 1125 1422 sontes
1148 1370 1260 1421 tuetur
1281 1370 1314 1421 et

138 1490 277 1555 poenam
309 1470 456 1554 impedit.
501 1470 668 1535 Damnant
694 1486 762 1534 uno
794 1487 850 1533 ore
885 1466 1114 1551 jurisconsulti
1142 1466 1152 1502 ¹
1184 1486 1313 1551 rempu-

139 1582 257 1648 blicam
281 1602 348 1647 non
379 1596 507 1647 tantum
530 1600 614 1662 quae
633 1578 796 1665 justitiam
821 1579 982 1663 denegat,
1006 1578 1064 1643 sed
1085 1593 1118 1643 et
1137 1598 1206 1643 eam
1230 1598 1313 1659 quae

138 1693 301 1779 negligit,
324 1693 384 1759 ubi
406 1692 534 1759 scilicet
556 1690 695 1776 injuriae
715 1704 748 1755 et
769 1688 960 1755 manifestae
985 1704 1017 1755 et
1040 1690 1217 1755 continuae
1240 1688 1313 1755 fue-

139 1820 241 1884 runt,
265 1803 367 1886 inque
389 1822 488 1869 manu
511 1802 712 1885 reipublicae
736 1819 789 1865 eas
810 1800 946 1885 injurias
970 1820 1077 1867 arcere
1106 1815 1162 1866 aut
1185 1802 1311 1885 punire.

139 1912 211 1979 Ubi
240 1914 304 1978 hoc
333 1915 443 1978 locum
471 1911 629 1991 habebit,
653 1910 681 1975 si
709 1909 851 1977 hicnon
873 1911 997 1977 habet?
1021 1910 1163 1999 Quoties
1187 1913 1271 1979 enim
1296 1934 1314 1978 a

141 2024 314 2091 Lusitanis
336 2023 450 2114 Batavi
478 2023 614 2089 summis
638 2022 746 2087 affecti
767 2036 846 2087 sunt
870 2022 1027 2106 injuriis?
1052 2024 1184 2090 Semel?
1217 2024 1315 2090 Nihil

142 2138 207 2202 hoc
240 2150 298 2201 est.
344 2134 490 2201 Decies‘i
522 2122 712 2217 Perpaium.
760 2134 924 2201 Centies?
956 2135 1038 2202 Non
1070 2134 1203 2203 accedit.
1245 2137 1315 2203 Imo

141 2247 410 2329 quotiescunque
432 2247 500 2311 ulla
522 2244 751 2311 malefaciendi
772 2246 901 2311 occasio
917 2244 1004 2329 fuit,
1029 2247 1130 2330 idque
1151 2266 1217 2314 non
1234 2251 1314 2315 clam

140 2359 201 2425 sed
220 2361 348 2441 palam,
371 2357 482 2423 sedin
505 2358 609 2423 totius
631 2358 742 2423 Indiae
759 2371 964 2441 conspectu,
982 2374 1089 2441 terra,
1112 2360 1201 2425 mari.
1223 2359 1315 2447 Quid

141 2471 245 2555 igitur
263 2469 348 2551 fuit,
373 2468 551 2551 quominus
563 2468 678 2535 talium
690 2468 874 2535 facinorum
889 2470 1082 2537 auctoribus
1095 2470 1316 2555 irrogarentur

142 2580 329 2665 supplicia,
352 2583 465 2647 saltem
483 2579 624 2645 nocendi
647 2578 784 2646 facultas
803 2580 1025 2663 adimeretur,
1048 2582 1112 2647 nisi
1134 2582 1225 2663 quod
1247 2602 1316 2647 om·

141 2692 236 2758 nium
260 2691 370 2756 eadem
401 2708 516 2771 mens,
541 2691 625 2756 illud
645 2690 761 2773 populi
785 2691 890 2757 totius
914 2692 1114 2773 consilium,
1139 2691 1196 2758 illa
1215 2693 1316 2758 Lusi·

35 2823 42 2836 ·
141 2818 294 2871 ranorum
315 2817 483 2884 quotquot
503 2817 582 2867 suut
603 2802 764 2872 sententia
788 2817 860 2884 est,
884 2802 1045 2869 neminem
1066 2817 1234 2869 externum
1247 2803 1315 2885 pati

142 2915 185 2981 ad
214 2933 269 2980 eas
297 2928 398 2979 terras
420 2912 599 2979 accedere?
635 2913 666 2979 T
669 2914 751 2979 ertio
774 2916 848 2979 loco
876 2914 1049 2997 subjacent
1079 2915 1165 2980 bello
1188 2914 1313 2981 subditi

143 3027 218 3111 eius
239 3025 462 3108 reipublicae,
486 3045 570 3108 quae
590 3026 726 3091 docetur
747 3026 898 3110 injuriam
923 3025 1066 3108 fecisse,
1090 3026 1152 3092 hoc
1174 3042 1224 3093 est
1246 3024 1316 3093 Lu·

142 3138 242 3205 sitani
274 3136 419 3221 singuli,
443 3152 581 3220 excepto
604 3137 752 3216 nemine,
776 3158 849 3203 cum
875 3137 952 3220 quia
976 3136 1206 3221 rempublicam
1229 3138 1316 3204 tueri

144 3263 333 3334 coguntur,
355 3262 426 3313 tum
456 3246 535 3329 quia
562 3245 684 3314 factum
712 3248 912 3331 reipublicae
936 3250 975 3315 ad
996 3249 1144 3333 singulos
1164 3250 1316 3334 pertinet.

146 3359 331 3446 Augustini
351 3361 364 3397 ²
386 3359 485 3425 verba
505 3380 573 3426 non
601 3358 724 3427 frustra
755 3361 822 3427 huc
853 3363 990 3445 aptabo:
1023 3360 1135 3428 Aliud
1162 3362 1321 3448 estquod

144 3476 183 3537 in
201 3472 322 3557 populo
342 3477 481 3559 quisque
503 3472 600 3537 habat
619 3486 793 3558 paccatum
810 3478 1014 3559 proprium,
1028 3472 1319 3560 aliudquodcom-

145 3604 268 3666 mum,
303 3584 392 3670 quod
413 3606 477 3650 uno
501 3588 611 3649 animo
630 3581 673 3666 fit
697 3598 730 3649 ct
752 3606 821 3649 una
849 3585 1046 3666 voluntate,
1079 3606 1152 3650 curu
1186 3584 1322 3671 aliquid

146 3694 365 3762 multitudine
387 3709 585 3781 comparata
607 3699 856 3762 commititur.-
869 3694 936 3759 Ubi
957 3700 1107 3762 uniuersi
1127 3696 1175 3760 ibi
1198 3710 1229 3761 et
1253 3700 1320 3761 sirr-

143 3806 243 3893 guli,
277 3828 340 3871 non
367 3821 478 3871 autam
501 3807 558 3871 ubi
581 3808 709 3894 singuli
730 3809 779 3872 ibi
798 3812 954 3872 continuo
978 3811 1137 3875 uniuersi.
1185 3808 1320 3893 Singul‘

146 3921 233 3983 enim
257 3938 321 3984 esse
340 3932 478 4004 possunt
499 3922 569 3983 sine
590 3922 767 4000 uniuerso,
791 3923 942 3986 uniuersi
965 3934 1076 3985 autem
1101 3940 1164 3983 non
1182 3934 1320 4006 possunt

148 4033 216 4094 nisi
249 4050 290 4093 ex
323 4030 465 4117 siugulis
487 4030 669 4115 quibusque
691 4042 859 4095 constare.
917 4031 1010 4096 Nam
1042 4030 1169 4116 singuli
1199 4032 1322 4115 quique

182 4290 278 4337 ¹Ferr.
298 4302 369 4338 cons.
393 4304 417 4337 α.
436 4290 493 4337 Alc.
511 4288 556 4336 lib.
574 4300 597 4344 5.
616 4302 739 4347 conans.
757 4290 808 4351 Jas.
829 4289 898 4337 ind.
922 4290 939 4337 l.
965 4288 1064 4337 civitas.
1085 4288 1129 4351 [D.
1159 4302 1196 4335 12.
1214 4276 1242 4335 ἰ.
1268 4286 1320 4350 27.]

148 4382 198 4429 Del.
214 4382 254 4428 td.
272 4382 289 4427 l.
308 4382 383 4440 culpe
400 4391 477 4428 caret.
492 4382 524 4428 de
540 4393 591 4439 reg.
609 4378 659 4436 jur.
678 4380 722 4440 [D.
742 4392 781 4436 50·
802 4392 840 4438 17·
862 4380 915 4441 so]
935 4378 1029 4428 Decius
1047 4392 1119 4428 cons.
1132 4380 1190 4440 486.
1208 4378 1238 4426 V.
1249 4380 1324 4425 Gent.

147 4475 165 4519 l.
185 4485 207 4520 r.
222 4485 245 4521 c.
261 4484 301 4520 αι.
320 4473 351 4520 de
368 4470 424 4528 inre
437 4471 509 4520 belli.
542 4468 553 4501 ²
571 4470 655 4519 Levit.
674 4485 699 4531 q.
716 4472 756 4517 26.

1048 4582 1056 4624 r
1068 4564 1103 4622 7*
