3450 5434
355 604 416 682 308
656 617 704 662 na
728 616 821 681 Juau
847 613 1031 660 antenna.
1058 615 1137 660 car.
1163 615 1235 660 xrv.

351 776 442 839 velut
464 771 675 838 clandestinis
699 770 894 836 excursibus
917 767 1071 834 hostilem
1096 769 1339 851 possessionem
1361 769 1529 854 irrepunt,

351 884 413 949 alia
432 905 510 950 vero
530 884 692 950 exercitus
712 898 768 948 aut
787 881 901 946 classis
919 879 1040 959 totius,
1065 901 1150 962 quae
1170 883 1274 964 palam
1295 901 1366 948 sese
1386 896 1530 947 ostentat

352 996 491 1082 figitque
521 997 612 1081 signa
646 1010 679 1060 et
712 1014 853 1079 pugnam
890 1008 947 1058 aut
979 991 1095 1075 incipit
1128 994 1237 1075 ultro,
1272 1008 1330 1060 aut
1359 1008 1529 1076 provocat.

354 1108 439 1173 Nam
468 1108 519 1173 his
551 1123 608 1173 aut
639 1106 736 1173 venia
767 1106 795 1171 si
827 1119 957 1185 errent,
981 1091 1037 1169 a'ut
1058 1103 1085 1170 si
1103 1105 1223 1188 justam
1246 1125 1375 1172 causam
1396 1104 1532 1172 foveant

353 1220 456 1304 gloria
472 1221 628 1297 debetur,
653 1219 711 1301 qui
731 1219 853 1283 bellum
875 1217 1176 1300 quomodocunque
1197 1217 1331 1284 student
1350 1217 1529 1284 conficere:

353 1333 401 1398 illi
422 1353 500 1398 vero
520 1331 667 1398 omnium
690 1330 763 1396 odia
786 1330 976 1410 incurrunt,
1001 1329 1059 1410 qui
1083 1328 1206 1395 imbelli
1228 1329 1363 1395 audacia
1381 1329 1531 1413 publicas

353 1445 550 1510 calamitates
580 1444 727 1528 privatos
757 1442 790 1508 in
827 1457 983 1524 quaestus
1007 1443 1225 1525 protrahunt,
1262 1443 1353 1524 quod
1374 1461 1441 1508 non
1460 1457 1532 1508 tan-

353 1571 423 1623 tum
454 1556 600 1640 justitiae
629 1555 800 1621 adversum
830 1554 984 1634 videtur,
1012 1553 1069 1618 sed
1096 1568 1127 1618 et
1160 1552 1373 1635 fortitudini,
1401 1554 1441 1620 de
1465 1574 1533 1638 qua

353 1669 477 1734 virtute
505 1668 590 1734 inter
614 1667 779 1752 legitimos
807 1667 916 1731 hostes
939 1665 1158 1731 contenditur.
1206 1666 1297 1731 Haec
1319 1666 1346 1731 si
1370 1666 1410 1730 ad
1438 1666 1531 1732 insti-

355 1796 464 1845 tutum
489 1795 639 1846 nostrum
663 1778 894 1858 conferamus,
918 1776 1064 1860 repetitis
1090 1797 1173 1860 quae
1195 1792 1269 1843 ante
1290 1794 1415 1844 narrata
1435 1794 1532 1858 sunt,

353 1892 562 1975 perspicuum
592 1891 649 1957 fiet
682 1890 862 1956 Lusitanos
894 1904 1112 1955 mercatorum
1146 1889 1254 1972 specie
1283 1910 1347 1955 non
1373 1892 1531 1972 procula

354 2004 470 2087 piratis
487 2003 663 2070 discedere.
690 2002 827 2068 sienim
847 2003 911 2067 hoc
928 2021 1046 2066 nomen
1067 2000 1133 2066 illis
1154 2002 1332 2082 convenit,
1357 2001 1415 2084 qui
1433 2001 1531 2066 maria

354 2116 511 2180 obsident
539 2130 570 2180 et
601 2114 745 2198 gentium
778 2113 969 2178 commercia
991 2111 1167 2194 infestant,
1191 2133 1229 2177 an
1255 2132 1321 2178 non
1343 2112 1476 2178 venient
1497 2113 1530 2178 in

354 2229 444 2293 hunc
472 2246 644 2291 numerum
679 2225 760 2308 qui,
785 2246 859 2291 cum
884 2243 997 2290 omnes
1027 2227 1168 2309 populos
1192 2225 1408 2308 Europaeos,
1434 2227 1529 2291 ctiam

355 2340 388 2414 iu
419 2357 505 2420 quos
535 2339 643 2403 nullas
666 2338 741 2402 belli
767 2358 880 2404 causas
902 2338 1046 2418 habent,
1070 2356 1193 2402 occano
1215 2352 1247 2401 et
1265 2337 1376 2402 Indiae
1399 2355 1531 2404 accessu

354 2471 413 2534 per
439 2450 504 2516 vim
527 2465 679 2530 arceant,
704 2449 788 2515 inter
811 2448 1050 2516 diversissimos
1071 2465 1170 2531 atque
1192 2449 1277 2514 inter
1297 2469 1331 2514 se
1351 2450 1530 2516 contrarios

250 2559 253 2570 '
355 2565 504 2643 colores,
531 2583 615 2644 quos
639 2562 716 2628 huic
746 2560 868 2628 feritati
892 2560 1099 2643 obtendunt,
1123 2581 1163 2627 ne
1196 2581 1296 2627 unum
1330 2561 1462 2644 quidem
1481 2583 1531 2626 re-

355 2675 509 2758 periunt,
534 2694 633 2756 quern
665 2673 876 2757 aequioribus
900 2673 986 2756 apud
1015 2693 1050 2738 se
1071 2673 1261 2740 hominibus
1283 2675 1452 2757 potuerint
1474 2695 1531 2756 ap-

354 2787 520 2870 probare?
556 2787 642 2853 Cum
667 2787 769 2872 igitur
793 2786 826 2851 id
850 2805 955 2871 genus
978 2786 1149 2866 homines,
1174 2785 1268 2850 utin
1299 2806 1394 2851 omne
1416 2787 1530 2852 huma-

355 2919 434 2964 num
467 2918 571 2983 genus
600 2899 805 2984 injuriosos,
839 2912 1033 2964 cunctorum
1067 2917 1238 2963 commune
1270 2897 1384 2963 odium
1417 2898 1531 2963 mereri

355 3011 534 3093 antiquitas
556 3031 683 3093 semper
702 3009 883 3094 judicarit3
910 3029 950 3076 ne
974 3029 1061 3075 nunc
1088 3009 1221 3091 quidem
1246 3009 1335 3090 sint,
1360 3009 1422 3076 nisi
1447 3008 1531 3076 forte

355 3122 567 3205 paucissimi,
593 3123 650 3204 qul
675 3121 855 3187 Lusitanos
878 3121 975 3186 istius
999 3121 1145 3186 criminis
1166 3122 1360 3202 absolvant,
1383 3122 1466 3204 quid
1482 3137 1532 3187 est

356 3235 448 3316 quod
480 3255 517 3299 ex
551 3234 682 3299 illorum
715 3234 827 3318 paenis
861 3233 973 3298 timeat
1007 3233 1128 3316 aliquis
1150 3233 1310 3299 sustinere
1344 3233 1528 3300 invidiam?

356 3346 450 3412 Sicut
482 3346 582 3431 igitur
615 3347 759 3427 viatori,
792 3367 889 3429 quem
922 3348 1005 3412 latro
1040 3346 1073 3411 in
1102 3346 1217 3412 itinere
1241 3347 1374 3412 adortus
1406 3361 1477 3427 est,
1503 3345 1531 3410 si

356 3478 429 3524 eum
453 3478 512 3541 pro
536 3459 651 3522 merito
675 3457 805 3523 fortiter
827 3457 992 3541 excipiat,
1016 3478 1112 3524 nemo
1137 3473 1185 3524 est
1209 3458 1267 3541 qui
1292 3458 1325 3523 id
1348 3457 1432 3524 vitio
1456 3478 1531 3523 ver-

357 3585 425 3650 tat,
460 3570 504 3634 ita
527 3570 764 3636 mercatoribus
788 3570 997 3636 inhonestum
1029 3590 1194 3656 essenon
1226 3584 1358 3652 potest,
1384 3570 1475 3651 quod
1498 3570 1530 3634 in

354 3682 437 3768 juris
456 3682 581 3766 publici
603 3682 781 3750 violatores
804 3683 967 3768 condigne
988 3682 1181 3763 vindicant,
1198 3703 1266 3763 quo
1279 3681 1415 3764 posthac
1427 3680 1533 3746 tutius

357 3795 471 3860 eodem
500 3795 573 3878 jure
597 3793 758 3860 fruantur.
805 3795 927 3876 Neque
951 3795 1014 3860 hoc
1038 3794 1141 3879 magis
1163 3807 1289 3877 pugnat
1311 3813 1384 3859 cum
1406 3792 1532 3858 ratione

356 3907 443 3973 vitae
476 3907 713 3987 mercatoriae,
739 3927 836 3988 quam
858 3907 893 3971 id
917 3907 1009 3989 quod
1032 3906 1188 3991 agricolas
1213 3926 1307 3988 saepe
1336 3905 1418 3971 locis
1447 3905 1534 3988 peri-

357 4019 481 4085 culosis
511 4018 676 4086 factitasse
711 4019 950 4103 intelligimus,
989 4033 1025 4084 ut
1053 4018 1161 4102 gladio
1193 4017 1353 4084 succincti
1390 4032 1530 4082 aratrum

357 4146 545 4197 tractarent.
594 4129 712 4217 Neque
736 4135 821 4195 enim
845 4144 892 4195 ert
917 4129 1159 4209 interdictum,
1183 4144 1221 4194 ut
1244 4129 1331 4212 apud
1353 4127 1530 4194 Tullium¹

358 4244 539 4325 discimus,
563 4257 625 4307 aut
649 4265 671 4307 a
695 4265 809 4307 rerum
832 4255 961 4306 natura
986 4255 1047 4305 aut
1071 4265 1092 4306 a
1116 4242 1185 4327 lege
1209 4242 1327 4326 aliqua
1347 4254 1449 4326 atque
1467 4263 1531 4306 nro-

394 4478 402 4510 ¹
419 4481 450 4528 de
469 4491 533 4527 orat.
551 4479 596 4527 lib.
618 4492 638 4527 1.
654 4477 693 4541 [c.
706 4493 748 4540 49.
767 4482 789 4537 5.
807 4477 876 4540 215.]
