3450 5434
376 621 417 697 78
679 621 727 683 bu
752 619 846 704 Juurr'
874 633 1254 683 Pnnnnnn.onl‘.v11.

375 779 485 875 regem
507 790 633 857 subditi
655 789 824 858 rationem.
871 788 1048 857 Consentit
1070 785 1294 873 Hieronymus
1316 794 1324 829 ¹
1347 787 1406 871 qui
1426 787 1467 854 de
1487 806 1555 854 ser·

374 900 428 967 vis
452 916 484 968 et
506 900 583 966 filiis
606 904 763 983 locutus,
786 901 938 981 inillis,
962 899 1094 983 inquit,
1118 898 1555 966 tantumdebeaatdomr'm's

370 1012 635 1099 parentibusque
660 1032 728 1078 esse
757 1013 915 1096 subjecti,
948 1032 1035 1097 quae
1064 1024 1184 1077 contra
1213 1010 1281 1077 Des*
1303 1011 1467 1077 mandata
1490 1031 1555 1076 non

374 1136 463 1189 sunt.
507 1122 630 1206 Neque
653 1122 701 1188 illi
724 1122 827 1207 igitur
849 1137 939 1189 extra
961 1124 1114 1204 culpam,
1137 1122 1196 1204 qui
1220 1136 1276 1188 aut
1298 1121 1413 1188 mortis
1431 1136 1553 1187 metum

374 1250 432 1300 aut
453 1235 616 1301 bonorum
638 1232 824 1301 amissionis
844 1233 1063 1318 praetendunt
1075 1281 1087 1315 ,
1100 1234 1176 1300 dum
1189 1233 1357 1300 ministros
1378 1252 1413 1300 se
1431 1231 1555 1299 faciunt

374 1346 527 1430 cognitae
558 1361 616 1412 aut
646 1346 789 1425 creditae
822 1344 1015 1430 injustitiae.
1062 1345 1183 1411 Comes
1205 1344 1290 1455 enim
1314 1343 1463 1429 justitiae
1486 1342 1553 1411 for-

375 1456 484 1523 titudd
513 1456 626 1539 potius
658 1455 825 1539 quaelibet
855 1458 939 1523 mala
971 1458 1107 1522 tolerare
1139 1454 1306 1538 decernit,
1340 1474 1437 1537 quam
1468 1457 1552 1521 malo

375 1566 584 1650 consentire,
618 1581 656 1633 ut
690 1567 723 1632 in
746 1586 781 1633 re
802 1564 901 1634 simili
926 1565 1009 1633 dixit
1033 1566 1244 1651 Augustinus
1263 1566 1287 1632 ².
1333 1565 1421 1633 Cum
1445 1581 1551 1633 autem

374 1679 458 1745 ratio
479 1697 547 1745 non
570 1677 653 1744 itin
676 1678 902 1761 contrarium,
925 1676 1051 1745 etiamsi
1074 1677 1240 1744 contineat
1262 1676 1295 1742 in
1318 1696 1353 1742 se
1376 1676 1552 1762 injuriam,

374 1790 497 1857 bellurn
520 1804 627 1854 tamen
650 1802 802 1872 respectu
824 1788 1031 1855 subditorum
1056 1806 1121 1854 non
1146 1802 1195 1853 est
1217 1786 1375 1872 injustum
1398 1794 1425 1852 ³.
1449 1788 1553 1875 Quod

375 1903 484 1967 locum
515 1901 634 1966 habere
661 1899 758 1965 debet
789 1898 885 1965 etiarn
916 1898 948 1964 in
980 1898 1113 1965 subdito
1148 1899 1189 1965 de
1207 1897 1337 1983 iustitia
1358 1898 1551 1979 dubitante,

375 2025 415 2077 ut
431 2011 529 2076 docet
549 2024 663 2075 contra
683 2008 864 2075 Adrianum
884 2008 1034 2076 Victoria
1054 2009 1076 2075 ⁴.
1120 2009 1231 2077 Posita
1250 2009 1334 2075 enim
1354 2013 1464 2095 regula
1484 2026 1551 2091 est,

376 2120 594 2188 obediendum
614 2120 832 2204 potestatibus
851 2128 885 2201 ⁸,
911 2141 928 2186 a
948 2141 1013 2202 qua
1031 2120 1179 2187 recedere
1199 2140 1294 2187 nemo
1314 2120 1411 2187 debet
1431 2124 1466 2201 ⁸,
1489 2122 1553 2189 nisi

375 2252 435 2316 per
465 2230 755 2316 apprehensionem
790 2230 873 2317 legis
891 2230 1034 2297 decimae
1057 2230 1182 2299 tertiae.
1228 2230 1297 2318 Qui
1318 2252 1396 2299 vero
1418 2231 1553 2317 ambigit

376 2341 589 2427 apprehendit
609 2341 706 2409 nihil.
741 2342 815 2408 Nec
839 2342 970 2423 obstat,
995 2341 1086 2424 quod
1107 2342 1239 2408 dubitas
1257 2362 1298 2409 ne
1321 2341 1448 2411 feceris.
1473 2343 1553 2411 Non

377 2454 463 2521 enim
496 2453 556 2538 qui
583 2453 712 2521 dubitat
739 2455 861 2520 bellum
890 2454 981 2535 quod
1011 2452 1189 2537 imperatur
1219 2454 1345 2538 justum
1364 2452 1414 2521 sit·
1429 2474 1552 2537 necne,

376 2564 486 2632 statim
507 2581 540 2631 et
561 2564 645 2632 illud
666 2564 814 2646 dubitat,
837 2584 879 2631 an
901 2564 934 2630 in
956 2562 1058 2631 dubio
1081 2564 1299 2631 obediendum
1323 2564 1376 2631 sit.
1421 2566 1469 2632 Et
1489 2566 1552 2633 hoc

378 2675 536 2761 quidem,
570 2696 645 2743 cum
675 2691 781 2744 cessat
812 2676 917 2757 ratio,
951 2694 1009 2743 seu
1036 2675 1119 2741 nihil
1140 2675 1266 2742 definit.
1311 2676 1424 2743 Multo
1447 2692 1553 2744 autem

376 2788 481 2875 magis
498 2790 563 2857 hot
585 2788 691 2873 ipsum
715 2788 866 2869 dicetur,
889 2805 963 2853 curn
987 2785 1070 2853 ratio
1092 2786 1299 2854 subditorum
1321 2806 1338 2853 a
1360 2787 1447 2856 bello
1470 2802 1550 2857 stat:

378 2902 471 2984 quod
499 2900 615 2967 merito
642 2902 836 2983 plerumque
868 2896 996 2963 accidit.
1039 2896 1100 2982 Jus
1131 2896 1216 2965 enim
1251 2918 1291 2963 ex
1320 2897 1408 2966 facto
1437 2899 1552 2968 oritur.

244 2988 367 3090 mai?
377 3012 475 3078 Facta
495 3024 628 3094 autem,
651 3024 766 3093 utpote
785 3007 985 3093 singularia,
1010 3028 1069 3074 nec
1090 3028 1146 3093 per
1166 3024 1265 3077 artem
1286 3030 1346 3077 nec
1368 3030 1427 3093 per
1448 3012 1553 3079 scien·

376 3122 455 3189 tiam
488 3134 754 3206 cognoscuntur,
787 3138 871 3201 quae
898 3132 976 3185 sunt
1002 3119 1160 3186 duntaxat
1180 3120 1423 3189 universalium.
1458 3123 1553 3189 'Pau-

377 3230 509 3298 cissima
530 3246 638 3298 autem
658 3244 760 3311 sunt,
781 3250 866 3312 quae
897 3228 1048 3298 sensibus
1068 3230 1318 3316 percipiuntur,
1342 3234 1420 3317 quia
1439 3235 1551 3301 eodem

375 3358 522 3426 tempore
555 3361 621 3407 uno
649 3356 777 3407 tantum
807 3340 841 3407 in
873 3342 947 3407 loco
971 3359 1042 3407 esse
1064 3356 1251 3425 possumus.
1298 3345 1421 3411 Sensus
1444 3361 1551 3413 autem

377 3453 441 3520 nisi
467 3452 613 3537 proxima
635 3471 718 3545 non·
731 3451 889 3536 percipit:
922 3471 980 3517 nec
1012 3454 1101 3519 ullus
1127 3470 1176 3521 est
1194 3454 1278 3522 alius
1299 3476 1374 3523 vere
1394 3458 1552 3524 noscendi

378 3565 506 3631 modus.
552 3564 623 3630 Hac
652 3562 844 3630 necessitate
874 3563 1015 3629 humana
1035 3563 1118 3631 ratio
1140 3567 1308 3650 compulsa
1324 3567 1367 3633 'ad
1390 3566 1551 3635 factorum

374 3675 499 3761 judicia
526 3678 654 3761 regulas
673 3661 745 3741 ‘sibi
778 3674 933 3758 quasdam
961 3672 1188 3743 verisimilium
1208 3674 1279 3745 sive
1297 3688 1353 3749 τῶν
1372 3681 1486 3749 εἰκότων
1506 3678 1553 3745 fa·

377 3786 527 3855 bricavit.
575 3788 645 3854 Hae
664 3803 743 3853 sunt
760 3789 915 3872 προλήψεις
937 3785 1114 3868 quaedam,
1137 3787 1255 3855 Latine
1271 3792 1551 3876 praesumtiones,

377 3918 443 3964 non
466 3913 504 3965 ut
526 3897 560 3965 in
572 3897 755 3983 disciplinis
767 3909 873 3963 certae
884 3908 983 3975 atque
995 3913 1195 3981 perpetuae,
1219 3899 1277 3966 sed
1290 3903 1404 3984 quales
1413 3900 1552 3968 maxime

410 4072 463 4122 ¹in
486 4072 562 4134 epist.
583 4074 615 4123 ad
637 4074 702 4135 Epir.
728 4071 821 4122 citatur
842 4073 869 4123 in
892 4089 915 4126 c.
936 4076 959 4127 sl
985 4074 1111 4127 dominus.
1130 4074 1218 4138 [Dect.
1242 4076 1311 4123 Grat.
1329 4089 1355 4135 p.
1371 4088 1394 4124 a.
1414 4088 1452 4124 ιι.
1471 4088 1495 4133 ³·
1512 4088 1552 4139 93.

375 4164 461 4215 Hodie
481 4163 525 4213 hic
538 4166 658 4225 allegatur
692 4164 861 4225 Hieronymus
879 4166 906 4215 in
921 4168 997 4229 epist.
1015 4169 1046 4216 ad
1062 4166 1157 4215 Titum.
1174 4164 1240 4215 Vide
1260 4166 1405 4215 notationes
1423 4178 1552 4216 correcto·

375 4267 431 4303 rum
447 4256 479 4304 ad
495 4256 564 4305 hunc
581 4255 725 4317 canonem]
760 4252 820 4304 ’de
845 4256 918 4307 civit.
942 4261 959 4307 l.
982 4256 1239 4321 r.[c.18.]citetur
1263 4257 1288 4305 in
1310 4270 1333 4305 c.
1360 4256 1437 4305 itane.
1464 4257 1553 4319 [Decr.

375 4346 523 4406 Grat.p.a.
539 4359 579 4404 aa.
604 4347 679 4408 s·s·]
712 4344 818 4407 'nyua
836 4350 867 4397 de
884 4347 937 4405 jure
953 4350 1044 4399 bellil.
1066 4362 1087 4398 r.
1103 4364 1126 4397 c.
1145 4363 1167 4396 2.
1180 4361 1205 4396 n.
1222 4359 1262 4410 ³9·
1279 4345 1290 4378 ⁴
1307 4361 1333 4397 n.
1354 4360 1394 4407 ει.
1424 4346 1485 4396 ⁸V.
1502 4360 1553 4409 reg.

374 4449 401 4497 4.
417 4447 442 4484 et
457 4435 481 4498 ό,
495 4450 519 4485 c.
534 4450 559 4486 a.
574 4438 639 4486 adde
663 4450 696 4486 ex
710 4438 848 4487 demonstr.
863 4439 936 4487 inart.
952 4452 975 4488 a.
989 4440 1061 4489 artic.
1081 4454 1101 4487 ι.
1120 4441 1195 4488 conci
1217 4451 1238 4487 1.
1254 4450 1277 4486 c.
1297 4450 1320 4497 3.
1354 4438 1365 4469 ⁰
1383 4440 1475 4488 Thom.
1492 4442 1520 4489 a.'
1530 4452 1552 4487 a.

375 4539 402 4586 q.
416 4527 457 4585 64.
472 4538 517 4573 art.
535 4539 557 4582 3.
567 4528 599 4576 ad
610 4540 632 4583 3.
