3450 5434
517 645 563 690 DE
586 645 680 712 JURE
706 645 889 692 Pannona.
914 645 993 692 CAP.
1018 645 1074 692 XV.
1307 647 1367 712 333

198 801 243 866 ita
274 821 359 883 quae
392 815 486 884 capta
517 816 594 868 sunt
625 800 791 868 societatis
824 799 970 882 impensa
1003 814 1101 883 atque
1129 801 1276 884 periculo
1299 821 1366 867 non

197 913 292 993 aliis,
313 933 411 995 quam
433 912 513 995 ipsis
531 913 644 979 cedere
664 932 807 996 aequum
826 926 915 977 etex
934 931 994 978 usu
1014 912 1148 994 publico
1166 913 1367 979 existimant:

197 1041 235 1091 ut
257 1045 298 1090 ex
319 1022 460 1090 formula
486 1023 641 1090 videlicet
662 1043 777 1090 versus
800 1022 1003 1105 Propertiani
1018 1026 1051 1106 ¹,
1076 1023 1141 1089 imo
1166 1043 1205 1088 ex
1227 1025 1367 1090 naturali

199 1136 324 1202 ratione

329 1245 466 1312 Praeda
488 1249 533 1311 sit
555 1247 635 1311 haec
656 1245 727 1311 illis
751 1265 891 1330 quorum
915 1266 1064 1312 meruere
1086 1246 1225 1314 laborer.

240 1358 352 1443 Quare
373 1356 431 1439 qui
452 1371 518 1422 tam
541 1357 659 1422 bonam
681 1355 856 1422 utilitatem
880 1357 1047 1441 negliget,
1071 1357 1207 1423 nimium
1231 1359 1367 1443 prodige

200 1483 313 1534 utetur
339 1468 513 1534 occasione
533 1487 570 1532 ac
589 1466 732 1534 fortuna.
777 1468 880 1554 Quod
901 1467 986 1532 enim
1008 1468 1110 1550 belli,
1145 1467 1180 1535 id
1208 1484 1258 1535 est
1291 1490 1371 1554 gen-

200 1579 284 1646 tium
311 1581 407 1664 iure,
431 1579 524 1662 quod
553 1578 737 1659 Ordinum,
761 1580 826 1645 hoc
845 1595 896 1645 est
919 1580 1037 1646 summi
1060 1581 1271 1665 magistratus
1292 1601 1371 1667 con·

202 1690 371 1772 cessione,
383 1705 532 1756 nostrum
552 1690 616 1773 sit,
634 1690 671 1756 id
689 1710 755 1757 non
778 1691 887 1756 statim
907 1711 1034 1760 sumere
1054 1707 1163 1777 grata,
1180 1709 1218 1758 ut
1228 1693 1371 1774 dicitur,

202 1822 300 1868 manu
319 1801 456 1868 stolidae
476 1821 578 1885 prope
596 1801 734 1868 dixerim
756 1802 979 1870 contumaciae
1002 1818 1062 1870 est.
1086 1805 1198 1891 Quare
1215 1805 1372 1871 credibile

203 1930 253 1980 est
280 1915 406 1979 nullum
430 1911 501 1978 fore
525 1912 583 1995 qui
607 1913 640 1978 in
663 1933 701 1980 ea
732 1912 894 1980 sententia
927 1914 1103 1998 persistat,
1127 1930 1165 1982 ut
1187 1917 1370 1999 possessio-

202 2045 274 2091 nem
296 2025 380 2090 hanc
397 2022 517 2090 refutet
537 2039 637 2105 atque
654 2023 800 2108 rejiciat,
820 2039 879 2091 aut
895 2024 922 2090 si
943 2025 1139 2108 quierunt,
1160 2046 1217 2092 eos
1237 2025 1371 2094 futuros

203 2156 221 2202 a
249 2137 371 2218 quibus
400 2136 584 2218 exemplum
617 2135 702 2202 nolit
730 2155 857 2202 sumere
880 2136 980 2202 homo
1002 2153 1088 2203 tecte
1112 2157 1187 2222 erga
1210 2139 1318 2205 Deum
1338 2154 1371 2205 et

203 2247 339 2332 patriam
361 2247 534 2313 animatus.
579 2246 666 2312 Sunt
688 2247 798 2328 euim,
822 2262 902 2314 sunt
922 2246 1074 2330 proiecto
1098 2248 1211 2316 Batavi
1234 2252 1317 2316 hanc
1339 2250 1372 2318 in

204 2375 327 2442 partem
365 2357 528 2440 leniores,
566 2358 658 2440 quod
695 2379 713 2422 a
743 2357 874 2424 civibus
907 2358 1046 2426 hostiles
1078 2359 1240 2427 interdum
1274 2382 1374 2428 voces

204 2471 343 2538 audiunt
374 2484 408 2535 et
436 2469 616 2552 patiuntur.
662 2468 746 2535 Rem
775 2489 852 2536 sane
881 2470 1077 2551 dolendam,
1106 2491 1145 2538 eo
1167 2472 1372 2556 impunitatis

204 2583 382 2648 deventum
404 2599 493 2660 esse,
513 2598 552 2646 ut
572 2580 640 2646 sint
662 2579 721 2662 qui
740 2581 862 2664 jactare
893 2581 1033 2647 audeant
1061 2580 1232 2650 Lusitanis
1261 2584 1370 2650 omnia

203 2694 324 2773 licere,
356 2692 436 2776 ipsis
468 2691 564 2757 nihil.
610 2689 744 2778 Quibus
767 2710 827 2775 ego
848 2693 944 2776 pejus
964 2691 1047 2757 nihil
1070 2692 1176 2759 habeo
1199 2695 1291 2776 quod
1313 2694 1373 2762 im·

204 2825 338 2889 precer,
363 2823 459 2886 quam
481 2817 518 2868 ut
540 2804 632 2869 salvo
655 2801 792 2885 imperio
811 2819 844 2868 et
855 2802 1022 2885 republica
1035 2803 1191 2870 incolumi
1214 2805 1371 2872 ineorutn

204 2933 320 2982 manus
339 2913 539 2992 deveniant,
572 2912 695 2995 quibus
717 2928 889 2996 tantopere
911 2912 1035 2980 favent.
1082 2915 1148 2980 Sed
1168 2916 1223 2982 illa
1246 2918 1371 2984 vanilo-

205 3025 340 3110 quentia
357 3045 415 3092 scu
434 3027 594 3092 malevola
615 3024 727 3108 potius
748 3045 865 3091 causae
884 3024 1034 3108 publicae
1047 3026 1240 3092 detrectatio
1260 3031 1371 3113 legum

203 3139 316 3222 paenis
337 3154 370 3204 et
387 3136 578 3221 diligentiae
595 3135 843 3220 magistratuum
864 3136 1079 3218 relinquatur.
1102 3137 1212 3204 Nobis
1233 3155 1375 3208 errantes

205 3250 399 3316 instruxisse
418 3248 498 3314 satis
522 3263 582 3313 est.
627 3247 695 3334 Qui
716 3246 819 3332 igitur
839 3249 967 3314 lucrum
991 3268 1141 3314 recusare
1164 3250 1375 3332 potuissent,

205 3363 283 3444 quia
305 3383 341 3429 se
361 3361 454 3428 aliter
473 3359 621 3444 justitiae
644 3374 676 3425 et
699 3358 917 3425 conscientiae
938 3378 1004 3424 non
1024 3360 1259 3428 arbitrarentur
1281 3365 1376 3432 satis·

204 3473 372 3554 facturos,
394 3473 457 3538 hos
479 3470 507 3536 si
531 3491 596 3552 qua
618 3470 725 3552 ratio,
744 3470 772 3537 si
794 3491 859 3553 qua
882 3470 1040 3540 movisset
1061 3472 1260 3556 auctoritas,
1280 3496 1376 3561 argu·

206 3601 315 3652 menta
332 3598 370 3649 et
391 3582 600 3664 testimonia,
625 3581 764 3664 quaein
787 3581 890 3665 prima
911 3582 1114 3650 tractationis
1132 3599 1223 3668 parte
1236 3587 1375 3654 adducta

205 3711 306 3776 sunt,
329 3695 452 3761 efficere
473 3708 655 3777 potuerunt
677 3692 851 3759 doctiores.
875 3693 958 3759 Esse
980 3694 1076 3758 etiam
1097 3693 1185 3760 hunc
1205 3713 1375 3778 quaestum

206 3807 474 3874 honestissimum
506 3803 632 3871 homini
664 3823 727 3869 non
761 3803 918 3886 pertinaci
943 3804 1021 3869 satis
1044 3825 1237 3888 persuasum
1260 3829 1300 3873 ex
1323 3829 1377 3876 su-

206 3917 391 4003 perioribus
422 3933 515 4001 puto.
571 3917 623 3982 Ac
654 3916 682 3982 si
717 3915 776 3997 qui
808 3930 887 3980 sunt
918 3914 976 3996 qui
1010 3917 1226 4000 praecipuum
1257 3920 1378 3986 habent

206 4031 359 4098 utilitatis
381 4044 593 4114 respectum,
616 4028 650 4094 hi
683 4027 765 4110 quid
787 4026 917 4110 possint
939 4041 1052 4094 contra
1082 4029 1232 4110 praedam
1262 4031 1377 4098 obten-

206 4143 283 4209 dere
301 4143 482 4209 videamus.
514 4142 635 4223 Neque
663 4139 748 4206 enim
770 4138 854 4204 illud
875 4138 973 4204 credo
997 4138 1083 4203 dicet
1103 4139 1157 4204 hic
1178 4141 1376 4224 quisquam,
1444 4222 1450 4228 ,

207 4257 288 4320 maie
320 4269 411 4337 parta
454 4256 536 4319 male
570 4253 694 4332 dilabi,
739 4271 799 4316 nec
834 4248 1000 4316 transferri
1034 4251 1074 4316 ad
1106 4266 1254 4333 posteros
1286 4257 1377 4336 quod

245 4491 251 4521 ¹
270 4490 313 4537 lib.
333 4503 355 4546 3.
372 4493 404 4537 el.
424 4502 446 4546 3.
467 4490 518 4551 [vs.
539 4489 590 4550 an]
