3450 5434
462 635 511 682 on
533 633 628 701 Juan
653 631 839 680 rannone.
866 633 949 682 aar.
973 634 1029 682 111.
1141 704 1144 711 Δ
1221 703 1224 709 ⁴
1316 635 1355 697 33

175 813 255 858 cum
270 805 393 876 partem
410 804 582 871 utramque
599 787 779 854 necessario
796 807 929 871 peccare
944 803 1114 871 statuunt,
1137 788 1220 854 nihil
1235 802 1285 856 est
1300 786 1356 852 ab·

175 903 322 972 surdius.
366 901 426 986 Jus
454 899 538 966 enim
563 915 717 980 naturae,
747 900 811 965 hoc
842 915 892 967 est
920 899 1003 966 illud
1026 901 1118 983 quod
1138 900 1233 966 initio
1259 899 1356 964 rebus

176 1015 299 1082 creatis
316 1014 358 1080 ad
371 1013 553 1079 earumdem
571 1011 851 1080 conservationem
869 1011 961 1077 Deus
979 1011 1141 1094 inseruit,
1156 1033 1229 1078 cum
1245 1011 1358 1078 divina

176 1130 334 1194 voluntas
350 1123 562 1192 immutabilis
584 1139 617 1190 et
633 1139 760 1190 aeterna
778 1122 841 1206 sit,
865 1124 992 1208 semper
1008 1138 1040 1188 et
1056 1123 1180 1206 ubique
1194 1125 1250 1209 jus
1266 1123 1356 1204 est¹,

179 1254 220 1305 ut
241 1239 390 1304 Socrates
403 1237 435 1302 in
447 1235 566 1302 Minoe
578 1234 744 1301 concludit
756 1234 788 1299 'a
813 1255 959 1320 semper,
973 1250 1011 1302 ut
1022 1236 1110 1319 apud
1121 1235 1316 1318 Sophoclem
1328 1237 1357 1298 ἐ

443 1349 552 1432 eaiyeip
565 1375 593 1416 rr
608 1353 655 1416 νῦν
670 1375 704 1416 τε
720 1352 844 1434 κάχθὲς,
864 1352 937 1418 ἀλλ’
952 1353 1001 1419 aial
1020 1377 1091 1419 ποτε

441 1463 476 1546 ζῇ
491 1463 601 1528 ταῦτα.

441 1569 520 1635 Non
538 1568 603 1635 illa
628 1589 714 1633 nune
733 1566 832 1656 sueti,
856 1583 918 1635 aut
939 1570 981 1635 ab
1001 1571 1152 1636 desterno
1174 1567 1250 1634 die:

442 1680 611 1767 Perpetua
634 1678 776 1748 durant.

225 1792 385 1876 Ubique,
411 1807 449 1858 ut
467 1791 556 1874 apud
577 1791 830 1885 Empedoclem:

435 1909 519 1975 eam
535 1909 568 1973 τὸ
591 1907 645 1987 μὲν
664 1906 781 1974 πάντων
800 1907 918 1988 νόμιμον
935 1905 983 1974 διά
1002 1906 1227 1989 τέὐρυμὲδοντος

443 2019 546 2100 αἰθέρος
564 2017 680 2094 iveriae
700 2019 841 2090 τέταται,
864 2017 912 2085 διά
932 2017 1090 2085 τ’ἆτλέτου
1107 2018 1184 2094 eine.

445 2126 512 2214 Jus
531 2124 622 2192 illud
635 2146 801 2192 commune
817 2129 908 2213 riget
931 2126 1063 2212 lateque
1074 2127 1210 2211 patenti

442 2235 586 2302 Aethere
602 2250 633 2302 et
650 2239 806 2303 immensa
819 2241 964 2324 positum
984 2237 1107 2303 tellure
1127 2250 1273 2304 tenetur.

230 2349 292 2415 Est
311 2362 419 2415 autem
439 2349 495 2435 jus
516 2348 594 2414 belli
614 2349 668 2433 jus
690 2349 856 2432 quoddam
876 2364 1009 2416 naturae
1030 2348 1211 2414 secundum
1230 2368 1360 2431 eaquae

184 2461 284 2528 modo
306 2459 469 2543 diximus,
493 2460 584 2543 quod
603 2475 636 2527 et
651 2460 816 2545 Josephus
838 2467 850 2502 ⁴
869 2478 955 2528 recte
980 2460 1147 2544 exprimit:
1169 2465 1284 2550 φύσεως
1302 2466 1362 2544 γὰρ

183 2577 266 2657 νόμος
281 2577 396 2658 ἰσχυρὸς
414 2573 602 2642 indecenti
620 2576 671 2658 ζῆν
691 2577 805 2644 ἐθέλειν.
831 2578 877 2644 διὰ
891 2582 974 2644 τοῦτο
994 2577 1045 2643 καὶ
1056 2579 1121 2648 τοὺς
1132 2576 1363 2661 Φινερῶςοὶφτιι·

184 2689 328 2770 mulaeve
345 2689 425 2766 ἡμᾶς
442 2687 543 2752 τούτου
564 2687 717 2767 πολεμίους
737 2689 897 2766 ἡγούμεθα.
943 2683 1009 2748 Est
1028 2688 1113 2749 enim
1137 2697 1285 2749 naturae
1308 2682 1363 2747 lex

187 2795 272 2874 illa,
300 2797 445 2880 quaein
474 2795 619 2860 omnibus
646 2794 758 2877 ealce,
792 2807 830 2859 ut
860 2794 966 2862 velint
990 2798 1119 2872 vivere,
1142 2794 1242 2879 idque
1257 2797 1363 2878 ipsum

186 2920 233 2972 est
265 2919 488 2993 quapropter·
502 2926 573 2988 eos,
606 2909 665 2991 qui
692 2903 868 2988 manifeste
892 2907 966 2972 rita
983 2926 1039 2968 nos
1057 2904 1174 2971 volunt
1197 2903 1361 2989 spoliare,

186 3020 292 3082 hostes
313 3039 485 3084 censemus.
533 3017 579 3082 Et
598 3016 645 3082 sic
665 3015 816 3083 videmus
834 3029 959 3080 caetera
978 3015 1075 3082 etiam
1097 3014 1271 3082 animantia
1297 3033 1363 3079 non

188 3149 248 3213 pro
276 3129 344 3195 vita
368 3129 547 3210 duntaxat,
579 3127 637 3195 sed
662 3147 722 3211 pro
752 3126 972 3213 conjugibus,
996 3143 1034 3193 ut
1061 3129 1106 3195 ita
1132 3129 1269 3210 loquar,
1301 3145 1363 3209 pro

188 3243 322 3323 sobole,
345 3261 405 3324 pro
424 3240 558 3307 sedibus
580 3259 706 3322 proque
729 3237 891 3306 alimentis
904 3254 1036 3306 naturae
1049 3240 1191 3322 quodam
1204 3239 1362 3307 instinctu

188 3352 353 3420 dimicare.
399 3352 434 3418 Si
463 3371 540 3437 ergo
566 3354 621 3437 jus
648 3366 697 3417 est
726 3371 875 3435 semper,
908 3351 1002 3417 etiam
1025 3367 1101 3435 post
1124 3352 1312 3418 Christum:
1335 3349 1363 3416 si

190 3464 332 3547 ubique,
357 3462 452 3530 etiam
476 3462 560 3528 inter
580 3462 786 3530 Christianos
809 3466 830 3528 ⁵.
877 3463 966 3528 Idem
998 3463 1091 3529 aliter
1114 3462 1209 3529 etiam
1231 3463 1524 3550 demon-amp

190 3575 355 3641 strabitur.
401 3576 504 3642 Quod
527 3574 672 3641 omniurn
696 3573 842 3658 gentium
864 3593 1028 3641 consensu
1049 3574 1226 3641 universali
1249 3596 1364 3659 appro·
1377 3540 1414 3641 li:
1433 3548 1520 3640 ll'lh.

190 3687 306 3768 batur,
337 3687 371 3753 id
397 3686 552 3753 omnibus
580 3685 681 3768 inque
703 3705 817 3751 omnes
835 3687 891 3770 jus
914 3701 974 3750 est.
1023 3685 1086 3751 Est
1108 3701 1216 3752 autem
1240 3687 1362 3754 bellum

189 3799 259 3883 ejus
271 3798 420 3883 generis,
445 3797 523 3881 quia
555 3797 646 3880 quod
662 3797 718 3881 jus
739 3812 789 3864 est
807 3812 941 3864 naturae
965 3797 1050 3863 idem
1073 3813 1123 3864 est
1139 3799 1194 3884 jus
1215 3798 1362 3885 gentium

187 3909 387 3991 necessario,
425 3910 597 3976 accedente
626 3908 753 3976 scilicet
773 3908 921 3975 ratione:
945 3912 1155 3992 quamobrem
1174 3912 1260 3978 bella
1279 3910 1365 3977 Her-

222 4180 275 4232 ¹v.
294 4182 372 4231 Arist.
390 4183 465 4230 Rhea.
483 4183 500 4230 l.
520 4196 541 4231 r.
560 4196 582 4231 c.
603 4195 641 4240 13.
659 4193 683 4231 et
704 4195 743 4240 rs.
763 4183 801 4245 [p.
822 4195 894 4243 13⁷³·
913 4198 937 4233 a.
956 4198 994 4234 vs.
1012 4197 1036 4243 7.
1054 4196 1122 4245 etp.
1143 4196 1213 4242 1³75·
1235 4187 1364 4248 uvaar]

191 4275 221 4322 de
237 4286 302 4322 mor.
319 4275 351 4322 ad
367 4271 470 4322 Nicom.
488 4275 505 4322 l.
524 4286 547 4329 5.
566 4287 588 4322 c.
608 4287 646 4322 ιο.
667 4271 705 4337 [p.
727 4286 799 4336 ¹1³4·
817 4288 841 4322 a.
859 4289 897 4325 ve.
918 4276 968 4338 18.]
988 4276 1044 4324 Cic.
1062 4278 1094 4324 de
1110 4274 1267 4324 iuvenale.
1279 4275 1365 4337 [oss.

190 4367 211 4424 l.
230 4364 296 4426 161.]
315 4365 376 4413 Inst.
394 4362 495 4421 dejure
513 4375 563 4412 nat.
581 4367 602 4422 ς.
620 4376 679 4424 pen.
697 4364 724 4412 in
738 4380 763 4414 v.
773 4365 861 4414 divina
875 4369 991 4426 quadam.
1011 4366 1044 4428 [Ι.
1064 4379 1085 4413 r.
1104 4380 1128 4414 2.
1145 4369 1167 4424 5.
1179 4366 1332 4428 11.]Thom.
1345 4382 1366 4417 1.

193 4468 217 4504 a.
236 4469 261 4516 q.
288 4470 331 4519 94.
353 4468 399 4504 art.
427 4469 450 4513 5.
484 4452 582 4504 ²Plato
601 4455 666 4504 Min.
687 4455 725 4520 [p.
742 4456 799 4514 316.
817 4456 855 4518 b.]
898 4454 1009 4516 'Antip
1030 4454 1080 4520 [vs.
1096 4457 1167 4519 456.]
1202 4456 1248 4506 ⁴1.
1265 4471 1288 4516 ³·
1306 4473 1328 4508 c.
1343 4462 1366 4508 Β.

192 4546 249 4608 [Ed
265 4548 435 4608 Havercamp.
453 4549 507 4596 vol.
525 4561 549 4596 e.
567 4561 594 4608 p.
614 4547 683 4610 247.]
719 4546 729 4578 ⁵
747 4548 837 4596 Thom.
856 4560 878 4595 t.
895 4561 918 4597 a.
934 4560 959 4607 q.
975 4559 1016 4610 9³.
1032 4558 1078 4596 art.
1096 4548 1120 4597 ό.
1138 4560 1162 4598 et
1181 4562 1206 4609 q.
1221 4563 1261 4614 94.
1279 4563 1325 4599 art.
1342 4564 1368 4609 ³.

1215 4661 1234 4724 3
