<?xml version="1.0" encoding="UTF-8"?>
<!DOCTYPE html PUBLIC "-//W3C//DTD XHTML 1.0 Transitional//EN"
    "http://www.w3.org/TR/xhtml1/DTD/xhtml1-transitional.dtd">
<html xmlns="http://www.w3.org/1999/xhtml" xml:lang="en" lang="en">
 <head>
  <title>
</title>
<meta http-equiv="Content-Type" content="text/html;charset=utf-8" />
  <meta name='ocr-system' content='tesseract 3.04.00' />
  <meta name='ocr-capabilities' content='ocr_page ocr_carea ocr_par ocr_line ocrx_word'/>
</head>
<body>
  <div class='ocr_page' id='page_1' title='image "./ledroitdeprised02hamagoog_0303.png"; bbox 0 0 3450 5434; ppageno 0'>
   <div class='ocr_carea' id='block_1_1' title="bbox 497 663 1366 738">
    <p class='ocr_par' dir='ltr' id='par_1_1' title="bbox 497 663 1366 738">
     <span class='ocr_line' id='line_1_1' title="bbox 497 663 1366 738; baseline 0.005 -22"><span class='ocrx_word' id='word_1_1' title='bbox 497 672 542 717; x_wconf 81' lang='lat' dir='ltr'><strong>oe</strong></span> <span class='ocrx_word' id='word_1_2' title='bbox 565 673 659 738; x_wconf 77' lang='lat' dir='ltr'><strong>June</strong></span> <span class='ocrx_word' id='word_1_3' title='bbox 687 670 1086 718; x_wconf 71' lang='lat' dir='ltr'><strong>runaonu.cue.x111.</strong></span> <span class='ocrx_word' id='word_1_4' title='bbox 1307 663 1366 723; x_wconf 84' lang='lat'><strong>281</strong></span> 
     </span>
    </p>
   </div>
   <div class='ocr_carea' id='block_1_2' title="bbox 199 822 1377 4129">
    <p class='ocr_par' dir='ltr' id='par_1_2' title="bbox 199 822 1377 4129">
     <span class='ocr_line' id='line_1_2' title="bbox 439 822 1279 910; baseline 0.004 -21"><span class='ocrx_word' id='word_1_5' title='bbox 439 822 537 908; x_wconf 83' lang='lat' dir='ltr'><strong>Quod</strong></span> <span class='ocrx_word' id='word_1_6' title='bbox 554 839 686 906; x_wconf 77' lang='lat' dir='ltr'><strong>restat,</strong></span> <span class='ocrx_word' id='word_1_7' title='bbox 705 840 736 889; x_wconf 81' lang='lat' dir='ltr'><strong>et</strong></span> <span class='ocrx_word' id='word_1_8' title='bbox 756 846 811 889; x_wconf 87' lang='lat' dir='ltr'><strong>nos</strong></span> <span class='ocrx_word' id='word_1_9' title='bbox 836 823 900 889; x_wconf 86' lang='lat' dir='ltr'><strong>Dis</strong></span> <span class='ocrx_word' id='word_1_10' title='bbox 921 828 1084 904; x_wconf 80' lang='lat' dir='ltr'><strong>minores,</strong></span> <span class='ocrx_word' id='word_1_11' title='bbox 1109 841 1146 890; x_wconf 83' lang='lat' dir='ltr'><strong>ut</strong></span> <span class='ocrx_word' id='word_1_12' title='bbox 1167 827 1279 910; x_wconf 83' lang='lat' dir='ltr'><strong>decer,</strong></span> 
     </span>
     <span class='ocr_line' id='line_1_3' title="bbox 440 934 1197 1017; baseline 0.001 -17"><span class='ocrx_word' id='word_1_13' title='bbox 440 934 630 1015; x_wconf 79' lang='lat' dir='ltr'><em>Ceramus,</em></span> <span class='ocrx_word' id='word_1_14' title='bbox 654 950 685 1000; x_wconf 82' lang='lat' dir='ltr'><strong>et</strong></span> <span class='ocrx_word' id='word_1_15' title='bbox 705 955 901 1002; x_wconf 75' lang='lat' dir='ltr'><strong>ueneremur</strong></span> <span class='ocrx_word' id='word_1_16' title='bbox 923 934 1070 1002; x_wconf 82' lang='lat' dir='ltr'><em>Atridas</em></span> <span class='ocrx_word' id='word_1_17' title='bbox 1093 935 1197 1017; x_wconf 85' lang='lat' dir='ltr'><strong>duos,</strong></span> 
     </span>
     <span class='ocr_line' id='line_1_4' title="bbox 440 1042 1348 1131; baseline 0.006 -22"><span class='ocrx_word' id='word_1_18' title='bbox 440 1042 563 1128; x_wconf 79' lang='lat' dir='ltr'><strong>Qucis,</strong></span> <span class='ocrx_word' id='word_1_19' title='bbox 586 1067 660 1110; x_wconf 84' lang='lat' dir='ltr'><strong>cum</strong></span> <span class='ocrx_word' id='word_1_20' title='bbox 682 1059 828 1131; x_wconf 82' lang='lat' dir='ltr'><strong>regentes</strong></span> <span class='ocrx_word' id='word_1_21' title='bbox 848 1049 939 1126; x_wconf 86' lang='lat' dir='ltr'><strong>sint,</strong></span> <span class='ocrx_word' id='word_1_22' title='bbox 965 1050 1057 1121; x_wconf 77' lang='lat' dir='ltr'><strong>nefas</strong></span> <span class='ocrx_word' id='word_1_23' title='bbox 1077 1069 1139 1110; x_wconf 83' lang='lat' dir='ltr'><strong>aon</strong></span> <span class='ocrx_word' id='word_1_24' title='bbox 1160 1047 1271 1113; x_wconf 79' lang='lat' dir='ltr'><em>cedere</em></span> <span class='ocrx_word' id='word_1_25' title='bbox 1292 1065 1348 1114; x_wconf 83' lang='lat' dir='ltr'><strong>est.</strong></span> 
     </span>
     <span class='ocr_line' id='line_1_5' title="bbox 244 1155 1371 1242; baseline 0.007 -20"><span class='ocrx_word' id='word_1_26' title='bbox 244 1156 470 1242; x_wconf 90' lang='lat' dir='ltr'><strong>Justissimum</strong></span> <span class='ocrx_word' id='word_1_27' title='bbox 494 1157 580 1221; x_wconf 88' lang='lat' dir='ltr'><strong>enim</strong></span> <span class='ocrx_word' id='word_1_28' title='bbox 604 1171 676 1237; x_wconf 91' lang='lat' dir='ltr'><strong>est,</strong></span> <span class='ocrx_word' id='word_1_29' title='bbox 700 1170 738 1221; x_wconf 92' lang='lat' dir='ltr'><strong>ut</strong></span> <span class='ocrx_word' id='word_1_30' title='bbox 760 1155 951 1222; x_wconf 82' lang='lat' dir='ltr'><strong>Alcibiades</strong></span> <span class='ocrx_word' id='word_1_31' title='bbox 971 1156 1076 1239; x_wconf 86' lang='lat' dir='ltr'>dixit,</span> <span class='ocrx_word' id='word_1_32' title='bbox 1100 1157 1167 1242; x_wconf 67' lang='grc' dir='ltr'><strong>ὅπερ</strong></span> <span class='ocrx_word' id='word_1_33' title='bbox 1189 1163 1308 1240; x_wconf 51' lang='grc' dir='ltr'><strong>ἐδέξαντό</strong></span> <span class='ocrx_word' id='word_1_34' title='bbox 1328 1190 1371 1237; x_wconf 79' lang='grc' dir='ltr'><strong>τις</strong></span> 
     </span>
     <span class='ocr_line' id='line_1_6' title="bbox 203 1268 1371 1356; baseline -0.001 -19"><span class='ocrx_word' id='word_1_35' title='bbox 203 1279 312 1353; x_wconf 64' lang='grc' dir='ltr'><em>σχῆμα</em></span> <span class='ocrx_word' id='word_1_36' title='bbox 338 1280 392 1345; x_wconf 76' lang='grc' dir='ltr'><strong>τῆς</strong></span> <span class='ocrx_word' id='word_1_37' title='bbox 421 1273 590 1342; x_wconf 69' lang='grc' dir='ltr'><strong>πολιτείαις,</strong></span> <span class='ocrx_word' id='word_1_38' title='bbox 617 1277 701 1336; x_wconf 78' lang='grc' dir='ltr'>τοῦτο</span> <span class='ocrx_word' id='word_1_39' title='bbox 729 1271 923 1352; x_wconf 48' lang='lat' dir='ltr'><strong>{walterdum</strong></span> <span class='ocrx_word' id='word_1_40' title='bbox 944 1271 973 1343; x_wconf 85' lang='lat'><strong>¹,</strong></span> <span class='ocrx_word' id='word_1_41' title='bbox 998 1268 1062 1333; x_wconf 91' lang='lat' dir='ltr'><strong>hoc</strong></span> <span class='ocrx_word' id='word_1_42' title='bbox 1082 1283 1150 1343; x_wconf 88' lang='lat' dir='ltr'><strong>est,</strong></span> <span class='ocrx_word' id='word_1_43' title='bbox 1174 1290 1267 1354; x_wconf 80' lang='lat' dir='ltr'><strong>quem</strong></span> <span class='ocrx_word' id='word_1_44' title='bbox 1298 1275 1371 1356; x_wconf 85' lang='lat' dir='ltr'><strong>quis</strong></span> 
     </span>
     <span class='ocr_line' id='line_1_7' title="bbox 203 1375 1371 1464; baseline 0.003 -22"><span class='ocrx_word' id='word_1_45' title='bbox 203 1381 368 1462; x_wconf 77' lang='lat' dir='ltr'><strong>acceperit</strong></span> <span class='ocrx_word' id='word_1_46' title='bbox 401 1375 605 1464; x_wconf 78' lang='lat' dir='ltr'><strong>reipublicae</strong></span> <span class='ocrx_word' id='word_1_47' title='bbox 637 1391 788 1458; x_wconf 82' lang='lat' dir='ltr'><strong>statum,</strong></span> <span class='ocrx_word' id='word_1_48' title='bbox 823 1377 872 1443; x_wconf 83' lang='lat' dir='ltr'><strong>ad</strong></span> <span class='ocrx_word' id='word_1_49' title='bbox 892 1399 962 1442; x_wconf 83' lang='lat' dir='ltr'><strong>eum</strong></span> <span class='ocrx_word' id='word_1_50' title='bbox 993 1379 1193 1447; x_wconf 79' lang='lat' dir='ltr'><strong>serrandum</strong></span> <span class='ocrx_word' id='word_1_51' title='bbox 1221 1385 1371 1446; x_wconf 79' lang='lat' dir='ltr'><strong>conniti:</strong></span> 
     </span>
     <span class='ocr_line' id='line_1_8' title="bbox 204 1486 1371 1573; baseline 0.003 -20"><span class='ocrx_word' id='word_1_52' title='bbox 204 1488 295 1570; x_wconf 90' lang='lat' dir='ltr'><strong>quod</strong></span> <span class='ocrx_word' id='word_1_53' title='bbox 318 1489 493 1573; x_wconf 84' lang='lat' dir='ltr'><strong>Augustus</strong></span> <span class='ocrx_word' id='word_1_54' title='bbox 522 1487 586 1553; x_wconf 87' lang='lat' dir='ltr'><strong>viri</strong></span> <span class='ocrx_word' id='word_1_55' title='bbox 617 1486 767 1569; x_wconf 84' lang='lat' dir='ltr'>civisque</span> <span class='ocrx_word' id='word_1_56' title='bbox 801 1487 876 1553; x_wconf 92' lang='lat' dir='ltr'><strong>boni</strong></span> <span class='ocrx_word' id='word_1_57' title='bbox 909 1487 1049 1554; x_wconf 87' lang='lat' dir='ltr'><strong>officium</strong></span> <span class='ocrx_word' id='word_1_58' title='bbox 1074 1509 1144 1556; x_wconf 93' lang='lat' dir='ltr'><strong>esse</strong></span> <span class='ocrx_word' id='word_1_59' title='bbox 1167 1489 1319 1556; x_wconf 88' lang='lat' dir='ltr'><strong>definivit</strong></span> <span class='ocrx_word' id='word_1_60' title='bbox 1340 1489 1371 1556; x_wconf 85' lang='lat'><strong>²:</strong></span> 
     </span>
     <span class='ocr_line' id='line_1_9' title="bbox 203 1599 1373 1684; baseline 0.003 -18"><span class='ocrx_word' id='word_1_61' title='bbox 203 1601 387 1684; x_wconf 85' lang='lat' dir='ltr'><strong>sapienter,</strong></span> <span class='ocrx_word' id='word_1_62' title='bbox 409 1621 470 1666; x_wconf 90' lang='lat' dir='ltr'><strong>nec</strong></span> <span class='ocrx_word' id='word_1_63' title='bbox 491 1601 600 1666; x_wconf 88' lang='lat' dir='ltr'><strong>minus</strong></span> <span class='ocrx_word' id='word_1_64' title='bbox 622 1619 710 1665; x_wconf 89' lang='lat' dir='ltr'><strong>vere.</strong></span> <span class='ocrx_word' id='word_1_65' title='bbox 734 1599 820 1663; x_wconf 90' lang='lat' dir='ltr'><strong>Nam</strong></span> <span class='ocrx_word' id='word_1_66' title='bbox 844 1615 877 1664; x_wconf 93' lang='lat' dir='ltr'><strong>et</strong></span> <span class='ocrx_word' id='word_1_67' title='bbox 899 1599 968 1681; x_wconf 89' lang='lat' dir='ltr'><strong>ipse</strong></span> <span class='ocrx_word' id='word_1_68' title='bbox 991 1599 1049 1681; x_wconf 91' lang='lat' dir='ltr'><strong>qui</strong></span> <span class='ocrx_word' id='word_1_69' title='bbox 1071 1600 1124 1665; x_wconf 90' lang='lat' dir='ltr'><strong>via</strong></span> <span class='ocrx_word' id='word_1_70' title='bbox 1144 1615 1193 1666; x_wconf 92' lang='lat' dir='ltr'><strong>est</strong></span> <span class='ocrx_word' id='word_1_71' title='bbox 1209 1615 1242 1667; x_wconf 91' lang='lat' dir='ltr'><strong>et</strong></span> <span class='ocrx_word' id='word_1_72' title='bbox 1251 1602 1373 1669; x_wconf 89' lang='lat' dir='ltr'><strong>veritas</strong></span> 
     </span>
     <span class='ocr_line' id='line_1_10' title="bbox 199 1710 1371 1796; baseline 0.002 -20"><span class='ocrx_word' id='word_1_73' title='bbox 199 1711 344 1796; x_wconf 88' lang='lat' dir='ltr'><strong>Judaeos</strong></span> <span class='ocrx_word' id='word_1_74' title='bbox 375 1731 442 1776; x_wconf 91' lang='lat' dir='ltr'><strong>non</strong></span> <span class='ocrx_word' id='word_1_75' title='bbox 475 1711 558 1776; x_wconf 93' lang='lat' dir='ltr'><strong>illud</strong></span> <span class='ocrx_word' id='word_1_76' title='bbox 591 1710 779 1792; x_wconf 80' lang='lat' dir='ltr'><strong>inquirere,</strong></span> <span class='ocrx_word' id='word_1_77' title='bbox 805 1731 873 1793; x_wconf 92' lang='lat' dir='ltr'><strong>quo</strong></span> <span class='ocrx_word' id='word_1_78' title='bbox 894 1711 967 1793; x_wconf 87' lang='lat' dir='ltr'><strong>jure</strong></span> <span class='ocrx_word' id='word_1_79' title='bbox 990 1711 1132 1776; x_wconf 88' lang='lat' dir='ltr'><strong>Romani</strong></span> <span class='ocrx_word' id='word_1_80' title='bbox 1156 1712 1371 1778; x_wconf 88' lang='lat' dir='ltr'><strong>Palaestinam</strong></span> 
     </span>
     <span class='ocr_line' id='line_1_11' title="bbox 203 1807 1371 1906; baseline 0.003 -19"><span class='ocrx_word' id='word_1_81' title='bbox 203 1837 443 1905; x_wconf 86' lang='lat' dir='ltr'><strong>occupassent,</strong></span> <span class='ocrx_word' id='word_1_82' title='bbox 487 1821 546 1886; x_wconf 91' lang='lat' dir='ltr'><strong>sed</strong></span> <span class='ocrx_word' id='word_1_83' title='bbox 579 1821 848 1903; x_wconf 90' lang='lat' dir='ltr'><strong>quandoquidem</strong></span> <span class='ocrx_word' id='word_1_84' title='bbox 885 1821 947 1904; x_wconf 92' lang='lat' dir='ltr'><strong>ipsi</strong></span> <span class='ocrx_word' id='word_1_85' title='bbox 982 1821 1015 1886; x_wconf 91' lang='lat' dir='ltr'><strong>in</strong></span> <span class='ocrx_word' id='word_1_86' title='bbox 1051 1823 1201 1887; x_wconf 88' lang='lat' dir='ltr'><strong>Romano</strong></span> <span class='ocrx_word' id='word_1_87' title='bbox 1236 1807 1371 1906; x_wconf 86' lang='lat' dir='ltr'><strong>imperio</strong></span> 
     </span>
     <span class='ocr_line' id='line_1_12' title="bbox 203 1931 1373 2017; baseline 0 -18"><span class='ocrx_word' id='word_1_88' title='bbox 203 1933 375 2012; x_wconf 88' lang='lat' dir='ltr'><strong>viverent,</strong></span> <span class='ocrx_word' id='word_1_89' title='bbox 408 1953 520 2016; x_wconf 87' lang='lat' dir='ltr'><strong>parere</strong></span> <span class='ocrx_word' id='word_1_90' title='bbox 551 1931 652 2017; x_wconf 86' lang='lat' dir='ltr'><strong>jussit</strong></span> <span class='ocrx_word' id='word_1_91' title='bbox 685 1931 904 2012; x_wconf 79' lang='lat' dir='ltr'><strong>Caesaribus,</strong></span> <span class='ocrx_word' id='word_1_92' title='bbox 940 1932 997 2014; x_wconf 91' lang='lat' dir='ltr'><strong>qui</strong></span> <span class='ocrx_word' id='word_1_93' title='bbox 1035 1948 1104 1998; x_wconf 92' lang='lat' dir='ltr'><strong>tum</strong></span> <span class='ocrx_word' id='word_1_94' title='bbox 1139 1933 1210 2017; x_wconf 89' lang='lat' dir='ltr'><strong>ejus</strong></span> <span class='ocrx_word' id='word_1_95' title='bbox 1243 1933 1373 2017; x_wconf 90' lang='lat' dir='ltr'><strong>imperii</strong></span> 
     </span>
     <span class='ocr_line' id='line_1_13' title="bbox 204 2042 1372 2129; baseline 0 -20"><span class='ocrx_word' id='word_1_96' title='bbox 204 2045 436 2128; x_wconf 88' lang='lat' dir='ltr'><strong>potiebantur,</strong></span> <span class='ocrx_word' id='word_1_97' title='bbox 470 2044 561 2125; x_wconf 91' lang='lat' dir='ltr'><strong>quod</strong></span> <span class='ocrx_word' id='word_1_98' title='bbox 593 2062 747 2109; x_wconf 89' lang='lat' dir='ltr'><strong>nummus</strong></span> <span class='ocrx_word' id='word_1_99' title='bbox 771 2042 931 2109; x_wconf 87' lang='lat' dir='ltr'><strong>Caesarea</strong></span> <span class='ocrx_word' id='word_1_100' title='bbox 954 2043 1094 2129; x_wconf 82' lang='lat' dir='ltr'><strong>imagine</strong></span> <span class='ocrx_word' id='word_1_101' title='bbox 1118 2043 1266 2129; x_wconf 86' lang='lat' dir='ltr'><strong>signatus</strong></span> <span class='ocrx_word' id='word_1_102' title='bbox 1289 2045 1372 2111; x_wconf 90' lang='lat' dir='ltr'><strong>indi-</strong></span> 
     </span>
     <span class='ocr_line' id='line_1_14' title="bbox 204 2153 1372 2238; baseline 0 -18"><span class='ocrx_word' id='word_1_103' title='bbox 204 2157 299 2221; x_wconf 89' lang='lat' dir='ltr'><strong>cabat</strong></span> <span class='ocrx_word' id='word_1_104' title='bbox 317 2154 341 2220; x_wconf 77' lang='lat'><strong>³.</strong></span> <span class='ocrx_word' id='word_1_105' title='bbox 389 2154 572 2220; x_wconf 89' lang='lat' dir='ltr'><strong>Ordinibus</strong></span> <span class='ocrx_word' id='word_1_106' title='bbox 599 2169 707 2221; x_wconf 90' lang='lat' dir='ltr'><strong>autem</strong></span> <span class='ocrx_word' id='word_1_107' title='bbox 731 2173 798 2219; x_wconf 93' lang='lat' dir='ltr'><strong>non</strong></span> <span class='ocrx_word' id='word_1_108' title='bbox 820 2153 942 2220; x_wconf 90' lang='lat' dir='ltr'><strong>idcirco</strong></span> <span class='ocrx_word' id='word_1_109' title='bbox 965 2169 1090 2220; x_wconf 90' lang='lat' dir='ltr'><strong>tantum</strong></span> <span class='ocrx_word' id='word_1_110' title='bbox 1114 2176 1225 2238; x_wconf 90' lang='lat' dir='ltr'><strong>parere</strong></span> <span class='ocrx_word' id='word_1_111' title='bbox 1249 2157 1372 2224; x_wconf 88' lang='lat' dir='ltr'><strong>subditi</strong></span> 
     </span>
     <span class='ocr_line' id='line_1_15' title="bbox 206 2264 1372 2350; baseline 0 -18"><span class='ocrx_word' id='word_1_112' title='bbox 206 2267 349 2346; x_wconf 91' lang='lat' dir='ltr'><strong>debent,</strong></span> <span class='ocrx_word' id='word_1_113' title='bbox 383 2264 460 2348; x_wconf 92' lang='lat' dir='ltr'><strong>quia</strong></span> <span class='ocrx_word' id='word_1_114' title='bbox 491 2285 579 2331; x_wconf 92' lang='lat' dir='ltr'><strong>nunc</strong></span> <span class='ocrx_word' id='word_1_115' title='bbox 613 2265 647 2331; x_wconf 93' lang='lat' dir='ltr'><strong>id</strong></span> <span class='ocrx_word' id='word_1_116' title='bbox 676 2265 820 2350; x_wconf 86' lang='lat' dir='ltr'><strong>regimen</strong></span> <span class='ocrx_word' id='word_1_117' title='bbox 854 2281 1021 2349; x_wconf 89' lang='lat' dir='ltr'><strong>receptum</strong></span> <span class='ocrx_word' id='word_1_118' title='bbox 1045 2281 1116 2347; x_wconf 90' lang='lat' dir='ltr'><strong>est,</strong></span> <span class='ocrx_word' id='word_1_119' title='bbox 1139 2288 1253 2333; x_wconf 89' lang='lat' dir='ltr'><strong>verum</strong></span> <span class='ocrx_word' id='word_1_120' title='bbox 1277 2268 1372 2334; x_wconf 87' lang='lat' dir='ltr'><strong>etiarn</strong></span> 
     </span>
     <span class='ocr_line' id='line_1_16' title="bbox 205 2375 1372 2460; baseline -0.001 -17"><span class='ocrx_word' id='word_1_121' title='bbox 205 2377 283 2458; x_wconf 90' lang='lat' dir='ltr'><strong>quia</strong></span> <span class='ocrx_word' id='word_1_122' title='bbox 316 2376 405 2441; x_wconf 89' lang='lat' dir='ltr'><strong>istud</strong></span> <span class='ocrx_word' id='word_1_123' title='bbox 438 2376 609 2458; x_wconf 90' lang='lat' dir='ltr'><strong>imperium</strong></span> <span class='ocrx_word' id='word_1_124' title='bbox 639 2377 713 2460; x_wconf 84' lang='lat' dir='ltr'><strong>J&#39;ure</strong></span> <span class='ocrx_word' id='word_1_125' title='bbox 746 2375 911 2443; x_wconf 86' lang='lat' dir='ltr'><strong>conrmuni</strong></span> <span class='ocrx_word' id='word_1_126' title='bbox 934 2375 1061 2442; x_wconf 90' lang='lat' dir='ltr'><strong>nititur.</strong></span> <span class='ocrx_word' id='word_1_127' title='bbox 1108 2377 1264 2443; x_wconf 91' lang='lat' dir='ltr'><strong>Hollandi</strong></span> <span class='ocrx_word' id='word_1_128' title='bbox 1288 2379 1372 2444; x_wconf 90' lang='lat' dir='ltr'><strong>enim</strong></span> 
     </span>
     <span class='ocr_line' id='line_1_17' title="bbox 205 2485 1372 2572; baseline 0.002 -19"><span class='ocrx_word' id='word_1_129' title='bbox 205 2504 237 2553; x_wconf 92' lang='lat' dir='ltr'><strong>et</strong></span> <span class='ocrx_word' id='word_1_130' title='bbox 260 2488 319 2570; x_wconf 91' lang='lat' dir='ltr'><strong>qui</strong></span> <span class='ocrx_word' id='word_1_131' title='bbox 343 2487 505 2552; x_wconf 90' lang='lat' dir='ltr'><strong>cumillis</strong></span> <span class='ocrx_word' id='word_1_132' title='bbox 534 2485 692 2552; x_wconf 90' lang='lat' dir='ltr'><strong>foederati</strong></span> <span class='ocrx_word' id='word_1_133' title='bbox 720 2502 797 2553; x_wconf 91' lang='lat' dir='ltr'><strong>sunt</strong></span> <span class='ocrx_word' id='word_1_134' title='bbox 820 2487 942 2567; x_wconf 92' lang='lat' dir='ltr'><strong>hodie,</strong></span> <span class='ocrx_word' id='word_1_135' title='bbox 966 2487 1049 2552; x_wconf 91' lang='lat' dir='ltr'><strong>nulli</strong></span> <span class='ocrx_word' id='word_1_136' title='bbox 1073 2487 1206 2553; x_wconf 89' lang='lat' dir='ltr'><strong>omnino</strong></span> <span class='ocrx_word' id='word_1_137' title='bbox 1230 2489 1372 2572; x_wconf 89' lang='lat' dir='ltr'><strong>Principi</strong></span> 
     </span>
     <span class='ocr_line' id='line_1_18' title="bbox 204 2597 1373 2681; baseline 0 -17"><span class='ocrx_word' id='word_1_138' title='bbox 204 2598 398 2681; x_wconf 87' lang='lat' dir='ltr'><strong>obsequium</strong></span> <span class='ocrx_word' id='word_1_139' title='bbox 419 2598 556 2676; x_wconf 91' lang='lat' dir='ltr'><strong>debent,</strong></span> <span class='ocrx_word' id='word_1_140' title='bbox 580 2617 653 2663; x_wconf 89' lang='lat' dir='ltr'><strong>cum</strong></span> <span class='ocrx_word' id='word_1_141' title='bbox 674 2597 780 2663; x_wconf 89' lang='lat' dir='ltr'><strong>onmis</strong></span> <span class='ocrx_word' id='word_1_142' title='bbox 800 2597 884 2680; x_wconf 90' lang='lat' dir='ltr'><strong>apud</strong></span> <span class='ocrx_word' id='word_1_143' title='bbox 906 2597 979 2662; x_wconf 94' lang='lat' dir='ltr'><strong>illos</strong></span> <span class='ocrx_word' id='word_1_144' title='bbox 999 2597 1203 2681; x_wconf 90' lang='lat' dir='ltr'><strong>principatus</strong></span> <span class='ocrx_word' id='word_1_145' title='bbox 1223 2619 1240 2665; x_wconf 91' lang='lat' dir='ltr'><strong>a</strong></span> <span class='ocrx_word' id='word_1_146' title='bbox 1257 2615 1373 2666; x_wconf 90' lang='lat' dir='ltr'><strong>mutuo</strong></span> 
     </span>
     <span class='ocr_line' id='line_1_19' title="bbox 206 2708 1373 2794; baseline 0 -19"><span class='ocrx_word' id='word_1_147' title='bbox 206 2724 408 2776; x_wconf 88' lang='lat' dir='ltr'><strong>sacramento</strong></span> <span class='ocrx_word' id='word_1_148' title='bbox 431 2711 535 2775; x_wconf 89' lang='lat' dir='ltr'><strong>soleat</strong></span> <span class='ocrx_word' id='word_1_149' title='bbox 557 2708 688 2773; x_wconf 87' lang='lat' dir='ltr'><strong>initium</strong></span> <span class='ocrx_word' id='word_1_150' title='bbox 708 2728 844 2776; x_wconf 90' lang='lat' dir='ltr'><strong>sumere.</strong></span> <span class='ocrx_word' id='word_1_151' title='bbox 870 2708 949 2773; x_wconf 87' lang='lat' dir='ltr'><strong>Post</strong></span> <span class='ocrx_word' id='word_1_152' title='bbox 961 2722 1095 2773; x_wconf 88' lang='lat' dir='ltr'><strong>mortem</strong></span> <span class='ocrx_word' id='word_1_153' title='bbox 1109 2724 1216 2774; x_wconf 89' lang='lat' dir='ltr'><strong>autem</strong></span> <span class='ocrx_word' id='word_1_154' title='bbox 1230 2710 1373 2794; x_wconf 93' lang='lat' dir='ltr'><strong>Philippi</strong></span> 
     </span>
     <span class='ocr_line' id='line_1_20' title="bbox 207 2819 1373 2904; baseline 0.001 -18"><span class='ocrx_word' id='word_1_155' title='bbox 207 2820 351 2886; x_wconf 89' lang='lat' dir='ltr'><strong>Secundi</strong></span> <span class='ocrx_word' id='word_1_156' title='bbox 375 2822 486 2885; x_wconf 90' lang='lat' dir='ltr'><strong>nullus</strong></span> <span class='ocrx_word' id='word_1_157' title='bbox 510 2834 559 2886; x_wconf 90' lang='lat' dir='ltr'><strong>est</strong></span> <span class='ocrx_word' id='word_1_158' title='bbox 580 2820 736 2902; x_wconf 88' lang='lat' dir='ltr'><strong>Princeps</strong></span> <span class='ocrx_word' id='word_1_159' title='bbox 762 2819 794 2884; x_wconf 94' lang='lat' dir='ltr'><strong>in</strong></span> <span class='ocrx_word' id='word_1_160' title='bbox 818 2819 1023 2902; x_wconf 78' lang='lat' dir='ltr'><strong>quusverba</strong></span> <span class='ocrx_word' id='word_1_161' title='bbox 1035 2820 1228 2904; x_wconf 71' lang='lat' dir='ltr'><strong>iuraverint.</strong></span> <span class='ocrx_word' id='word_1_162' title='bbox 1252 2822 1373 2904; x_wconf 88' lang='lat' dir='ltr'><strong>Neque</strong></span> 
     </span>
     <span class='ocr_line' id='line_1_21' title="bbox 205 2929 1373 3014; baseline 0 -16"><span class='ocrx_word' id='word_1_163' title='bbox 205 2953 284 2998; x_wconf 88' lang='lat' dir='ltr'><strong>vero</strong></span> <span class='ocrx_word' id='word_1_164' title='bbox 316 2931 491 3014; x_wconf 92' lang='lat' dir='ltr'><strong>Philippus</strong></span> <span class='ocrx_word' id='word_1_165' title='bbox 524 2930 662 2998; x_wconf 90' lang='lat' dir='ltr'><strong>Tertius</strong></span> <span class='ocrx_word' id='word_1_166' title='bbox 690 2931 747 3014; x_wconf 90' lang='lat' dir='ltr'><strong>jus</strong></span> <span class='ocrx_word' id='word_1_167' title='bbox 778 2929 915 3012; x_wconf 84' lang='lat' dir='ltr'><strong>aliquod</strong></span> <span class='ocrx_word' id='word_1_168' title='bbox 946 2931 1105 3010; x_wconf 87' lang='lat' dir='ltr'><strong>retinuit,</strong></span> <span class='ocrx_word' id='word_1_169' title='bbox 1130 2930 1187 3013; x_wconf 91' lang='lat' dir='ltr'><strong>qui</strong></span> <span class='ocrx_word' id='word_1_170' title='bbox 1210 2951 1244 2996; x_wconf 91' lang='lat' dir='ltr'><strong>se</strong></span> <span class='ocrx_word' id='word_1_171' title='bbox 1267 2932 1373 2998; x_wconf 90' lang='lat' dir='ltr'><strong>videri</strong></span> 
     </span>
     <span class='ocr_line' id='line_1_22' title="bbox 203 3041 1373 3128; baseline -0.001 -19"><span class='ocrx_word' id='word_1_172' title='bbox 203 3046 278 3110; x_wconf 90' lang='lat' dir='ltr'><strong>vult</strong></span> <span class='ocrx_word' id='word_1_173' title='bbox 301 3043 388 3109; x_wconf 90' lang='lat' dir='ltr'><strong>omni</strong></span> <span class='ocrx_word' id='word_1_174' title='bbox 413 3044 584 3128; x_wconf 81' lang='lat' dir='ltr'><strong>Belgarum</strong></span> <span class='ocrx_word' id='word_1_175' title='bbox 606 3041 743 3125; x_wconf 82' lang='lat' dir='ltr'><strong>irnperio</strong></span> <span class='ocrx_word' id='word_1_176' title='bbox 767 3042 955 3122; x_wconf 85' lang='lat' dir='ltr'><strong>abdicasse,</strong></span> <span class='ocrx_word' id='word_1_177' title='bbox 985 3062 1093 3124; x_wconf 90' lang='lat' dir='ltr'><strong>neque</strong></span> <span class='ocrx_word' id='word_1_178' title='bbox 1117 3042 1275 3108; x_wconf 89' lang='lat' dir='ltr'><strong>Albertus</strong></span> <span class='ocrx_word' id='word_1_179' title='bbox 1299 3063 1373 3109; x_wconf 87' lang='lat' dir='ltr'><strong>curn</strong></span> 
     </span>
     <span class='ocr_line' id='line_1_23' title="bbox 204 3152 1375 3240; baseline -0.001 -20"><span class='ocrx_word' id='word_1_180' title='bbox 204 3157 346 3240; x_wconf 84' lang='lat' dir='ltr'><strong>conjuge</strong></span> <span class='ocrx_word' id='word_1_181' title='bbox 370 3155 445 3237; x_wconf 91' lang='lat' dir='ltr'><strong>plus</strong></span> <span class='ocrx_word' id='word_1_182' title='bbox 468 3152 648 3236; x_wconf 88' lang='lat' dir='ltr'><strong>quidquam</strong></span> <span class='ocrx_word' id='word_1_183' title='bbox 672 3153 790 3218; x_wconf 89' lang='lat' dir='ltr'><strong>habere</strong></span> <span class='ocrx_word' id='word_1_184' title='bbox 812 3167 944 3236; x_wconf 90' lang='lat' dir='ltr'><strong>potest,</strong></span> <span class='ocrx_word' id='word_1_185' title='bbox 977 3173 1073 3235; x_wconf 82' lang='lat' dir='ltr'><strong>quant</strong></span> <span class='ocrx_word' id='word_1_186' title='bbox 1097 3154 1288 3221; x_wconf 89' lang='lat' dir='ltr'><strong>volentibus</strong></span> <span class='ocrx_word' id='word_1_187' title='bbox 1311 3155 1375 3220; x_wconf 93' lang='lat' dir='ltr'><strong>Or-</strong></span> 
     </span>
     <span class='ocr_line' id='line_1_24' title="bbox 206 3263 1373 3348; baseline 0 -16"><span class='ocrx_word' id='word_1_188' title='bbox 206 3265 339 3332; x_wconf 90' lang='lat' dir='ltr'><strong>dinibus</strong></span> <span class='ocrx_word' id='word_1_189' title='bbox 358 3265 496 3347; x_wconf 89' lang='lat' dir='ltr'><strong>accepit‚</strong></span> <span class='ocrx_word' id='word_1_190' title='bbox 520 3283 593 3328; x_wconf 84' lang='lat' dir='ltr'><strong>cunt</strong></span> <span class='ocrx_word' id='word_1_191' title='bbox 610 3263 742 3330; x_wconf 89' lang='lat' dir='ltr'><strong>minime</strong></span> <span class='ocrx_word' id='word_1_192' title='bbox 763 3265 939 3330; x_wconf 90' lang='lat' dir='ltr'><strong>obscurum</strong></span> <span class='ocrx_word' id='word_1_193' title='bbox 960 3264 1017 3342; x_wconf 90' lang='lat' dir='ltr'><strong>sit,</strong></span> <span class='ocrx_word' id='word_1_194' title='bbox 1039 3284 1079 3331; x_wconf 90' lang='lat' dir='ltr'><strong>ne</strong></span> <span class='ocrx_word' id='word_1_195' title='bbox 1097 3280 1220 3347; x_wconf 88' lang='lat' dir='ltr'><strong>partem</strong></span> <span class='ocrx_word' id='word_1_196' title='bbox 1242 3267 1373 3348; x_wconf 91' lang='lat' dir='ltr'><strong>quidem</strong></span> 
     </span>
     <span class='ocr_line' id='line_1_25' title="bbox 207 3374 1373 3460; baseline 0.002 -18"><span class='ocrx_word' id='word_1_197' title='bbox 207 3379 305 3442; x_wconf 88' lang='lat' dir='ltr'><strong>ullam</strong></span> <span class='ocrx_word' id='word_1_198' title='bbox 338 3375 451 3460; x_wconf 92' lang='lat' dir='ltr'><strong>populi</strong></span> <span class='ocrx_word' id='word_1_199' title='bbox 485 3375 620 3441; x_wconf 90' lang='lat' dir='ltr'><strong>invitam</strong></span> <span class='ocrx_word' id='word_1_200' title='bbox 652 3395 748 3458; x_wconf 90' lang='lat' dir='ltr'><strong>posse</strong></span> <span class='ocrx_word' id='word_1_201' title='bbox 771 3374 804 3440; x_wconf 92' lang='lat' dir='ltr'><strong>in</strong></span> <span class='ocrx_word' id='word_1_202' title='bbox 828 3374 962 3441; x_wconf 93' lang='lat' dir='ltr'><strong>alterius</strong></span> <span class='ocrx_word' id='word_1_203' title='bbox 986 3375 1143 3441; x_wconf 90' lang='lat' dir='ltr'><strong>ditionem</strong></span> <span class='ocrx_word' id='word_1_204' title='bbox 1167 3375 1332 3444; x_wconf 85' lang='lat' dir='ltr'><strong>transferri</strong></span> <span class='ocrx_word' id='word_1_205' title='bbox 1352 3383 1373 3444; x_wconf 91' lang='lat'><strong>⁴.</strong></span> 
     </span>
     <span class='ocr_line' id='line_1_26' title="bbox 205 3485 1375 3575; baseline 0.001 -21"><span class='ocrx_word' id='word_1_206' title='bbox 205 3488 516 3575; x_wconf 88' lang='lat' dir='ltr'><strong>Quomodocunque</strong></span> <span class='ocrx_word' id='word_1_207' title='bbox 550 3501 657 3551; x_wconf 81' lang='lat' dir='ltr'><strong>autern</strong></span> <span class='ocrx_word' id='word_1_208' title='bbox 692 3485 848 3570; x_wconf 90' lang='lat' dir='ltr'><strong>Princeps</strong></span> <span class='ocrx_word' id='word_1_209' title='bbox 882 3486 1017 3568; x_wconf 90' lang='lat' dir='ltr'><strong>deficit,</strong></span> <span class='ocrx_word' id='word_1_210' title='bbox 1051 3487 1135 3553; x_wconf 93' lang='lat' dir='ltr'><strong>nihil</strong></span> <span class='ocrx_word' id='word_1_211' title='bbox 1171 3502 1219 3554; x_wconf 91' lang='lat' dir='ltr'><strong>est</strong></span> <span class='ocrx_word' id='word_1_212' title='bbox 1253 3489 1375 3555; x_wconf 87' lang='lat' dir='ltr'><strong>certius</strong></span> 
     </span>
     <span class='ocr_line' id='line_1_27' title="bbox 208 3596 1375 3682; baseline 0.002 -18"><span class='ocrx_word' id='word_1_213' title='bbox 208 3620 304 3682; x_wconf 88' lang='lat' dir='ltr'><strong>quam</strong></span> <span class='ocrx_word' id='word_1_214' title='bbox 328 3614 434 3664; x_wconf 90' lang='lat' dir='ltr'><strong>totum</strong></span> <span class='ocrx_word' id='word_1_215' title='bbox 459 3596 628 3680; x_wconf 88' lang='lat' dir='ltr'><strong>imperium</strong></span> <span class='ocrx_word' id='word_1_216' title='bbox 654 3596 771 3663; x_wconf 89' lang='lat' dir='ltr'><strong>deferri</strong></span> <span class='ocrx_word' id='word_1_217' title='bbox 794 3598 833 3662; x_wconf 92' lang='lat' dir='ltr'><strong>ad</strong></span> <span class='ocrx_word' id='word_1_218' title='bbox 857 3599 1112 3680; x_wconf 88' lang='lat' dir='ltr'><strong>rempublicam,</strong></span> <span class='ocrx_word' id='word_1_219' title='bbox 1149 3601 1287 3682; x_wconf 88' lang='lat' dir='ltr'><strong>quaein</strong></span> <span class='ocrx_word' id='word_1_220' title='bbox 1312 3601 1375 3666; x_wconf 91' lang='lat' dir='ltr'><strong>Or-</strong></span> 
     </span>
     <span class='ocr_line' id='line_1_28' title="bbox 207 3707 1376 3792; baseline 0.002 -16"><span class='ocrx_word' id='word_1_221' title='bbox 207 3712 299 3776; x_wconf 88' lang='lat' dir='ltr'><strong>dines</strong></span> <span class='ocrx_word' id='word_1_222' title='bbox 330 3729 410 3776; x_wconf 89' lang='lat' dir='ltr'><strong>suos</strong></span> <span class='ocrx_word' id='word_1_223' title='bbox 441 3708 614 3775; x_wconf 91' lang='lat' dir='ltr'><strong>distributa</strong></span> <span class='ocrx_word' id='word_1_224' title='bbox 647 3723 719 3788; x_wconf 90' lang='lat' dir='ltr'><strong>est,</strong></span> <span class='ocrx_word' id='word_1_225' title='bbox 752 3707 823 3773; x_wconf 92' lang='lat' dir='ltr'><strong>sive</strong></span> <span class='ocrx_word' id='word_1_226' title='bbox 854 3723 892 3773; x_wconf 90' lang='lat' dir='ltr'><strong>ut</strong></span> <span class='ocrx_word' id='word_1_227' title='bbox 920 3709 1141 3774; x_wconf 86' lang='lat' dir='ltr'><strong>Covarruvias</strong></span> <span class='ocrx_word' id='word_1_228' title='bbox 1161 3715 1172 3746; x_wconf 81' lang='lat'>⁸</span> <span class='ocrx_word' id='word_1_229' title='bbox 1193 3711 1311 3792; x_wconf 90' lang='lat' dir='ltr'><strong>docet,</strong></span> <span class='ocrx_word' id='word_1_230' title='bbox 1336 3713 1376 3778; x_wconf 90' lang='lat' dir='ltr'><strong>ad</strong></span> 
     </span>
     <span class='ocr_line' id='line_1_29' title="bbox 206 3818 1377 3905; baseline 0.002 -18"><span class='ocrx_word' id='word_1_231' title='bbox 206 3823 379 3905; x_wconf 88' lang='lat' dir='ltr'><strong>optimates</strong></span> <span class='ocrx_word' id='word_1_232' title='bbox 411 3835 509 3902; x_wconf 89' lang='lat' dir='ltr'><strong>atque</strong></span> <span class='ocrx_word' id='word_1_233' title='bbox 539 3839 719 3902; x_wconf 77' lang='lat' dir='ltr'><strong>proceres,</strong></span> <span class='ocrx_word' id='word_1_234' title='bbox 748 3819 806 3901; x_wconf 91' lang='lat' dir='ltr'><strong>qui</strong></span> <span class='ocrx_word' id='word_1_235' title='bbox 841 3818 1039 3902; x_wconf 87' lang='lat' dir='ltr'><strong>reipublicae</strong></span> <span class='ocrx_word' id='word_1_236' title='bbox 1078 3839 1197 3904; x_wconf 90' lang='lat' dir='ltr'><strong>corpus</strong></span> <span class='ocrx_word' id='word_1_237' title='bbox 1230 3822 1377 3889; x_wconf 89' lang='lat' dir='ltr'><strong>referunt</strong></span> 
     </span>
     <span class='ocr_line' id='line_1_30' title="bbox 207 3930 1377 4015; baseline 0 -16"><span class='ocrx_word' id='word_1_238' title='bbox 207 3949 240 4000; x_wconf 93' lang='lat' dir='ltr'><strong>et</strong></span> <span class='ocrx_word' id='word_1_239' title='bbox 280 3948 365 3998; x_wconf 90' lang='lat' dir='ltr'><strong>recte</strong></span> <span class='ocrx_word' id='word_1_240' title='bbox 409 3932 552 3998; x_wconf 89' lang='lat' dir='ltr'><strong>Ordines</strong></span> <span class='ocrx_word' id='word_1_241' title='bbox 595 3931 760 3996; x_wconf 91' lang='lat' dir='ltr'><strong>dicuntur.</strong></span> <span class='ocrx_word' id='word_1_242' title='bbox 815 3930 945 3995; x_wconf 85' lang='lat' dir='ltr'><strong>Parum</strong></span> <span class='ocrx_word' id='word_1_243' title='bbox 985 3933 1068 3994; x_wconf 78' lang='lat' dir='ltr'><strong>enim</strong></span> <span class='ocrx_word' id='word_1_244' title='bbox 1105 3932 1232 4015; x_wconf 80' lang='lat' dir='ltr'><strong>refert,</strong></span> <span class='ocrx_word' id='word_1_245' title='bbox 1268 3933 1377 4015; x_wconf 91' lang='lat' dir='ltr'><strong>inquit</strong></span> 
     </span>
     <span class='ocr_line' id='line_1_31' title="bbox 206 4041 1377 4129; baseline 0.001 -19"><span class='ocrx_word' id='word_1_246' title='bbox 206 4047 329 4110; x_wconf 90' lang='lat' dir='ltr'><strong>Paulus</strong></span> <span class='ocrx_word' id='word_1_247' title='bbox 359 4044 639 4128; x_wconf 84' lang='lat' dir='ltr'><strong>jurisconsultus,</strong></span> <span class='ocrx_word' id='word_1_248' title='bbox 675 4042 765 4106; x_wconf 83' lang='lat' dir='ltr'><strong>Ordo</strong></span> <span class='ocrx_word' id='word_1_249' title='bbox 798 4046 968 4129; x_wconf 79' lang='lat' dir='ltr'><strong>quippiam</strong></span> <span class='ocrx_word' id='word_1_250' title='bbox 995 4041 1141 4126; x_wconf 76' lang='lat' dir='ltr'><strong>fecerit,</strong></span> <span class='ocrx_word' id='word_1_251' title='bbox 1177 4065 1222 4107; x_wconf 85' lang='lat' dir='ltr'><strong>aa</strong></span> <span class='ocrx_word' id='word_1_252' title='bbox 1258 4049 1287 4109; x_wconf 87' lang='lat' dir='ltr'><strong>is</strong></span> <span class='ocrx_word' id='word_1_253' title='bbox 1320 4049 1377 4111; x_wconf 84' lang='lat' dir='ltr'><strong>cui</strong></span> 
     </span>
    </p>
   </div>
   <div class='ocr_carea' id='block_1_3' title="bbox 207 4322 1377 4580">
    <p class='ocr_par' dir='ltr' id='par_1_3' title="bbox 207 4322 1377 4580">
     <span class='ocr_line' id='line_1_32' title="bbox 243 4322 1376 4396; baseline 0.004 -19"><span class='ocrx_word' id='word_1_254' title='bbox 243 4328 385 4388; x_wconf 75' lang='lat' dir='ltr'><strong>¹Thucyd.</strong></span> <span class='ocrx_word' id='word_1_255' title='bbox 406 4329 451 4376; x_wconf 91' lang='lat' dir='ltr'><strong>lib.</strong></span> <span class='ocrx_word' id='word_1_256' title='bbox 469 4330 493 4377; x_wconf 85' lang='lat'><strong>6.</strong></span> <span class='ocrx_word' id='word_1_257' title='bbox 519 4329 555 4390; x_wconf 90' lang='lat' dir='ltr'><strong>[c.</strong></span> <span class='ocrx_word' id='word_1_258' title='bbox 574 4328 627 4390; x_wconf 84' lang='lat'><strong>⁸9·]</strong></span> <span class='ocrx_word' id='word_1_259' title='bbox 647 4327 673 4375; x_wconf 91' lang='lat' dir='ltr'><strong>in</strong></span> <span class='ocrx_word' id='word_1_260' title='bbox 698 4340 762 4375; x_wconf 81' lang='lat' dir='ltr'><strong>orat.</strong></span> <span class='ocrx_word' id='word_1_261' title='bbox 786 4329 818 4376; x_wconf 85' lang='lat' dir='ltr'><strong>ad</strong></span> <span class='ocrx_word' id='word_1_262' title='bbox 841 4327 932 4374; x_wconf 86' lang='lat' dir='ltr'><strong>Laced.</strong></span> <span class='ocrx_word' id='word_1_263' title='bbox 966 4322 1110 4374; x_wconf 72' lang='lat' dir='ltr'><strong>’macrob</strong></span> <span class='ocrx_word' id='word_1_264' title='bbox 1135 4327 1180 4374; x_wconf 89' lang='lat' dir='ltr'><strong>lib.</strong></span> <span class='ocrx_word' id='word_1_265' title='bbox 1204 4342 1226 4376; x_wconf 85' lang='lat' dir='ltr'><strong>a.</strong></span> <span class='ocrx_word' id='word_1_266' title='bbox 1246 4333 1294 4380; x_wconf 86' lang='lat' dir='ltr'><strong>Sat.</strong></span> <span class='ocrx_word' id='word_1_267' title='bbox 1313 4348 1336 4382; x_wconf 89' lang='lat' dir='ltr'><strong>c.</strong></span> <span class='ocrx_word' id='word_1_268' title='bbox 1352 4351 1376 4396; x_wconf 85' lang='lat'><strong>4.</strong></span> 
     </span>
     <span class='ocr_line' id='line_1_33' title="bbox 207 4419 1375 4482; baseline 0 -14"><span class='ocrx_word' id='word_1_269' title='bbox 207 4419 219 4451; x_wconf 88' lang='lat'>⁸</span> <span class='ocrx_word' id='word_1_270' title='bbox 236 4422 327 4468; x_wconf 87' lang='lat' dir='ltr'><strong>Matth.</strong></span> <span class='ocrx_word' id='word_1_271' title='bbox 351 4434 373 4467; x_wconf 90' lang='lat' dir='ltr'><strong>c.</strong></span> <span class='ocrx_word' id='word_1_272' title='bbox 396 4433 437 4468; x_wconf 83' lang='lat' dir='ltr'><strong>aa.</strong></span> <span class='ocrx_word' id='word_1_273' title='bbox 461 4434 499 4469; x_wconf 86' lang='lat' dir='ltr'><strong>vs.</strong></span> <span class='ocrx_word' id='word_1_274' title='bbox 518 4433 558 4467; x_wconf 88' lang='lat'><strong>21.</strong></span> <span class='ocrx_word' id='word_1_275' title='bbox 576 4421 657 4468; x_wconf 85' lang='lat' dir='ltr'><strong>Marc.</strong></span> <span class='ocrx_word' id='word_1_276' title='bbox 673 4433 695 4466; x_wconf 90' lang='lat' dir='ltr'><strong>c.</strong></span> <span class='ocrx_word' id='word_1_277' title='bbox 717 4431 753 4466; x_wconf 82' lang='lat' dir='ltr'><strong>ra.</strong></span> <span class='ocrx_word' id='word_1_278' title='bbox 770 4432 808 4466; x_wconf 89' lang='lat' dir='ltr'><strong>vs.</strong></span> <span class='ocrx_word' id='word_1_279' title='bbox 827 4431 865 4476; x_wconf 80' lang='lat'><strong>17.</strong></span> <span class='ocrx_word' id='word_1_280' title='bbox 882 4420 943 4466; x_wconf 88' lang='lat' dir='ltr'><strong>Luc.</strong></span> <span class='ocrx_word' id='word_1_281' title='bbox 961 4432 984 4465; x_wconf 90' lang='lat' dir='ltr'><strong>c.</strong></span> <span class='ocrx_word' id='word_1_282' title='bbox 1003 4431 1043 4465; x_wconf 86' lang='lat'><strong>20.</strong></span> <span class='ocrx_word' id='word_1_283' title='bbox 1061 4431 1099 4464; x_wconf 89' lang='lat' dir='ltr'><strong>vs.</strong></span> <span class='ocrx_word' id='word_1_284' title='bbox 1116 4431 1155 4472; x_wconf 82' lang='lat'><strong>25.</strong></span> <span class='ocrx_word' id='word_1_285' title='bbox 1189 4419 1199 4450; x_wconf 87' lang='lat'><strong>⁴</strong></span> <span class='ocrx_word' id='word_1_286' title='bbox 1217 4420 1293 4481; x_wconf 87' lang='lat' dir='ltr'><strong>Vasq.</strong></span> <span class='ocrx_word' id='word_1_287' title='bbox 1313 4438 1335 4472; x_wconf 87' lang='lat' dir='ltr'><strong>c.</strong></span> <span class='ocrx_word' id='word_1_288' title='bbox 1353 4441 1375 4482; x_wconf 82' lang='lat'><strong>5.</strong></span> 
     </span>
     <span class='ocr_line' id='line_1_34' title="bbox 208 4507 1377 4580; baseline 0 -20"><span class='ocrx_word' id='word_1_289' title='bbox 208 4523 327 4560; x_wconf 85' lang='lat' dir='ltr'><strong>controv.</strong></span> <span class='ocrx_word' id='word_1_290' title='bbox 346 4511 437 4560; x_wconf 84' lang='lat' dir='ltr'><strong>illustr.</strong></span> <span class='ocrx_word' id='word_1_291' title='bbox 452 4525 498 4570; x_wconf 90' lang='lat' dir='ltr'><strong>per</strong></span> <span class='ocrx_word' id='word_1_292' title='bbox 516 4522 607 4559; x_wconf 84' lang='lat' dir='ltr'><strong>toturn.</strong></span> <span class='ocrx_word' id='word_1_293' title='bbox 626 4511 705 4570; x_wconf 81' lang='lat' dir='ltr'><strong>Ayala</strong></span> <span class='ocrx_word' id='word_1_294' title='bbox 722 4511 768 4558; x_wconf 89' lang='lat' dir='ltr'><strong>lib.</strong></span> <span class='ocrx_word' id='word_1_295' title='bbox 789 4523 809 4558; x_wconf 91' lang='lat'><strong>1.</strong></span> <span class='ocrx_word' id='word_1_296' title='bbox 828 4523 851 4557; x_wconf 91' lang='lat' dir='ltr'><strong>c.</strong></span> <span class='ocrx_word' id='word_1_297' title='bbox 868 4511 892 4557; x_wconf 85' lang='grc' dir='ltr'><strong>ό.</strong></span> <span class='ocrx_word' id='word_1_298' title='bbox 908 4523 932 4557; x_wconf 94' lang='lat' dir='ltr'><strong>n.</strong></span> <span class='ocrx_word' id='word_1_299' title='bbox 948 4523 971 4569; x_wconf 85' lang='lat'><strong>9.</strong></span> <span class='ocrx_word' id='word_1_300' title='bbox 1006 4507 1016 4539; x_wconf 81' lang='lat'>⁵</span> <span class='ocrx_word' id='word_1_301' title='bbox 1034 4511 1115 4557; x_wconf 86' lang='lat' dir='ltr'><strong>Pract.</strong></span> <span class='ocrx_word' id='word_1_302' title='bbox 1134 4523 1228 4569; x_wconf 85' lang='lat' dir='ltr'><strong>quaest.</strong></span> <span class='ocrx_word' id='word_1_303' title='bbox 1244 4525 1267 4560; x_wconf 92' lang='lat' dir='ltr'><strong>c.</strong></span> <span class='ocrx_word' id='word_1_304' title='bbox 1285 4527 1305 4564; x_wconf 85' lang='grc' dir='ltr'><strong>ι.</strong></span> <span class='ocrx_word' id='word_1_305' title='bbox 1319 4530 1377 4580; x_wconf 87' lang='lat'>¹¹·4·</span> 
     </span>
    </p>
   </div>
   <div class='ocr_carea' id='block_1_4' title="bbox 0 0 1738 5434">
    <p class='ocr_par' dir='ltr' id='par_1_4' title="bbox 0 0 1738 5434">
     <span class='ocr_line' id='line_1_35' title="bbox 0 0 1738 5434; baseline 0 0"><span class='ocrx_word' id='word_1_306' title='bbox 0 0 1738 5434; x_wconf 95' lang='lat' dir='ltr'><strong> </strong></span> 
     </span>
    </p>
   </div>
  </div>
 </body>
</html>
