<?xml version="1.0" encoding="UTF-8"?>
<!DOCTYPE html PUBLIC "-//W3C//DTD XHTML 1.0 Transitional//EN"
    "http://www.w3.org/TR/xhtml1/DTD/xhtml1-transitional.dtd">
<html xmlns="http://www.w3.org/1999/xhtml" xml:lang="en" lang="en">
 <head>
  <title>
</title>
<meta http-equiv="Content-Type" content="text/html;charset=utf-8" />
  <meta name='ocr-system' content='tesseract 3.04.00' />
  <meta name='ocr-capabilities' content='ocr_page ocr_carea ocr_par ocr_line ocrx_word'/>
</head>
<body>
  <div class='ocr_page' id='page_1' title='image "./ledroitdeprised02hamagoog_0011.png"; bbox 0 0 3450 5434; ppageno 0'>
   <div class='ocr_carea' id='block_1_1' title="bbox 609 1799 959 1884">
    <p class='ocr_par' dir='ltr' id='par_1_1' title="bbox 609 1799 959 1884">
     <span class='ocr_line' id='line_1_1' title="bbox 609 1799 959 1884; baseline 0.011 -5"><span class='ocrx_word' id='word_1_1' title='bbox 609 1799 959 1884; x_wconf 88' lang='lat' dir='ltr'><strong>PRAEFATIO.</strong></span> 
     </span>
    </p>
   </div>
   <div class='ocr_carea' id='block_1_2' title="bbox 201 2418 1378 4567">
    <p class='ocr_par' dir='ltr' id='par_1_2' title="bbox 201 2418 1376 4050">
     <span class='ocr_line' id='line_1_2' title="bbox 242 2418 1373 2494; baseline 0.002 -18"><span class='ocrx_word' id='word_1_2' title='bbox 242 2418 377 2492; x_wconf 88' lang='lat' dir='ltr'>Hugonis</span> <span class='ocrx_word' id='word_1_3' title='bbox 397 2420 496 2478; x_wconf 85' lang='lat' dir='ltr'>Grotii</span> <span class='ocrx_word' id='word_1_4' title='bbox 518 2418 665 2491; x_wconf 86' lang='lat' dir='ltr'>codicem,</span> <span class='ocrx_word' id='word_1_5' title='bbox 685 2422 738 2494; x_wconf 90' lang='lat' dir='ltr'>qui</span> <span class='ocrx_word' id='word_1_6' title='bbox 765 2437 843 2480; x_wconf 88' lang='lat' dir='ltr'>nunc</span> <span class='ocrx_word' id='word_1_7' title='bbox 864 2419 987 2494; x_wconf 89' lang='lat' dir='ltr'>primurn</span> <span class='ocrx_word' id='word_1_8' title='bbox 1009 2418 1123 2489; x_wconf 83' lang='lat' dir='ltr'>editur,</span> <span class='ocrx_word' id='word_1_9' title='bbox 1144 2431 1271 2493; x_wconf 87' lang='lat' dir='ltr'>quatuor</span> <span class='ocrx_word' id='word_1_10' title='bbox 1292 2421 1373 2478; x_wconf 89' lang='lat' dir='ltr'>annis</span> 
     </span>
     <span class='ocr_line' id='line_1_3' title="bbox 202 2522 1375 2599; baseline 0.002 -19"><span class='ocrx_word' id='word_1_11' title='bbox 202 2523 307 2581; x_wconf 79' lang='lat' dir='ltr'>abhinc</span> <span class='ocrx_word' id='word_1_12' title='bbox 338 2522 452 2584; x_wconf 87' lang='lat' dir='ltr'>viderat</span> <span class='ocrx_word' id='word_1_13' title='bbox 485 2540 585 2595; x_wconf 90' lang='lat' dir='ltr'>nemo,</span> <span class='ocrx_word' id='word_1_14' title='bbox 618 2541 673 2583; x_wconf 90' lang='lat' dir='ltr'>nec</span> <span class='ocrx_word' id='word_1_15' title='bbox 705 2526 858 2599; x_wconf 91' lang='lat' dir='ltr'>quisquam</span> <span class='ocrx_word' id='word_1_16' title='bbox 887 2541 1027 2584; x_wconf 87' lang='lat' dir='ltr'>summum</span> <span class='ocrx_word' id='word_1_17' title='bbox 1048 2525 1144 2583; x_wconf 86' lang='lat' dir='ltr'>virum</span> <span class='ocrx_word' id='word_1_18' title='bbox 1165 2525 1272 2598; x_wconf 84' lang='lat' dir='ltr'>viginti</span> <span class='ocrx_word' id='word_1_19' title='bbox 1292 2526 1375 2582; x_wconf 88' lang='lat' dir='ltr'>annis</span> 
     </span>
     <span class='ocr_line' id='line_1_4' title="bbox 201 2627 1373 2703; baseline 0.003 -20"><span class='ocrx_word' id='word_1_20' title='bbox 201 2627 282 2700; x_wconf 92' lang='lat' dir='ltr'>prius</span> <span class='ocrx_word' id='word_1_21' title='bbox 303 2644 390 2701; x_wconf 86' lang='lat' dir='ltr'>quam</span> <span class='ocrx_word' id='word_1_22' title='bbox 411 2645 484 2702; x_wconf 91' lang='lat' dir='ltr'>opus</span> <span class='ocrx_word' id='word_1_23' title='bbox 505 2627 541 2686; x_wconf 91' lang='lat' dir='ltr'>de</span> <span class='ocrx_word' id='word_1_24' title='bbox 562 2629 626 2702; x_wconf 77' lang='lat' dir='ltr'>iure</span> <span class='ocrx_word' id='word_1_25' title='bbox 647 2629 717 2687; x_wconf 88' lang='lat' dir='ltr'>belli</span> <span class='ocrx_word' id='word_1_26' title='bbox 738 2645 771 2687; x_wconf 88' lang='lat' dir='ltr'>ac</span> <span class='ocrx_word' id='word_1_27' title='bbox 792 2629 870 2702; x_wconf 87' lang='lat' dir='ltr'><strong>pacis</strong></span> <span class='ocrx_word' id='word_1_28' title='bbox 891 2627 1008 2697; x_wconf 83' lang='lat' dir='ltr'>ederet,</span> <span class='ocrx_word' id='word_1_29' title='bbox 1023 2627 1060 2686; x_wconf 92' lang='lat' dir='ltr'>de</span> <span class='ocrx_word' id='word_1_30' title='bbox 1077 2629 1140 2702; x_wconf 80' lang='lat' dir='ltr'>iure</span> <span class='ocrx_word' id='word_1_31' title='bbox 1150 2627 1272 2703; x_wconf 91' lang='lat' dir='ltr'>praedae</span> <span class='ocrx_word' id='word_1_32' title='bbox 1282 2629 1373 2701; x_wconf 87' lang='lat' dir='ltr'>scrip·</span> 
     </span>
     <span class='ocr_line' id='line_1_5' title="bbox 202 2730 1373 2806; baseline 0.002 -18"><span class='ocrx_word' id='word_1_33' title='bbox 202 2731 270 2788; x_wconf 86' lang='lat' dir='ltr'>sisse</span> <span class='ocrx_word' id='word_1_34' title='bbox 290 2732 408 2789; x_wconf 84' lang='lat' dir='ltr'>sciebat.</span> <span class='ocrx_word' id='word_1_35' title='bbox 449 2733 513 2806; x_wconf 90' lang='lat' dir='ltr'>lpse</span> <span class='ocrx_word' id='word_1_36' title='bbox 534 2732 565 2789; x_wconf 91' lang='lat' dir='ltr'>in</span> <span class='ocrx_word' id='word_1_37' title='bbox 588 2733 669 2789; x_wconf 91' lang='lat' dir='ltr'>libris</span> <span class='ocrx_word' id='word_1_38' title='bbox 688 2733 745 2790; x_wconf 91' lang='lat' dir='ltr'>suis</span> <span class='ocrx_word' id='word_1_39' title='bbox 766 2743 796 2790; x_wconf 85' lang='lat' dir='ltr'>et</span> <span class='ocrx_word' id='word_1_40' title='bbox 818 2733 948 2806; x_wconf 91' lang='lat' dir='ltr'>epistolis</span> <span class='ocrx_word' id='word_1_41' title='bbox 967 2730 1004 2790; x_wconf 94' lang='lat' dir='ltr'>de</span> <span class='ocrx_word' id='word_1_42' title='bbox 1023 2733 1078 2790; x_wconf 90' lang='lat' dir='ltr'>hoc</span> <span class='ocrx_word' id='word_1_43' title='bbox 1096 2749 1184 2805; x_wconf 90' lang='lat' dir='ltr'>opere</span> <span class='ocrx_word' id='word_1_44' title='bbox 1202 2744 1288 2791; x_wconf 90' lang='lat' dir='ltr'>tacet.</span> <span class='ocrx_word' id='word_1_45' title='bbox 1312 2732 1373 2790; x_wconf 89' lang='lat' dir='ltr'>Res</span> 
     </span>
     <span class='ocr_line' id='line_1_6' title="bbox 203 2833 1374 2909; baseline 0.003 -21"><span class='ocrx_word' id='word_1_46' title='bbox 203 2834 326 2906; x_wconf 89' lang='lat' dir='ltr'>primum</span> <span class='ocrx_word' id='word_1_47' title='bbox 358 2835 503 2905; x_wconf 87' lang='lat' dir='ltr'>innotuit,</span> <span class='ocrx_word' id='word_1_48' title='bbox 534 2852 599 2894; x_wconf 91' lang='lat' dir='ltr'>cum</span> <span class='ocrx_word' id='word_1_49' title='bbox 632 2851 708 2893; x_wconf 87' lang='lat' dir='ltr'>anno</span> <span class='ocrx_word' id='word_1_50' title='bbox 743 2837 820 2909; x_wconf 87' lang='lat'>1864</span> <span class='ocrx_word' id='word_1_51' title='bbox 848 2838 995 2907; x_wconf 83' lang='lat' dir='ltr'>catalogus</span> <span class='ocrx_word' id='word_1_52' title='bbox 1020 2833 1132 2908; x_wconf 92' lang='lat' dir='ltr'>prodiit</span> <span class='ocrx_word' id='word_1_53' title='bbox 1152 2836 1294 2892; x_wconf 90' lang='lat' dir='ltr'>librorum</span> <span class='ocrx_word' id='word_1_54' title='bbox 1315 2852 1374 2892; x_wconf 89' lang='lat' dir='ltr'>ma·</span> 
     </span>
     <span class='ocr_line' id='line_1_7' title="bbox 202 2937 1374 3012; baseline 0.003 -19"><span class='ocrx_word' id='word_1_55' title='bbox 202 2939 439 3011; x_wconf 88' lang='lat' dir='ltr'>nuscriptorum‚</span> <span class='ocrx_word' id='word_1_56' title='bbox 470 2940 518 3012; x_wconf 91' lang='lat' dir='ltr'>qui</span> <span class='ocrx_word' id='word_1_57' title='bbox 548 2937 692 3012; x_wconf 87' lang='lat' dir='ltr'>quondam</span> <span class='ocrx_word' id='word_1_58' title='bbox 731 2939 830 2996; x_wconf 90' lang='lat' dir='ltr'>Grotii</span> <span class='ocrx_word' id='word_1_59' title='bbox 868 2938 1000 3006; x_wconf 89' lang='lat' dir='ltr'>fuerant,</span> <span class='ocrx_word' id='word_1_60' title='bbox 1030 2955 1104 3011; x_wconf 91' lang='lat' dir='ltr'>quos</span> <span class='ocrx_word' id='word_1_61' title='bbox 1135 2938 1296 3011; x_wconf 79' lang='lat' dir='ltr'><strong>bibliopola</strong></span> <span class='ocrx_word' id='word_1_62' title='bbox 1328 2937 1374 2996; x_wconf 90' lang='lat' dir='ltr'>M.</span> 
     </span>
     <span class='ocr_line' id='line_1_8' title="bbox 203 3039 1373 3116; baseline 0.001 -19"><span class='ocrx_word' id='word_1_63' title='bbox 203 3041 321 3112; x_wconf 88' lang='lat' dir='ltr'>Nijhoff</span> <span class='ocrx_word' id='word_1_64' title='bbox 338 3042 456 3116; x_wconf 88' lang='lat' dir='ltr'>publice</span> <span class='ocrx_word' id='word_1_65' title='bbox 479 3043 577 3116; x_wconf 81' lang='lat' dir='ltr'>Hagae</span> <span class='ocrx_word' id='word_1_66' title='bbox 600 3041 750 3100; x_wconf 87' lang='lat' dir='ltr'><strong>Comitum</strong></span> <span class='ocrx_word' id='word_1_67' title='bbox 772 3039 945 3100; x_wconf 87' lang='lat' dir='ltr'>venditurus</span> <span class='ocrx_word' id='word_1_68' title='bbox 966 3054 1043 3100; x_wconf 87' lang='lat' dir='ltr'>erat:</span> <span class='ocrx_word' id='word_1_69' title='bbox 1065 3043 1095 3099; x_wconf 92' lang='lat' dir='ltr'>in</span> <span class='ocrx_word' id='word_1_70' title='bbox 1117 3042 1160 3098; x_wconf 90' lang='lat' dir='ltr'>his</span> <span class='ocrx_word' id='word_1_71' title='bbox 1181 3051 1295 3114; x_wconf 89' lang='lat' dir='ltr'>praeter</span> <span class='ocrx_word' id='word_1_72' title='bbox 1305 3043 1373 3099; x_wconf 87' lang='lat' dir='ltr'>alias</span> 
     </span>
     <span class='ocr_line' id='line_1_9' title="bbox 202 3142 1373 3220; baseline 0.002 -20"><span class='ocrx_word' id='word_1_73' title='bbox 202 3144 315 3202; x_wconf 89' lang='lat' dir='ltr'>chartas</span> <span class='ocrx_word' id='word_1_74' title='bbox 336 3147 455 3204; x_wconf 90' lang='lat' dir='ltr'>minoris</span> <span class='ocrx_word' id='word_1_75' title='bbox 476 3147 564 3220; x_wconf 87' lang='lat' dir='ltr'>pretii</span> <span class='ocrx_word' id='word_1_76' title='bbox 585 3147 797 3220; x_wconf 85' lang='lat' dir='ltr'>autographum</span> <span class='ocrx_word' id='word_1_77' title='bbox 810 3145 1019 3204; x_wconf 88' lang='lat' dir='ltr'>Commentarii</span> <span class='ocrx_word' id='word_1_78' title='bbox 1041 3143 1077 3203; x_wconf 94' lang='lat' dir='ltr'>de</span> <span class='ocrx_word' id='word_1_79' title='bbox 1096 3146 1161 3218; x_wconf 78' lang='lat' dir='ltr'>jure</span> <span class='ocrx_word' id='word_1_80' title='bbox 1181 3142 1302 3219; x_wconf 86' lang='lat' dir='ltr'>praedae</span> <span class='ocrx_word' id='word_1_81' title='bbox 1319 3161 1373 3202; x_wconf 90' lang='lat' dir='ltr'>nu-</span> 
     </span>
     <span class='ocr_line' id='line_1_10' title="bbox 204 3247 1374 3323; baseline -0.001 -17"><span class='ocrx_word' id='word_1_82' title='bbox 204 3249 376 3307; x_wconf 85' lang='lat' dir='ltr'>merabatur.</span> <span class='ocrx_word' id='word_1_83' title='bbox 417 3250 482 3307; x_wconf 91' lang='lat' dir='ltr'>Viri</span> <span class='ocrx_word' id='word_1_84' title='bbox 504 3249 585 3309; x_wconf 91' lang='lat' dir='ltr'>docti</span> <span class='ocrx_word' id='word_1_85' title='bbox 607 3251 637 3308; x_wconf 94' lang='lat' dir='ltr'>in</span> <span class='ocrx_word' id='word_1_86' title='bbox 661 3249 816 3309; x_wconf 87' lang='lat' dir='ltr'>Academia</span> <span class='ocrx_word' id='word_1_87' title='bbox 836 3249 1107 3323; x_wconf 86' lang='lat' dir='ltr'>Lugduno-Batava</span> <span class='ocrx_word' id='word_1_88' title='bbox 1127 3247 1374 3321; x_wconf 86' lang='lat' dir='ltr'>nonfacilequid-</span> 
     </span>
     <span class='ocr_line' id='line_1_11' title="bbox 203 3352 1373 3427; baseline 0.002 -17"><span class='ocrx_word' id='word_1_89' title='bbox 203 3369 287 3425; x_wconf 87' lang='lat' dir='ltr'>quam</span> <span class='ocrx_word' id='word_1_90' title='bbox 307 3353 476 3427; x_wconf 84' lang='lat' dir='ltr'>negligunt,</span> <span class='ocrx_word' id='word_1_91' title='bbox 497 3353 576 3426; x_wconf 92' lang='lat' dir='ltr'>quod</span> <span class='ocrx_word' id='word_1_92' title='bbox 596 3352 631 3410; x_wconf 93' lang='lat' dir='ltr'>ad</span> <span class='ocrx_word' id='word_1_93' title='bbox 653 3355 726 3412; x_wconf 89' lang='lat' dir='ltr'>tanti</span> <span class='ocrx_word' id='word_1_94' title='bbox 747 3355 805 3412; x_wconf 89' lang='lat' dir='ltr'>viri</span> <span class='ocrx_word' id='word_1_95' title='bbox 827 3355 928 3412; x_wconf 87' lang='lat' dir='ltr'>famam</span> <span class='ocrx_word' id='word_1_96' title='bbox 950 3355 1110 3427; x_wconf 88' lang='lat' dir='ltr'>pertineat:</span> <span class='ocrx_word' id='word_1_97' title='bbox 1128 3354 1226 3426; x_wconf 88' lang='lat' dir='ltr'>itaque</span> <span class='ocrx_word' id='word_1_98' title='bbox 1243 3363 1273 3410; x_wconf 93' lang='lat' dir='ltr'>et</span> <span class='ocrx_word' id='word_1_99' title='bbox 1290 3369 1373 3412; x_wconf 90' lang='lat' dir='ltr'>nunc</span> 
     </span>
     <span class='ocr_line' id='line_1_12' title="bbox 204 3455 1374 3530; baseline 0.002 -18"><span class='ocrx_word' id='word_1_100' title='bbox 204 3472 321 3530; x_wconf 87' lang='lat' dir='ltr'>operam</span> <span class='ocrx_word' id='word_1_101' title='bbox 339 3456 497 3526; x_wconf 90' lang='lat' dir='ltr'>dederunt,</span> <span class='ocrx_word' id='word_1_102' title='bbox 518 3469 552 3515; x_wconf 90' lang='lat' dir='ltr'>ut</span> <span class='ocrx_word' id='word_1_103' title='bbox 581 3455 676 3516; x_wconf 87' lang='lat' dir='ltr'>codex</span> <span class='ocrx_word' id='word_1_104' title='bbox 705 3459 754 3515; x_wconf 91' lang='lat' dir='ltr'>ille</span> <span class='ocrx_word' id='word_1_105' title='bbox 784 3458 984 3516; x_wconf 86' lang='lat' dir='ltr'>Bibliothecae</span> <span class='ocrx_word' id='word_1_106' title='bbox 1013 3455 1202 3515; x_wconf 80' lang='lat' dir='ltr'>Academicaa</span> <span class='ocrx_word' id='word_1_107' title='bbox 1221 3468 1374 3515; x_wconf 83' lang='lat' dir='ltr'>emeretur.</span> 
     </span>
     <span class='ocr_line' id='line_1_13' title="bbox 205 3559 1375 3635; baseline -0.001 -19"><span class='ocrx_word' id='word_1_108' title='bbox 205 3560 295 3618; x_wconf 91' lang='lat' dir='ltr'>Liber</span> <span class='ocrx_word' id='word_1_109' title='bbox 318 3563 413 3634; x_wconf 88' lang='lat' dir='ltr'>magni</span> <span class='ocrx_word' id='word_1_110' title='bbox 443 3561 581 3618; x_wconf 86' lang='lat' dir='ltr'>momenti</span> <span class='ocrx_word' id='word_1_111' title='bbox 607 3572 686 3631; x_wconf 89' lang='lat' dir='ltr'>erat,</span> <span class='ocrx_word' id='word_1_112' title='bbox 713 3571 743 3618; x_wconf 91' lang='lat' dir='ltr'>et</span> <span class='ocrx_word' id='word_1_113' title='bbox 771 3559 868 3635; x_wconf 88' lang='lat' dir='ltr'>quod,</span> <span class='ocrx_word' id='word_1_114' title='bbox 896 3572 929 3618; x_wconf 93' lang='lat' dir='ltr'>ut</span> <span class='ocrx_word' id='word_1_115' title='bbox 951 3562 1076 3633; x_wconf 83' lang='lat' dir='ltr'>catalogi</span> <span class='ocrx_word' id='word_1_116' title='bbox 1107 3571 1210 3618; x_wconf 86' lang='lat' dir='ltr'>auctor</span> <span class='ocrx_word' id='word_1_117' title='bbox 1238 3559 1294 3633; x_wconf 88' lang='lat' dir='ltr'>jam</span> <span class='ocrx_word' id='word_1_118' title='bbox 1314 3559 1375 3616; x_wconf 91' lang='lat' dir='ltr'>ani-</span> 
     </span>
     <span class='ocr_line' id='line_1_14' title="bbox 204 3662 1375 3738; baseline -0.002 -17"><span class='ocrx_word' id='word_1_119' title='bbox 204 3663 415 3735; x_wconf 88' lang='lat' dir='ltr'>madverterat,</span> <span class='ocrx_word' id='word_1_120' title='bbox 436 3675 538 3722; x_wconf 88' lang='lat' dir='ltr'>notum</span> <span class='ocrx_word' id='word_1_121' title='bbox 565 3665 628 3738; x_wconf 80' lang='lat' dir='ltr'>ejus</span> <span class='ocrx_word' id='word_1_122' title='bbox 652 3665 737 3722; x_wconf 89' lang='lat' dir='ltr'>Mare</span> <span class='ocrx_word' id='word_1_123' title='bbox 754 3665 877 3721; x_wconf 90' lang='lat' dir='ltr'>liberum</span> <span class='ocrx_word' id='word_1_124' title='bbox 899 3663 983 3737; x_wconf 86' lang='lat' dir='ltr'>hujus</span> <span class='ocrx_word' id='word_1_125' title='bbox 1006 3664 1216 3722; x_wconf 89' lang='lat' dir='ltr'>Commentarii</span> <span class='ocrx_word' id='word_1_126' title='bbox 1237 3662 1375 3721; x_wconf 90' lang='lat' dir='ltr'>duodeci·</span> 
     </span>
     <span class='ocr_line' id='line_1_15' title="bbox 206 3767 1375 3842; baseline -0.003 -16"><span class='ocrx_word' id='word_1_127' title='bbox 206 3785 282 3834; x_wconf 87' lang='lat' dir='ltr'>mum</span> <span class='ocrx_word' id='word_1_128' title='bbox 302 3781 391 3842; x_wconf 89' lang='lat' dir='ltr'>caput</span> <span class='ocrx_word' id='word_1_129' title='bbox 409 3785 469 3826; x_wconf 87' lang='lat' dir='ltr'>esse</span> <span class='ocrx_word' id='word_1_130' title='bbox 490 3768 663 3841; x_wconf 87' lang='lat' dir='ltr'>apparebat,</span> <span class='ocrx_word' id='word_1_131' title='bbox 684 3779 714 3825; x_wconf 90' lang='lat' dir='ltr'>et</span> <span class='ocrx_word' id='word_1_132' title='bbox 740 3769 856 3840; x_wconf 88' lang='lat' dir='ltr'>insuper</span> <span class='ocrx_word' id='word_1_133' title='bbox 877 3769 945 3841; x_wconf 91' lang='lat' dir='ltr'>quia</span> <span class='ocrx_word' id='word_1_134' title='bbox 965 3768 1004 3824; x_wconf 93' lang='lat' dir='ltr'>ob</span> <span class='ocrx_word' id='word_1_135' title='bbox 1026 3769 1119 3840; x_wconf 90' lang='lat' dir='ltr'>ipsum</span> <span class='ocrx_word' id='word_1_136' title='bbox 1140 3768 1235 3840; x_wconf 90' lang='lat' dir='ltr'>operis</span> <span class='ocrx_word' id='word_1_137' title='bbox 1256 3767 1375 3825; x_wconf 92' lang='lat' dir='ltr'>titulum</span> 
     </span>
     <span class='ocr_line' id='line_1_16' title="bbox 205 3870 1376 3945; baseline 0 -17"><span class='ocrx_word' id='word_1_138' title='bbox 205 3873 235 3928; x_wconf 89' lang='lat' dir='ltr'>in</span> <span class='ocrx_word' id='word_1_139' title='bbox 268 3885 386 3944; x_wconf 88' lang='lat' dir='ltr'>promtu</span> <span class='ocrx_word' id='word_1_140' title='bbox 418 3884 480 3930; x_wconf 89' lang='lat' dir='ltr'>erat</span> <span class='ocrx_word' id='word_1_141' title='bbox 510 3871 665 3945; x_wconf 90' lang='lat' dir='ltr'>suspicari,</span> <span class='ocrx_word' id='word_1_142' title='bbox 696 3874 799 3930; x_wconf 87' lang='lat' dir='ltr'>multas</span> <span class='ocrx_word' id='word_1_143' title='bbox 831 3871 1012 3944; x_wconf 85' lang='lat' dir='ltr'>quaestiones</span> <span class='ocrx_word' id='word_1_144' title='bbox 1033 3870 1073 3928; x_wconf 92' lang='lat' dir='ltr'>ibi</span> <span class='ocrx_word' id='word_1_145' title='bbox 1096 3873 1231 3944; x_wconf 91' lang='lat' dir='ltr'>tractari,</span> <span class='ocrx_word' id='word_1_146' title='bbox 1251 3887 1326 3944; x_wconf 86' lang='lat' dir='ltr'>quaa</span> <span class='ocrx_word' id='word_1_147' title='bbox 1346 3882 1376 3928; x_wconf 93' lang='lat' dir='ltr'>et</span> 
     </span>
     <span class='ocr_line' id='line_1_17' title="bbox 206 3974 1052 4050; baseline 0 -18"><span class='ocrx_word' id='word_1_148' title='bbox 206 3977 235 4032; x_wconf 87' lang='lat' dir='ltr'>in</span> <span class='ocrx_word' id='word_1_149' title='bbox 258 3977 334 4034; x_wconf 91' lang='lat' dir='ltr'>libro</span> <span class='ocrx_word' id='word_1_150' title='bbox 353 3976 414 4050; x_wconf 84' lang='lat' dir='ltr'>ejus</span> <span class='ocrx_word' id='word_1_151' title='bbox 436 3974 472 4034; x_wconf 92' lang='lat' dir='ltr'>de</span> <span class='ocrx_word' id='word_1_152' title='bbox 492 3976 556 4048; x_wconf 86' lang='lat' dir='ltr'>jure</span> <span class='ocrx_word' id='word_1_153' title='bbox 577 3975 646 4032; x_wconf 87' lang='lat' dir='ltr'>belli</span> <span class='ocrx_word' id='word_1_154' title='bbox 667 3991 699 4034; x_wconf 90' lang='lat' dir='ltr'>ac</span> <span class='ocrx_word' id='word_1_155' title='bbox 721 3976 801 4049; x_wconf 87' lang='lat' dir='ltr'>pacis</span> <span class='ocrx_word' id='word_1_156' title='bbox 822 3976 1052 4048; x_wconf 87' lang='lat' dir='ltr'>explicarentur.</span> 
     </span>
    </p>

    <p class='ocr_par' dir='ltr' id='par_1_3' title="bbox 206 4077 1378 4567">
     <span class='ocr_line' id='line_1_18' title="bbox 246 4077 1376 4152; baseline -0.002 -16"><span class='ocrx_word' id='word_1_157' title='bbox 246 4081 284 4137; x_wconf 91' lang='lat' dir='ltr'>V.</span> <span class='ocrx_word' id='word_1_158' title='bbox 307 4081 355 4138; x_wconf 94' lang='lat' dir='ltr'>Cl.</span> <span class='ocrx_word' id='word_1_159' title='bbox 378 4081 406 4137; x_wconf 91' lang='lat' dir='ltr'>S.</span> <span class='ocrx_word' id='word_1_160' title='bbox 428 4079 623 4152; x_wconf 84' lang='lat' dir='ltr'>Visseringius</span> <span class='ocrx_word' id='word_1_161' title='bbox 654 4079 764 4152; x_wconf 88' lang='lat' dir='ltr'>primus</span> <span class='ocrx_word' id='word_1_162' title='bbox 796 4077 826 4136; x_wconf 90' lang='lat' dir='ltr'>id</span> <span class='ocrx_word' id='word_1_163' title='bbox 848 4079 889 4136; x_wconf 87' lang='lat' dir='ltr'>ita</span> <span class='ocrx_word' id='word_1_164' title='bbox 916 4095 945 4136; x_wconf 90' lang='lat' dir='ltr'>se</span> <span class='ocrx_word' id='word_1_165' title='bbox 973 4079 1076 4136; x_wconf 89' lang='lat' dir='ltr'>habere</span> <span class='ocrx_word' id='word_1_166' title='bbox 1103 4077 1255 4135; x_wconf 89' lang='lat' dir='ltr'>affirmavit</span> <span class='ocrx_word' id='word_1_167' title='bbox 1282 4078 1313 4134; x_wconf 91' lang='lat' dir='ltr'>in</span> <span class='ocrx_word' id='word_1_168' title='bbox 1342 4077 1376 4134; x_wconf 91' lang='lat' dir='ltr'>iis</span> 
     </span>
     <span class='ocr_line' id='line_1_19' title="bbox 209 4179 1377 4257; baseline -0.003 -16"><span class='ocrx_word' id='word_1_169' title='bbox 209 4199 281 4257; x_wconf 91' lang='lat' dir='ltr'>quae</span> <span class='ocrx_word' id='word_1_170' title='bbox 303 4181 339 4240; x_wconf 89' lang='lat' dir='ltr'>de</span> <span class='ocrx_word' id='word_1_171' title='bbox 361 4183 458 4240; x_wconf 91' lang='lat' dir='ltr'>Grotii</span> <span class='ocrx_word' id='word_1_172' title='bbox 481 4198 569 4256; x_wconf 90' lang='lat' dir='ltr'>opere</span> <span class='ocrx_word' id='word_1_173' title='bbox 590 4183 726 4255; x_wconf 85' lang='lat' dir='ltr'>exposuit</span> <span class='ocrx_word' id='word_1_174' title='bbox 748 4180 919 4240; x_wconf 88' lang='lat' dir='ltr'>Academiae</span> <span class='ocrx_word' id='word_1_175' title='bbox 940 4181 1050 4254; x_wconf 85' lang='lat' dir='ltr'>Regiae</span> <span class='ocrx_word' id='word_1_176' title='bbox 1074 4182 1263 4239; x_wconf 80' lang='lat' dir='ltr'>scientiarum</span> <span class='ocrx_word' id='word_1_177' title='bbox 1284 4179 1377 4238; x_wconf 91' lang='lat' dir='ltr'>Neer·</span> 
     </span>
     <span class='ocr_line' id='line_1_20' title="bbox 206 4282 1377 4363; baseline 0.001 -21"><span class='ocrx_word' id='word_1_178' title='bbox 206 4284 344 4345; x_wconf 83' lang='lat' dir='ltr'>laodicae.</span> <span class='ocrx_word' id='word_1_179' title='bbox 386 4283 482 4363; x_wconf 90' lang='lat' dir='ltr'>(Vide</span> <span class='ocrx_word' id='word_1_180' title='bbox 494 4287 651 4360; x_wconf 85' lang='lat' dir='ltr'>Verslagen</span> <span class='ocrx_word' id='word_1_181' title='bbox 674 4303 709 4344; x_wconf 87' lang='lat' dir='ltr'>err</span> <span class='ocrx_word' id='word_1_182' title='bbox 727 4284 978 4359; x_wconf 82' lang='lat' dir='ltr'>Mededeelingen.</span> <span class='ocrx_word' id='word_1_183' title='bbox 1001 4282 1377 4357; x_wconf 81' lang='lat' dir='ltr'>AfdeelingLetterkunde.</span> 
     </span>
     <span class='ocr_line' id='line_1_21' title="bbox 208 4387 1376 4467; baseline 0.003 -20"><span class='ocrx_word' id='word_1_184' title='bbox 208 4391 279 4447; x_wconf 90' lang='lat' dir='ltr'>Deel</span> <span class='ocrx_word' id='word_1_185' title='bbox 313 4390 366 4448; x_wconf 85' lang='lat' dir='ltr'>lx.</span> <span class='ocrx_word' id='word_1_186' title='bbox 393 4407 421 4463; x_wconf 86' lang='lat' dir='ltr'>p.</span> <span class='ocrx_word' id='word_1_187' title='bbox 455 4403 520 4463; x_wconf 86' lang='lat'>145.</span> <span class='ocrx_word' id='word_1_188' title='bbox 548 4387 654 4467; x_wconf 81' lang='lat' dir='ltr'>vlgg.).</span> <span class='ocrx_word' id='word_1_189' title='bbox 702 4391 727 4447; x_wconf 93' lang='lat' dir='ltr'>ls</span> <span class='ocrx_word' id='word_1_190' title='bbox 754 4402 847 4448; x_wconf 88' lang='lat' dir='ltr'>tamen</span> <span class='ocrx_word' id='word_1_191' title='bbox 870 4407 928 4447; x_wconf 91' lang='lat' dir='ltr'>non</span> <span class='ocrx_word' id='word_1_192' title='bbox 950 4401 1083 4448; x_wconf 88' lang='lat' dir='ltr'>constare</span> <span class='ocrx_word' id='word_1_193' title='bbox 1104 4390 1158 4446; x_wconf 94' lang='lat' dir='ltr'>sibi</span> <span class='ocrx_word' id='word_1_194' title='bbox 1179 4387 1321 4458; x_wconf 87' lang='lat' dir='ltr'>declarat,</span> <span class='ocrx_word' id='word_1_195' title='bbox 1340 4408 1376 4450; x_wconf 87' lang='lat' dir='ltr'>an</span> 
     </span>
     <span class='ocr_line' id='line_1_22' title="bbox 210 4493 1378 4567; baseline 0.002 -16"><span class='ocrx_word' id='word_1_196' title='bbox 210 4493 283 4552; x_wconf 91' lang='lat' dir='ltr'>liber</span> <span class='ocrx_word' id='word_1_197' title='bbox 308 4495 392 4554; x_wconf 87' lang='lat' dir='ltr'>etiam</span> <span class='ocrx_word' id='word_1_198' title='bbox 422 4511 501 4552; x_wconf 90' lang='lat' dir='ltr'>nunc</span> <span class='ocrx_word' id='word_1_199' title='bbox 529 4505 672 4553; x_wconf 86' lang='lat' dir='ltr'>mereatur</span> <span class='ocrx_word' id='word_1_200' title='bbox 693 4493 756 4552; x_wconf 92' lang='lat' dir='ltr'>edi:</span> <span class='ocrx_word' id='word_1_201' title='bbox 778 4511 850 4567; x_wconf 91' lang='lat' dir='ltr'>opus</span> <span class='ocrx_word' id='word_1_202' title='bbox 872 4494 948 4552; x_wconf 91' lang='lat' dir='ltr'>enim</span> <span class='ocrx_word' id='word_1_203' title='bbox 970 4494 1042 4566; x_wconf 88' lang='lat' dir='ltr'>sibi,</span> <span class='ocrx_word' id='word_1_204' title='bbox 1063 4505 1096 4552; x_wconf 87' lang='lat' dir='ltr'>ut</span> <span class='ocrx_word' id='word_1_205' title='bbox 1117 4504 1195 4553; x_wconf 89' lang='lat' dir='ltr'>recte</span> <span class='ocrx_word' id='word_1_206' title='bbox 1216 4495 1269 4552; x_wconf 91' lang='lat' dir='ltr'>hac</span> <span class='ocrx_word' id='word_1_207' title='bbox 1290 4493 1325 4553; x_wconf 91' lang='lat' dir='ltr'>de</span> <span class='ocrx_word' id='word_1_208' title='bbox 1347 4512 1378 4554; x_wconf 89' lang='lat' dir='ltr'>re</span> 
     </span>
    </p>
   </div>
   <div class='ocr_carea' id='block_1_3' title="bbox 0 0 1747 5434">
    <p class='ocr_par' dir='ltr' id='par_1_4' title="bbox 0 0 1747 5434">
     <span class='ocr_line' id='line_1_23' title="bbox 0 0 1747 5434; baseline 0 0"><span class='ocrx_word' id='word_1_209' title='bbox 0 0 1747 5434; x_wconf 95' lang='lat' dir='ltr'> </span> 
     </span>
    </p>
   </div>
  </div>
 </body>
</html>
