3450 5434
359 616 421 680 314
650 615 696 660 DE
720 613 815 679 JURE
841 613 1027 660 Pannona.
1052 614 1131 660 CAP.
1157 613 1232 659 XIV.

358 786 448 843 metu
482 770 645 836 tenebant.
700 769 803 834 Multi
827 788 887 834 nec
910 789 996 836 mare
1018 765 1169 854 ingredi,
1195 768 1257 834 nisi
1280 782 1366 834 emto
1390 769 1430 834 ab
1453 769 1534 852 ipsis

358 882 520 965 permissu
551 882 725 948 audebant.
772 877 888 964 Itaque
920 881 1036 947 caeteri
1068 899 1182 947 omnes
1206 897 1243 947 ut
1274 883 1372 966 longe
1394 881 1535 964 impares

358 1009 391 1060 et
411 994 501 1059 brevi
523 993 655 1060 illorum
677 994 804 1060 viribus
825 995 949 1061 cessuri
973 993 1249 1077 adspiciebantur.
1280 994 1330 1059 At
1345 992 1443 1058 simul
1464 991 1534 1058 irri-

357 1121 423 1173 tata
452 1105 648 1172 batavorum
676 1106 782 1172 virtus
806 1105 941 1171 emicuit
964 1107 1075 1188 etqui
1097 1117 1172 1172 ante
1196 1125 1268 1171 cum
1298 1123 1356 1171 sua
1378 1106 1534 1189 simplici-

357 1235 445 1301 tate,
478 1234 548 1283 tum
580 1217 726 1284 hostium
759 1218 844 1283 dolis
866 1217 1083 1283 circumventi
1104 1233 1194 1284 erant
1218 1227 1304 1283 arma
1325 1218 1422 1285 armis
1443 1209 1534 1302 obje-

357 1351 451 1411 cere,
486 1330 721 1396 Lusitanorum
756 1322 878 1413 pussim
911 1328 1012 1415 fuga,
1048 1331 1179 1410 clades,
1212 1331 1337 1396 deditio
1365 1337 1532 1413 spectata,

356 1443 433 1526 quis
453 1461 520 1509 non
544 1443 700 1508 Indorum
725 1433 920 1525 obstupuit,
946 1441 1021 1524 quis
1043 1457 1151 1507 autem
1176 1461 1242 1508 non
1263 1442 1442 1508 admiratus
1460 1458 1533 1522 est,

357 1570 486 1641 gentem
508 1557 606 1620 ullam
627 1574 697 1621 esse
721 1575 829 1638 quae,
860 1573 936 1620 cum
962 1554 1046 1619 nihil
1069 1573 1136 1620 non
1156 1568 1291 1637 posset,
1315 1555 1402 1620 vires
1426 1570 1532 1621 tamen

356 1687 431 1734 suas
453 1667 516 1734 nisi
540 1681 653 1733 coacta
674 1684 740 1732 non
765 1667 991 1750 experiretur?
1019 1663 1202 1732 Hollandos
1222 1666 1348 1747 ubique
1371 1665 1419 1732 illi
1442 1687 1533 1749 prae-

356 1780 463 1845 dicare
485 1778 682 1846 fortissimos
712 1778 885 1858 homines,
918 1777 1105 1844 defensores
1140 1778 1330 1859 sociorum,
1354 1779 1534 1846 domitores

356 1891 501 1957 hostium
512 1934 524 1972 ,
536 1891 625 1958 votis
635 1891 768 1974 insuper
780 1904 813 1955 et
831 1910 888 1973 spe
901 1905 989 1956 certa
1001 1889 1164 1957 destinare
1176 1904 1360 1956 servatores
1373 1889 1531 1956 Orientis.

356 2004 461 2087 Igitur
491 2020 642 2088 magnum
674 2002 757 2069 illud
787 2019 886 2084 atque
916 2001 1062 2068 terribile
1087 2002 1322 2068 Lusitanorum
1355 2019 1474 2068 nomen
1500 2004 1532 2068 in

358 2114 541 2180 Hollandos
573 2115 693 2195 cessit,
727 2129 819 2180 tanto
851 2114 1087 2180 celebrantium
1121 2130 1252 2195 amore,
1277 2127 1401 2197 quanto
1426 2115 1474 2180 illi
1497 2133 1532 2180 se

356 2227 434 2292 odio
464 2239 689 2292 oneraverant.
736 2226 906 2308 Inquirere
936 2245 1071 2306 omnes,
1095 2246 1180 2308 quae
1212 2241 1297 2292 terra
1320 2241 1385 2292 tam
1406 2226 1532 2307 fortes,

357 2353 524 2422 quaeram
546 2337 655 2422 justos
677 2334 827 2406 homines
848 2341 970 2420 aleret,
995 2353 1027 2404 et
1047 2357 1113 2421 qua
1132 2339 1300 2420 republica
1321 2349 1530 2424 regerentur:

357 2451 484 2516 mittere
514 2449 661 2515 certatim
683 2453 808 2536 legatos
828 2465 862 2516 et
883 2466 1016 2516 munera
1038 2448 1072 2516 ln
1092 2452 1181 2516 hunc
1205 2463 1311 2533 usque
1332 2452 1464 2517 orbem:
1487 2451 1532 2518 af·

356 2562 475 2628 sectare
499 2562 705 2629 societatem:
730 2580 823 2648 reges
846 2562 909 2646 ipsi
932 2563 1042 2628 nautis
1065 2565 1159 2629 velut
1182 2562 1393 2646 Principibus
1416 2579 1532 2630 occur-

356 2692 443 2742 rere:
476 2675 687 2759 vectigalium
712 2687 744 2740 et
766 2675 989 2757 decimarum,
1014 2691 1097 2757 quas
1129 2690 1272 2740 caeterae
1304 2676 1452 2758 pendunt
1477 2692 1533 2741 na-

356 2787 487 2867 tiones,
527 2786 636 2871 largiri
675 2787 933 2852 immunitatem:
973 2781 1057 2853 nihil
1097 2787 1239 2869 denique
1280 2787 1430 2853 omittere
1465 2807 1532 2871 quo

300 2948 304 2953 .
356 2897 523 2981 favorem,
555 2899 622 2965 imo
643 2899 856 2965 reverentiam
877 2912 1086 2966 testarentur.
1134 2899 1179 2964 Et
1203 2913 1241 2964 ut
1264 2899 1377 2966 Asiam
1402 2902 1533 2966 omitta-

357 3029 449 3089 mus,
474 3011 608 3094 Europa
633 3011 739 3078 omnis
763 3012 845 3094 quid
868 3012 928 3076 hac
953 3003 992 3076 de
1016 3025 1050 3076 te
1073 3010 1192 3078 sentiat
1209 3005 1340 3076 minime
1353 3013 1531 3079 obscurum

357 3138 427 3203 est,
458 3141 533 3187 cum
565 3122 735 3188 videamus
767 3122 935 3205 Principes
968 3123 1128 3188 maximos
1160 3122 1257 3188 missa
1290 3123 1352 3188 sibi
1387 3125 1429 3190 de
1452 3125 1532 3190 istac

355 3234 473 3316 praeda
502 3247 639 3299 munera
670 3234 819 3318 excipere
852 3233 1130 3318 gratulabundos:
1165 3255 1204 3299 ex
1236 3235 1391 3300 omnibus
1423 3250 1531 3302 autem

356 3343 489 3428 populis
510 3344 734 3410 incredibilem
754 3347 883 3411 turbam
903 3346 944 3410 ad
963 3346 1179 3412 coemtionem
1199 3362 1402 3413 concurrere.
1431 3348 1532 3414 Domi

357 3466 464 3521 autem
488 3455 551 3538 ipsi
575 3450 771 3522 Hollandiae
793 3457 937 3523 Ordines
959 3457 1081 3523 decreti
1094 3458 1145 3525 sui
1159 3459 1269 3525 verbis
1279 3459 1531 3543 significarunt,

357 3566 461 3633 videri
484 3566 547 3634 sibi
572 3567 694 3652 gloriae
718 3569 841 3634 eahae
866 3586 899 3633 re
911 3570 1090 3651 plurimum
1104 3571 1143 3635 ad
1155 3588 1283 3636 omnem
1297 3557 1530 3655 rempublicam

355 3679 548 3746 redundare.
573 3679 674 3746 Cives
694 3681 766 3745 Deo
786 3680 905 3765 gratias
925 3693 1044 3765 agunt,
1070 3683 1213 3765 gaudent
1232 3683 1390 3768 obtigisse
1409 3685 1532 3767 patriae

357 3805 421 3857 tant
454 3792 614 3877 insignem
647 3792 868 3875 triumphum:
903 3791 998 3858 etlam
1032 3793 1089 3875 qui
1123 3793 1155 3859 in
1189 3797 1255 3860 ulla
1284 3811 1374 3878 parte
1398 3794 1532 3862 fuerunt

357 3904 454 3969 istius
487 3904 645 3970 victoriae
679 3917 717 3969 ut
750 3904 873 3987 optime
907 3905 1013 3970 meriti
1049 3908 1204 3972 coluntur
1237 3908 1276 3972 ab
1311 3907 1466 3974 omnibus
1500 3919 1533 3974 et

356 4015 594 4099 suspiciuntur.
634 4015 728 4104 Quid
749 4030 849 4082 restat
872 4016 1007 4102 igiturl·
1031 4017 1214 4084 Laudabile
1234 4033 1283 4084 est
1301 4019 1451 4101 laudari,
1475 4021 1533 4086 sed

358 4143 396 4193 ut
418 4128 473 4193 ille
496 4127 648 4208 dicebat,
672 4147 691 4192 a
713 4129 853 4194 laudatis
875 4127 976 4195 viris:
1001 4148 1074 4195 nam
1096 4131 1230 4195 caeteris
1251 4129 1319 4195 fere
1340 4149 1408 4214 quo
1428 4133 1531 4217 magis

358 4240 498 4323 quisque
522 4238 717 4323 displicuit,
740 4241 804 4305 hoc
827 4241 944 4306 melior
967 4256 1025 4308 est.
1051 4242 1125 4327 Ego
1149 4262 1250 4325 vero,
1275 4243 1302 4310 si
1327 4243 1385 4325 qui
1409 4246 1530 4310 scelera

357 4351 591 4417 Lusitanorum
631 4350 815 4418 etiamnunc
855 4340 960 4418 foueri
999 4356 1119 4421 volunt
1156 4353 1373 4437 impunitate,
1408 4355 1437 4421 si
1471 4355 1530 4438 qui

357 4461 607 4529 immanissimos
630 4465 780 4531 homines
801 4483 842 4530 ne
861 4464 1022 4532 bonorum
1043 4465 1177 4548 quidem
1197 4465 1380 4534 ademtione
1399 4467 1529 4551 reprimi
