3450 5434
479 647 526 693 DE
549 649 643 714 June
669 648 856 697 PRAEDAE.
882 650 965 697 elle.
990 650 1058 698 ΧΠ.
1273 654 1352 715 -241

175 817 305 869 cuatur
332 804 480 889 flumen,
515 823 578 867 aon
610 808 662 869 ita
693 809 731 868 in
754 808 869 870 mari:
893 826 970 892 ergo
994 810 1029 869 iu
1054 819 1197 891 utroque
1220 828 1283 871 nou
1307 822 1355 872 est

170 930 243 1001 par
263 919 363 980 ratio.
399 916 472 979 Nec
491 914 540 980 ad
558 936 626 981 rem
643 920 821 1002 pertinet,
842 918 932 1002 quod
951 932 1055 1004 supra
1076 918 1248 999 diximus,
1269 941 1353 983 eom·

175 1048 305 1091 munem
338 1048 403 1092 esse
433 1048 527 1092 usum
563 1049 756 1112 aquarum,
782 1029 933 1114 fontium
967 1034 1067 1095 etiam
1101 1045 1132 1095 et
1160 1031 1351 1115 fluminum.

177 1139 271 1204 Nam
301 1139 512 1226 intelligitur
535 1141 647 1225 quoad
667 1140 840 1207 bibendum
864 1156 896 1206 et
920 1142 1047 1206 similia
1061 1189 1083 1223 r.
1097 1162 1183 1227 quae
1200 1144 1351 1227 fluminis

176 1249 358 1315 dominium
389 1265 450 1315 uut
472 1252 534 1336 jus
564 1252 702 1316 habenti
730 1253 784 1319 uel
802 1256 936 1318 minime
958 1253 1013 1320 uel
1033 1253 1195 1321 levissime
1213 1267 1351 1319 nocent:

177 1366 317 1427 minima
340 1366 425 1427 enim
446 1363 768 1428 itt-consideratione
790 1387 854 1428 aon
876 1379 953 1429 suat
975 1372 996 1431 ¹.
1042 1364 1111 1429 Pro
1136 1370 1259 1430 nostris
1282 1387 1352 1430 sen·

177 1480 293 1540 tentiis
320 1480 434 1556 facit,
463 1480 545 1561 quia
568 1479 688 1561 iniqua
711 1476 803 1540 nullo
827 1490 970 1562 tempore
986 1477 1296 1562 praescribuntur,
1320 1491 1351 1541 et

178 1586 250 1651 ileo
273 1587 328 1652 lex
346 1591 466 1673 iniqua
487 1586 579 1652 nullo
599 1602 742 1674 tempore
755 1588 1009 1674 praescribitur
1027 1602 1088 1654 aut
1098 1586 1317 1674 justificatur
1329 1595 1351 1659 ¹.

179 1698 286 1764 Mox:
311 1700 360 1763 Et
383 1714 568 1785 quaesunt
592 1699 953 1785 impraescriptibilia,
978 1721 1018 1764 ex
1040 1700 1120 1786 legis
1142 1700 1373 1786 dispositione

178 1826 317 1897 nuper
339 1810 431 1876 mille
459 1831 561 1875 aanor
587 1811 867 1896 praescribentur
890 1813 925 1875 ¹:
954 1811 1043 1893 quod
1067 1810 1248 1877 innumeris
1271 1811 1350 1877 doc-

178 1938 287 1987 torum
319 1920 518 1988 testimoniis
541 1919 649 1987 fulcit.
695 1921 805 1986 Nemo
826 1922 892 2005 jam
922 1941 988 1988 non
1012 1922 1104 1988 videt
1127 1924 1167 1988 ad
1188 1943 1283 1989 usum
1307 1922 1352 1991 rei

178 2034 362 2101 communis
392 2033 664 2117 intercipiendum
688 2034 811 2100 nullam
835 2033 1005 2115 quantivis
1028 2035 1184 2118 temporis
1215 2054 1353 2118 usurpa-

178 2145 302 2211 tionem
335 2145 511 2228 prodesse:
547 2146 603 2211 cui
634 2146 878 2231 adjungendum
912 2160 984 2225 est,
1018 2146 1113 2211 etiam
1147 2167 1259 2212 eorum
1292 2146 1351 2228 qui

179 2258 378 2325 dissentiunt
393 2257 618 2324 auctoritatem
642 2257 721 2323 huic
749 2257 935 2340 quaestioni
958 2278 1025 2323 non
1048 2277 1145 2341 posse
1169 2278 1352 2325 accommo-

179 2370 260 2435 dari.
308 2371 360 2435 Illi
393 2370 478 2435 enim
502 2370 542 2435 de
564 2368 802 2435 mediterraneo
825 2372 1035 2451 loquuntur,
1060 2389 1121 2435 nos
1145 2371 1184 2437 de
1208 2390 1351 2437 oceano:

179 2481 228 2547 illi
248 2482 288 2547 de
321 2482 414 2563 sinu,
439 2501 501 2547 nos
524 2483 563 2548 de
587 2480 745 2547 immenso
768 2481 872 2561 mari,
896 2502 980 2563 quae
1004 2481 1037 2547 in
1061 2482 1186 2548 ratione
1210 2503 1353 2566 occupa·

180 2592 282 2658 tionis
312 2592 490 2675 plurimum
523 2591 691 2657 differunt.
747 2593 793 2657 Et
825 2592 949 2675 quibus
980 2592 1028 2657 illi
1061 2593 1233 2679 indulgent
1262 2616 1354 2677 prae-

179 2703 414 2786 scriptionem,
437 2704 472 2769 hi
503 2703 615 2769 littora
644 2703 725 2769 mari
748 2703 904 2770 continua
926 2703 1098 2786 possident
1117 2719 1155 2770 ut
1175 2705 1297 2771 Veneti
1322 2720 1354 2771 et

173 2817 379 2902 Januenses,
403 2814 413 2849 ⁴
435 2816 527 2898 quod
551 2816 591 2881 de
612 2815 783 2881 Lusitanis
806 2815 871 2881 dici
895 2835 962 2881 non
994 2833 1091 2899 posse
1114 2816 1212 2881 modo
1233 2817 1352 2900 patuit.

177 2930 249 2994 Imo
280 2928 362 2995 etsi
384 2929 538 3012 prodesse
559 2942 670 3011 posset
690 2942 843 3011 tempus,
876 2943 914 2992 ut
935 2945 1032 3010 posse
1055 2928 1189 3010 quidam
1213 2943 1352 3012 putant,

178 3042 212 3107 in
236 3041 380 3123 publicis
412 3043 497 3123 quae
530 3056 611 3107 sunt
645 3040 782 3124 populi,
817 3054 924 3105 tamen
948 3058 1015 3105 non
1039 3060 1075 3105 ea
1098 3040 1238 3122 adsunt,
1268 3061 1353 3123 quae

177 3151 361 3220 necessario
392 3152 615 3235 requiruntur.
671 3151 816 3217 Primum
849 3151 935 3217 enim
972 3152 1092 3218 docent
1125 3172 1238 3219 omnes
1267 3152 1353 3218 desi-

180 3265 306 3346 derari,
338 3280 375 3330 ut
408 3264 436 3329 is
470 3264 529 3347 qui
561 3262 753 3347 praescribit
786 3264 977 3348 hujusmodi
1001 3279 1130 3347 actum,
1164 3285 1237 3331 eum
1262 3285 1354 3331 exer·

180 3377 287 3444 cuerit
308 3395 374 3444 non
396 3379 497 3461 longo
519 3376 676 3442 duntaxat
688 3393 855 3460 tempore,
881 3376 938 3441 sed
949 3376 1135 3443 memoriam
1150 3376 1352 3462 egrediente:

86 3556 97 3571 ,
180 3490 450 3556 deindeuttanto
471 3501 617 3572 tempore
638 3489 786 3554 eumdem
808 3502 917 3555 actum
939 3508 1035 3555 nemo
1056 3488 1139 3556 alius
1151 3489 1352 3569 exercuerit,

179 3602 244 3669 nisi
268 3602 479 3668 concessione
503 3601 594 3666 illius
616 3602 671 3666 vel
694 3599 916 3666 clandestine:
944 3617 1110 3684 praeterea
1138 3617 1175 3667 ut
1198 3602 1280 3667 alios
1303 3600 1353 3667 uti

180 3716 332 3781 volentes
353 3712 584 3798 prohibuerit,
609 3711 790 3779 scientibus
814 3711 949 3793 quidem
973 3727 1006 3776 et
1025 3711 1228 3795 patientibus
1252 3713 1292 3779 iis
1313 3713 1354 3779 ad

179 3846 267 3909 quos
288 3846 325 3891 ea
348 3845 399 3891 res
421 3826 622 3909 pertinebat:
647 3845 720 3891 nam
744 3823 806 3891 etsi
829 3822 1032 3889 exercuisset
1052 3843 1179 3906 semper
1201 3839 1234 3891 et
1253 3844 1355 3907 quos·

245 3986 249 3989 -
269 3984 380 3992 ——·—-

216 4065 224 4099 ¹
242 4069 259 4115 l.
276 4066 341 4117 scio.
356 4066 382 4115 ll'.
397 4068 429 4115 de
446 4063 566 4114 minor-lb.
586 4062 630 4127 [D.
645 4076 670 4123 4.
689 4076 711 4111 r.
725 4060 761 4126 4.]
777 4063 855 4122 Vasq.
873 4063 891 4109 l.
913 4074 935 4110 1.
952 4063 984 4110 de
1001 4074 1055 4111 suc.
1073 4074 1140 4109 reso.
1159 4074 1182 4110 c.
1201 4073 1226 4119 7.
1253 4058 1264 4092 ¹
1281 4058 1353 4109 Balb.

180 4161 213 4208 de
230 4171 380 4221 praesens.
397 4172 423 4218 q.
440 4155 522 4218 princ.
540 4156 608 4215 inq.
630 4168 667 4203 ιι.
684 4153 754 4202 illius
772 4165 795 4209 5.
804 4164 900 4213 quaest.
918 4152 1001 4215 princ.
1022 4154 1067 4201 Gr.
1078 4153 1105 4201 in
1122 4166 1144 4201 c.
1160 4152 1227 4200 inter
1245 4162 1353 4201 caetera.

182 4252 271 4312 [Decr.
287 4250 356 4298 Grac.
375 4263 400 4308 p.
419 4262 442 4298 2.
461 4261 500 4296 10.
517 4259 540 4304 3.
559 4247 596 4308 3.]
611 4248 689 4306 Alph.
706 4248 738 4294 de
753 4246 861 4303 Castro,
876 4246 907 4294 cle
925 4256 1019 4306 potest.
1035 4247 1083 4305 leg.
1102 4256 1179 4305 poen.
1197 4244 1215 4291 l.
1231 4257 1255 4292 o.
1271 4257 1295 4292 c.
1316 4256 1354 4305 ¹4·

180 4340 279 4391 ’balb
304 4342 331 4389 in
349 4340 392 4389 fin.
416 4352 442 4389 et
467 4340 504 4387 lbi
528 4341 593 4399 Ang.
614 4338 641 4386 in
665 4340 682 4385 l.
707 4349 803 4385 ornnes.
822 4338 852 4384 C.
871 4337 902 4384 de
921 4349 1031 4396 praescr.
1046 4336 1103 4397 trig.
1119 4348 1249 4383 annornm.
1269 4332 1314 4397 [C.
1331 4347 1355 4393 7.

182 4448 223 4497 39.
240 4432 278 4497 4.]
313 4432 325 4463 ⁴
342 4448 368 4482 v.
390 4435 455 4494 Aug.
475 4432 502 4480 in
521 4433 546 4480 d.
567 4430 589 4491 ς.
614 4430 732 4477 littorum
750 4440 863 4488 qnoque.
883 4427 944 4477 lnst.
963 4428 994 4476 de
1012 4440 1061 4475 rer.
1078 4427 1130 4477 div.
1148 4426 1181 4489 [Ι.
1200 4440 1223 4475 2.
1242 4440 1263 4475 ι.
1281 4429 1303 4485 5.
1320 4419 1355 4488 εἴ]

181 4537 207 4574 et
225 4526 290 4574 alios
305 4538 382 4586 supra
397 4526 470 4583 alleg.

1167 4614 1206 4673 16
