3450 5434
347 598 409 641 200
658 600 704 645 DF.
727 599 820 665 June
847 598 1030 645 Pannona.
1056 600 1136 646 cnl‘.
1162 600 1211 645 x1.

347 748 485 816 dimittit
515 753 682 835 donatque
712 753 810 819 armis
832 769 866 818 et
887 766 1091 833 commeatu,
1123 772 1165 819 ne
1185 750 1378 818 beneficium
1399 752 1468 818 ulla
1486 750 1521 816 in

347 875 437 943 parte
459 862 665 929 claudicaret.
712 864 795 947 Spes
819 878 886 931 erat
909 863 1060 946 quamvis
1081 862 1170 931 feros
1194 864 1320 930 animos
1342 880 1441 946 posse
1464 859 1525 927 tali

348 975 496 1055 exemplo
516 975 677 1041 emendari
705 974 894 1057 mollirique
929 991 962 1041 et
991 974 1105 1041 induci
1129 974 1298 1055 vicissim,
1323 976 1414 1039 utin
1439 974 1524 1038 Am·

348 1083 508 1149 bonenses
537 1085 729 1152 clementius
758 1088 989 1166 consulerent,
1023 1105 1099 1151 cum
1127 1085 1271 1152 victores
1299 1084 1412 1151 Batavi
1441 1082 1525 1166 ipsis

347 1206 412 1259 tam
431 1196 608 1260 clementer
633 1211 858 1279 temperarent.
905 1197 971 1262 Sed
999 1196 1092 1262 aliter
1110 1196 1252 1276 cecidit,
1276 1210 1309 1260 et
1327 1198 1403 1278 plus
1423 1214 1524 1275 quarn

347 1304 445 1386 periit
475 1306 538 1370 lroc
571 1306 765 1373 beneficium
796 1308 884 1389 apud
914 1306 1064 1373 homines
1088 1306 1337 1388 iniquissimos,
1361 1306 1420 1388 qui
1445 1304 1525 1372 sim-

346 1415 525 1499 plicitatem
557 1418 730 1484 stultitiam
766 1432 798 1483 et
822 1417 1014 1484 modestiam
1039 1418 1250 1485 timiditatem
1271 1432 1401 1483 vocant.
1426 1416 1526 1481 Prae·

346 1542 493 1609 terquam
513 1528 616 1613 igitur
634 1529 727 1611 quod
745 1528 829 1594 nihil
841 1528 1049 1611 impetratum
1062 1542 1134 1611 est,
1159 1529 1223 1595 hoc
1236 1528 1333 1594 etiam
1347 1526 1524 1593 audentius

347 1640 468 1703 scelera
485 1640 779 1719 continuaverunt,
796 1640 890 1721 quod
907 1638 990 1705 nihil
1010 1658 1045 1705 se
1064 1658 1131 1706 non
1152 1639 1284 1722 impune
1302 1642 1428 1705 laturos
1447 1652 1526 1722 post

347 1764 472 1815 tantum
505 1750 748 1818 misericordiae
783 1750 949 1834 specimen
984 1750 1198 1818 confiderent.
1246 1751 1313 1816 Sed
1346 1764 1523 1833 postquam

201 1871 271 1915 Arno
285 1869 334 1917 ood-
347 1860 380 1926 in
415 1861 569 1927 Ambona
600 1862 665 1946 jam
698 1876 731 1926 et
760 1861 946 1944 rapinarum
980 1877 1013 1927 et
1045 1859 1248 1927 crudelitatis
1280 1858 1415 1925 materia
1447 1859 1524 1925 illos

346 1970 486 2037 deficere
515 1986 689 2055 coeperat,
722 1988 846 2055 septem
880 1992 953 2039 cum
987 1972 1127 2037 navibus
1162 1971 1288 2037 bellicis
1322 1987 1356 2037 et
1385 1970 1527 2056 galeatis

346 2095 489 2162 quatuor
512 2096 545 2146 et
566 2082 735 2150 caracollis
758 2083 887 2165 aliquot
910 2083 950 2148 ad
973 2083 1126 2150 Maciana
1149 2096 1312 2168 pergunt,
1326 2100 1423 2148 unam
1445 2082 1526 2147 Mo-

345 2194 523 2257 luccarum.
547 2193 701 2258 saevitur
719 2193 753 2259 in
772 2194 921 2261 homines
939 2193 1153 2273 cruciatibus,
1178 2193 1211 2261 in
1231 2212 1325 2279 agros
1344 2192 1523 2271 vastitate,

347 2301 382 2366 in
394 2301 489 2367 aedes
500 2301 671 2370 incendiis.
694 2304 784 2370 Urbs
796 2305 915 2385 etiam,
929 2305 1054 2371 insulae
1067 2319 1185 2387 caput,
1200 2304 1355 2371 Tabosos
1366 2304 1525 2386 nomine,

348 2411 600 2479 incendentibus
629 2414 799 2482 Lusitanis
819 2416 905 2480 sedit
928 2416 962 2481 in
984 2416 1122 2481 cineres.
1169 2416 1232 2481 Est
1254 2432 1362 2482 autem
1387 2415 1524 2483 Macian

349 2543 423 2590 cum
455 2523 681 2609 adjacentibus
712 2525 829 2592 insulis
853 2525 886 2590 in
909 2525 1036 2591 ditione
1059 2526 1144 2611 regis
1169 2525 1402 2607 Tematensis,
1426 2527 1526 2610 cujus
1614 2579 1631 2600 .,

350 2654 389 2699 eo
420 2648 566 2718 tempore
597 2636 737 2718 plurima
766 2636 800 2700 in
831 2650 961 2721 gentem
993 2638 1190 2704 Batavorum
1222 2636 1380 2703 beneficia
1412 2653 1525 2703 erant:

350 2765 435 2826 quae
467 2764 563 2813 causa
585 2746 756 2815 Lusitanis
787 2746 852 2813 irae
885 2746 1069 2829 incolisque
1099 2747 1245 2815 miseriae
1255 2745 1356 2839 &fuit
1408 2749 1526 2830 Atque

350 2856 430 2921 adeo
443 2872 521 2924 tunc
534 2857 630 2925 etiam
651 2880 669 2924 e
687 2862 789 2925 classe
800 2857 999 2941 Wolphardi
1010 2856 1104 2923 navis
1114 2878 1178 2924 una
1189 2905 1202 2939 ,
1213 2856 1345 2923 minima
1355 2859 1525 2937 omnium,

351 2966 542 3051 Traiectum
569 2969 722 3050 nomine,
754 2989 828 3034 cum
856 2970 966 3034 celoce
994 2968 1184 3053 negotiandi
1214 2988 1309 3035 causa
1331 2970 1419 3052 apud
1441 2969 1527 3035 Tec-

351 3093 457 3143 natam
490 3079 686 3145 morabatur.
732 3079 981 3159 Maciarrenses,
1015 3094 1053 3144 ut
1076 3079 1136 3160 qui
1160 3076 1372 3145 defendendis
1392 3079 1527 3147 civibus

351 3205 567 3274 comparatam
579 3188 802 3256 meminissent
813 3189 936 3273 regiam
949 3188 1155 3275 dignitatern,
1179 3190 1318 3256 veniunt
1328 3189 1525 3271 Tematam,

350 3302 472 3369 adeunt
488 3301 673 3384 Principem
693 3320 812 3380 suum,
835 3302 1066 3366 obsecrantur
1086 3316 1212 3384 ereptas
1237 3300 1329 3367 sedes
1349 3302 1526 3383 restituat,

351 3428 409 3481 aut
439 3412 546 3477 tutius
580 3412 716 3493 aliquod
749 3411 877 3479 miseris
910 3412 1098 3497 perfugium
1134 3412 1300 3497 largiatur.
1347 3414 1421 3479 Rex
1455 3414 1526 3481 suis

352 3523 500 3590 subsidio
519 3521 684 3605 profectus
696 3523 837 3589 Batavos
856 3522 968 3601 etiam,
990 3543 1187 3605 quamquam
1207 3544 1319 3607 parurn
1337 3522 1371 3590 iu
1382 3525 1526 3592 navibus

351 3634 409 3702 vix
442 3634 570 3701 duabus
605 3636 762 3702 adversus
795 3649 899 3702 totam
935 3636 1069 3700 classem
1103 3634 1217 3701 auxilii
1252 3650 1344 3716 erat,
1387 3651 1426 3702 ut
1460 3636 1525 3704 sibi

350 3747 501 3813 adessent
526 3761 648 3811 exorat.
693 3744 792 3811 Vecti
823 3744 961 3851 propius
992 3744 1106 3811 vident
1137 3746 1352 3813 miserabilem
1384 3746 1524 3814 insulam

350 3860 512 3925 lucentem
527 3855 709 3937 incendiis,
722 3872 756 3922 et
773 3876 850 3923 mox
870 3856 1025 3923 acerrimo
1047 3877 1121 3923 curn
1135 3857 1259 3940 impetu
1282 3870 1415 3923 ruentes
1433 3858 1468 3924 in
1490 3879 1525 3925 se
1594 3874 1603 3891 ·

350 3967 541 4035 Lusitanos.
588 3967 770 4034 Creverant
790 3967 875 4033 eninr
897 3966 962 4033 illis
984 3966 1097 4050 animi,
1121 3968 1198 4050 quia
1220 3988 1293 4034 cum
1317 3968 1411 4035 Indis
1435 3989 1526 4036 com-

350 4080 467 4146 missos
495 4100 530 4145 se
560 4078 739 4158 videbant,
773 4098 915 4160 quorum
943 4094 1099 4146 centenos
1131 4079 1188 4145 vix
1218 4073 1366 4165 singulis
1388 4098 1526 4146 suorum

350 4193 457 4257 solent
477 4209 682 4273 componere.
717 4189 838 4255 Partim
860 4202 968 4255 tamen
991 4190 1190 4256 Batavorum
1212 4188 1381 4270 consiliis,
1407 4191 1527 4273 partim

351 4302 482 4369 illorum
511 4301 758 4387 indignatione,
790 4300 848 4384 qui
882 4314 986 4368 tantas
1021 4302 1155 4386 injurias
1178 4315 1368 4385 acceperant
1391 4317 1424 4367 et
1448 4302 1527 4383 quia

350 4414 438 4480 vinci
462 4433 557 4497 posse
580 4413 759 4481 Lusitanos
787 4410 982 4479 batavorum
1014 4412 1144 4481 fortuna
1172 4414 1236 4497 jam
1263 4413 1358 4481 lidetn
1383 4410 1525 4492 fecerat,
