3450 5434
221 2956 329 3000 claratir.

356 632 415 694 124
665 629 713 677 na
736 630 829 696 Juur.
855 630 1039 677 aroenae.
1056 631 1143 691 cau.
1170 630 1219 676 rx.

352 800 389 849 at
412 789 441 848 si
463 787 538 869 quis
561 802 673 847 amore
688 786 785 868 pacis
807 782 927 847 bellum
951 782 1147 867 reformidet
1168 802 1239 847 eum
1263 800 1326 846 noa
1348 795 1451 847 extra
1466 794 1525 866 pa·

352 896 496 961 rieulum
510 894 614 979 fore:
647 892 740 975 quod
772 907 805 957 et
830 892 948 958 clarius
980 893 1122 975 explicat
1144 912 1217 958 cunr
1238 891 1342 974 dicit,
1365 912 1430 957 esse
1449 895 1525 977 qui-

351 1004 423 1071 dem
445 1004 663 1071 modestorum
684 1004 851 1068 loomiaum
873 1006 1060 1089 quiescere,
1092 1006 1159 1068 nisi
1177 1006 1310 1089 injuria
1332 1002 1524 1068 lacessitos:

351 1115 408 1180 sed
427 1130 459 1181 et
472 1116 647 1200 fortium,
671 1114 729 1179 ubi
749 1116 883 1198 injuria
904 1114 1120 1199 afficiantur,
1127 1128 1243 1199 pacem
1261 1135 1334 1179 cum
1346 1114 1428 1179 bello
1439 1134 1524 1178 com·

351 1239 484 1291 mutare
494 1246 508 1290 .·
520 1245 721 1309 rursumque
742 1245 780 1289 re
802 1225 880 1289 beae
896 1237 1010 1311 gesta,
1024 1225 1082 1289 ubi
1103 1226 1224 1290 tulerit
1247 1223 1526 1311 occasio,deposi·

350 1339 394 1401 tis
428 1339 535 1401 armis
566 1335 678 1400 redire
708 1338 746 1399 ia
770 1338 938 1421 gratiam.
994 1334 1137 1420 Neque,
1172 1336 1242 1418 ait,
1273 1349 1336 1399 aut
1363 1334 1524 1400 bellorum

350 1467 497 1512 successu
528 1444 647 1511 extolli
675 1465 870 1532 quemquam
894 1458 1046 1529 oportet,
1070 1458 1132 1511 aut
1147 1449 1242 1532 pacis
1263 1450 1328 1511 otio
1346 1444 1524 1510 delinitum

349 1556 581 1625 coutumeliam
598 1560 692 1642 pati.
741 1553 809 1639 Qui
831 1559 916 1621 emim
937 1557 973 1620 ob
988 1560 1084 1641 pacis
1102 1556 1304 1642 uoluptatem
1326 1577 1348 1619 a
1366 1556 1445 1621 belli
1465 1576 1525 1620 ra-

350 1670 439 1732 tione
459 1668 641 1747 abhorret,
663 1670 692 1731 is
713 1669 744 1730 si
761 1665 928 1748 desideat,
953 1686 1052 1752 quam
1071 1666 1244 1732 celerrime
1254 1665 1525 1753 tranquillitatis

350 1780 418 1842 ista
436 1776 654 1843 delectatione
678 1775 903 1862 spoliabitur,
928 1796 996 1861 qua
1015 1789 1132 1862 captus
1164 1776 1211 1843 ud
1237 1796 1336 1841 arma
1366 1774 1525 1841 sumenda

350 1890 483 1973 segnior
493 1887 580 1971 fait.
626 1886 717 1953 Haec
737 1885 803 1953 ille.
846 1886 998 1970 Aquinas
1020 1887 1029 1921 ¹
1049 1887 1143 1951 etiam
1159 1891 1236 1973 geri
1254 1886 1385 1971 quidem
1404 1886 1524 1951 bellum

352 1996 433 2062 dicit
445 2000 541 2082 pacis
557 2000 702 2083 gratia,
720 1995 778 2062 sed
795 1996 898 2063 bonae
919 2018 983 2061 aon
1004 1996 1124 2063 malae.
1150 1998 1231 2063 Esse
1251 2000 1336 2063 enim
1356 2011 1388 2063 et
1409 2016 1526 2083 quam·

351 2106 429 2173 dam
452 2121 592 2193 pacem,
611 2127 714 2192 quam
747 2108 900 2173 Christus
922 2128 954 2172 se
976 2121 1076 2193 negat
1105 2112 1142 2173 io
1173 2108 1331 2175 mundum
1356 2108 1523 2175 attulisse.

352 2216 399 2283 Et
428 2217 484 2284 alii
514 2218 556 2283 ab
578 2237 617 2283 eo
646 2218 793 2302 theologi
814 2212 826 2249 ²
848 2216 947 2283 finem
967 2217 1043 2284 belli
1065 2238 1135 2285 esse
1158 2218 1273 2285 dicunt
1292 2238 1442 2285 amovere
1463 2238 1525 2300 ea,

352 2347 437 2410 quae
464 2346 576 2412 pacem
604 2328 809 2411 perturbant.
853 2328 968 2394 Pacem
992 2344 1100 2395 autem
1123 2329 1328 2412 perturbari,
1352 2349 1427 2396 cum
1447 2329 1527 2411 quis

351 2438 473 2523 injuste
503 2439 734 2523 impugnatur,
757 2457 833 2503 cum
861 2458 957 2503 suum
981 2438 1077 2504 alicui
1107 2438 1256 2506 aufertur
1283 2454 1342 2507 aut
1371 2441 1524 2507 damnum

351 2546 515 2631 infertur,
539 2562 572 2615 et
593 2568 669 2615 cum
687 2546 816 2634 justitia
837 2548 912 2616 sive
932 2563 1019 2614 certa
1040 2550 1406 2635 punitio.denegatur³.
1429 2552 1526 2639 Quae

352 2658 484 2742 quidem
506 2659 636 2745 singula
664 2659 705 2725 ad
732 2658 884 2726 amussim
918 2660 1121 2725 conveniunt
1139 2660 1191 2727 his
1214 2662 1321 2729 causis
1342 2662 1526 2745 exquibus

352 2770 473 2836 bellum
505 2767 583 2835 oriri
615 2769 769 2838 diximus.
814 2768 882 2835 Pax
904 2769 1006 2855 igitur
1026 2770 1159 2837 bellanti
1182 2773 1351 2856 proposita
1372 2774 1456 2841 nihil
1476 2786 1527 2839 est

221 2898 291 2946 mosa
303 2900 340 2945 ca
352 2880 443 2947 aliud
461 2900 560 2964 quam
580 2880 718 2964 injuriae
740 2879 915 2963 depulsio,
938 2880 1009 2947 sive
1032 2881 1124 2963 qood
1145 2881 1179 2946 in
1202 2882 1287 2951 idem
1307 2883 1423 2950 recidit
1439 2884 1525 2969 juris

352 2990 508 3075 adeptio,
530 3010 598 3059 non
618 2991 735 3073 utique
756 2991 829 3073 sui,
853 2991 912 3056 sed
934 2990 1096 3058 interdum
1120 2992 1214 3060 etiam
1238 2994 1354 3061 alieni:
1375 2994 1468 3077 quod
1489 2995 1525 3061 in

352 3101 452 3169 sociis
473 3098 679 3168 manifestum
700 3114 750 3165 est
771 3102 793 3166 ⁴.
838 3100 912 3166 Nec
935 3101 1044 3169 minus
1066 3117 1174 3171 tamen
1194 3104 1340 3172 accidere
1360 3120 1469 3188 potest
1489 3106 1523 3171 in

353 3211 434 3295 ipsis
455 3211 534 3276 belli
555 3210 769 3293 auctoribus,
790 3226 923 3295 utputa
938 3211 966 3279 si
983 3212 1017 3278 hi
1039 3213 1161 3295 quibus
1182 3214 1221 3281 fit
1240 3214 1358 3300 injuria
1377 3216 1524 3299 oppressi

354 3323 399 3388 ita
420 3320 504 3399 sint,
526 3335 565 3385 ut
586 3321 757 3388 resistendi
778 3341 846 3389 non
867 3324 1010 3391 habeant
1018 3323 1215 3393 facultatem.
1244 3326 1299 3393 Sic
1314 3327 1525 3394 Abrahamus

352 3452 413 3516 pro
434 3431 547 3498 Lotho
570 3446 603 3498 et
623 3431 758 3498 Sodomi
780 3432 908 3501 civibus
930 3436 1049 3502 bellum
1066 3436 1225 3520 suscipit,
1246 3436 1294 3505 sic
1307 3436 1526 3505 Constantius

353 3562 413 3626 pro
436 3542 594 3608 Romanis
622 3540 734 3609 coutra
756 3544 985 3623 Maxentium,
1009 3547 1220 3615 Theodosius
1243 3568 1302 3631 pro
1327 3548 1526 3617 Christianis

354 3668 466 3719 contra
489 3653 659 3719 Clrosroen
681 3654 822 3723 Persam.
870 3656 1062 3733 Fortitudo,
1085 3678 1168 3740 quae
1192 3657 1335 3726 defendit
1357 3658 1524 3741 infirmos,

354 3764 533 3831 Ambrosio
557 3764 685 3849 justitia
707 3765 827 3832 dicitur
848 3764 870 3833 ¹.
925 3767 1048 3834 Seneca
1070 3774 1082 3810 ⁸
1105 3771 1179 3836 vult
1200 3790 1273 3836 eum
1294 3772 1353 3855 qui
1367 3772 1524 3855 patriam

354 3896 418 3941 uon
437 3896 541 3941 meum
563 3879 762 3962 impugnat,
783 3877 841 3943 sed
857 3898 936 3943 suae
952 3884 1073 3965 gravis
1095 3894 1162 3962 cst,
1183 3893 1214 3945 et
1236 3883 1392 3966 sepositus
1411 3901 1434 3944 a
1451 3901 1524 3945 mea

350 4000 449 4075 gente
478 4006 573 4051 suum
601 3990 781 4073 exagitat,
818 3992 997 4074 pratitatc
1025 3992 1132 4056 uoimi
1162 3991 1370 4058 intercidisse
1401 4012 1524 4056 meeum

344 4100 440 4185 juris
459 4100 598 4164 humaui
619 4100 804 4164 societatem
816 4146 826 4180 ,
840 4102 899 4165 ,itu
920 4114 958 4167 ut
971 4105 1073 4188 prior
1087 4106 1264 4189 potiorque
1287 4104 1380 4191 officii
1399 4106 1444 4168 sit
1465 4122 1525 4167 ra·

388 4420 505 4468 ¹Thom.
531 4431 555 4466 2.
580 4432 602 4466 2.
631 4432 657 4478 q.
679 4432 721 4479 40.
745 4429 790 4465 art.
818 4431 839 4465 1.
864 4418 896 4465 ad
921 4430 945 4475 3.
979 4416 1091 4467 ²Wilh.
1113 4421 1193 4469 Math.
1211 4420 1308 4480 inrcq.
1327 4432 1349 4467 α.
1368 4434 1393 4480 p.
1412 4433 1436 4477 7.
1470 4419 1525 4469 sin

355 4497 581 4559 concl.6.ast.1'.
614 4508 665 4556 ⁴o.
681 4509 706 4557 6.
739 4508 794 4556 ‘in
812 4506 862 4557 line
878 4522 902 4558 c.
921 4521 943 4567 a.
977 4508 1037 4558 ⁰<lc
1055 4508 1174 4559 benedt.
1194 4522 1217 4567 7.
1235 4524 1258 4559 c.
1279 4523 1316 4573 19.
