3450 5434
508 656 555 702 DE
577 653 671 724 JURE
698 653 881 703 PRAEDAE.
905 657 986 707 ΟΛΡ.
1011 658 1051 709 11.
1324 657 1363 720 17

192 832 264 878 um:
288 810 366 895 quia
387 829 517 877 necesse
539 824 612 893 est,
635 809 663 876 si
686 829 799 877 omnes
819 811 902 877 bene
924 809 1069 895 faciant,
1091 811 1251 878 neminem
1281 814 1365 879 male

191 924 268 1008 pati.
315 923 361 988 Hi
382 936 459 990 sunt
480 937 546 989 tres
567 921 669 1003 fines,
694 943 779 1006 quos
802 923 925 990 Seneca
944 927 956 966 ¹
979 925 1061 991 dicit
1082 925 1184 1008 legem
1218 939 1363 992 secutam

190 1035 225 1103 in
256 1035 463 1102 vindicandis
492 1034 641 1120 injuriis:
674 1035 732 1118 qui
762 1036 956 1119 plerumque
978 1050 1200 1119 concummt,
1225 1037 1270 1102 ita
1291 1036 1365 1120 qui·

191 1148 264 1214 dem
286 1163 324 1213 ut
341 1147 502 1213 Platonici
526 1142 538 1178 ¹
559 1147 654 1213 etiam
676 1146 790 1213 ultima
809 1148 974 1232 supplicia
995 1147 1191 1215 nocentibus
1212 1148 1367 1232 prodesse

194 1258 435 1343 quodammodo
457 1259 584 1342 velint,
608 1260 740 1342 quando
759 1259 936 1342 deploratis
960 1260 1100 1346 ingeniis
1118 1279 1185 1326 non
1206 1260 1295 1325 aliud
1316 1281 1367 1326 re-

194 1371 336 1438 medium
359 1370 412 1436 sit.
455 1369 672 1438 Verissimum
694 1371 796 1456 igitur
816 1391 887 1440 esse
907 1387 1039 1456 apparet
1060 1371 1207 1438 Platonis
1230 1369 1367 1454 ⁸illud,

192 1489 226 1580 cti
246 1489 306 1568 γὰρ
327 1484 376 1552 ἐπὶ
398 1486 478 1567 κακῷ
499 1487 562 1562 δίκα
584 1485 720 1564 γίγνεται
743 1487 882 1566 οὐδεμίαι,
900 1496 1042 1570 propter
1062 1483 1186 1548 malum
1210 1482 1307 1548 nulla
1323 1480 1367 1567 fit

186 1594 282 1679 juris
304 1591 558 1661 animadversio.
605 1593 707 1682 Quod
728 1593 925 1661 Scholastici
949 1596 960 1632 ³
980 1593 1149 1675 dixerant,
1173 1615 1237 1659 non
1256 1593 1370 1660 debere

195 1709 231 1770 in
265 1703 352 1770 malo
386 1706 581 1791 cujusquam
615 1708 840 1790 conquiescere
872 1702 1059 1770 ulciscentis
1093 1708 1253 1771 animum.
1300 1704 1368 1791 Qui

193 1831 279 1884 recte
300 1815 496 1899 ulciscitur,
521 1816 655 1882 doctore
676 1815 799 1882 Seneca
822 1811 855 1895 ⁸,
878 1835 1015 1898 poenam
1038 1816 1166 1901 exigit,
1191 1839 1254 1881 non
1266 1819 1369 1904 ipsius

190 1944 315 2015 poenae
343 1927 486 2011 aridus,
514 1928 572 1994 sed
593 1931 675 2014 quia
699 1941 849 2016 oportet:
872 1948 935 1992 non
956 1932 1054 2014 quasi
1076 1928 1172 1995 dulce
1194 1931 1239 1994 sit
1260 1926 1371 1997 sindi-

195 2043 291 2123 cari,
312 2039 369 2105 sed
385 2043 482 2125 quasi
493 2039 598 2105 utile:
621 2061 684 2104 non
695 2043 881 2122 irascitur,
903 2038 960 2106 sed
968 2053 1063 2108 caret
1075 2061 1088 2105 .·
1104 2043 1370 2128 nonpraeterita

196 2155 369 2230 intuetur,
402 2173 487 2237 quae
511 2155 666 2220 revocare·
689 2173 751 2216 non
769 2165 931 2239 possunt,
952 2151 1010 2217 sed
1017 2149 1172 2235 futura,
1196 2172 1281 2237 quae
1295 2166 1384 2239 pos·-

198 2276 276 2327 sunt
299 2262 498 2350 prohiberi,
531 2278 564 2328 et
593 2278 632 2330 ut
659 2264 753 2329 Plato
776 2261 788 2297 ⁸
812 2262 937 2329 dixerat
963 2281 1031 2329 non
1054 2262 1129 2329 ideo
1151 2262 1271 2346 punit,
1294 2262 1372 2345 quia

197 2387 365 2458 peccatum
391 2389 465 2458 est,
489 2375 547 2442 sed
568 2393 610 2441 ne
637 2389 804 2458 peccetur.
849 2373 894 2440 Et
915 2375 994 2440 baec
1015 2373 1147 2457 quidem
1171 2376 1211 2440 de
1232 2374 1371 2459 poenis,

198 2501 288 2570 parte
318 2485 399 2552 adeo
420 2485 625 2570 necessaria,
649 2501 687 2552 ut
710 2485 835 2554 fuerint
857 2491 870 2532 ⁷
892 2486 951 2570 qui
967 2485 1128 2572 justitiam
1152 2485 1374 2553 describerent

197 2599 335 2682 τιμωρίαις
366 2602 525 2676 ἀπαίτησιν
556 2603 639 2682 παρα
671 2607 726 2668 τῶν
758 2601 998 2683 προηδιιιιικότων,
1020 2612 1145 2684 poenae
1168 2601 1372 2663 exactionem

199 2711 241 2776 ab
264 2712 338 2793 his,
373 2713 432 2795 qui
459 2713 593 2796 priores
614 2711 778 2794 injuriam
790 2710 966 2794 fecerunt.
1013 2708 1091 2774 Huc
1113 2708 1278 2790 pertinent
1299 2709 1372 2774 illae

199 2821 283 2906 juris
315 2820 512 2888 sententiae:
547 2820 627 2885 Non
656 2819 772 2886 debere
793 2819 880 2885 male
890 2819 994 2904 facta
1012 2839 1077 2885 esse
1094 2822 1286 2905 impunita:
1309 2840 1373 2883 non

200 2932 438 3020 indulgendum
466 2931 620 2997 malitiae
647 2933 833 3014 hominurn,
856 2945 890 2996 et
922 2929 983 2995 alia
1016 2931 1087 3015 ejus
1120 2929 1257 3014 generis.
1301 2928 1374 2994 Lex

200 3059 308 3110 autem
326 3046 423 3110 altera
445 3023 485 3109 de
505 3041 682 3110 benefactis
702 3041 952 3127 compensandis
971 3059 1037 3107 non
1049 3039 1158 3108 minus
1170 3039 1374 3108 manifestam

200 3156 299 3222 babet
318 3154 527 3237 aequitatem.
573 3155 760 3238 Xenophon
782 3156 810 3218 ⁸:
842 3157 873 3224 ei
888 3158 938 3231 δέ;
955 3158 1026 3230 ’τοὺς
1046 3152 1080 3222 εὖ
1100 3160 1250 3230 ποιοῦντας
1271 3160 1375 3223 ἀντευ-

200 3278 324 3351 εργετεῖν
357 3271 389 3336 oti
419 3273 575 3353 πανταχοῦ
606 3268 724 3350 νόμιμόν
755 3270 836 3343 dorm
868 3269 1005 3349 adnepos,
1039 3265 1108 3351 ἔφη.
1166 3260 1285 3346 Quid?
1324 3266 1374 3329 his

202 3381 261 3463 qui
294 3377 372 3443 bene
405 3381 519 3443 meriti
551 3376 591 3444 de
619 3378 708 3442 nobis
731 3389 808 3442 sunt
828 3377 906 3442 bene
926 3378 1070 3444 uicissim
1093 3377 1237 3459 facere,
1271 3396 1376 3440 nonne
1466 3419 1474 3428 ›

192 3491 252 3575 jus
277 3488 396 3574 ubique
418 3502 592 3554 terrarum
614 3490 691 3555 est?
713 3488 778 3554 Est
798 3509 895 3570 sane,
918 3490 1040 3572 inquit.
1072 3485 1115 3550 Bt
1124 3484 1375 3570 iurisconsulti·

200 3604 267 3685 πρὸς
290 3605 449 3684 ἀντίδωρα,
474 3599 521 3665 ad
542 3597 845 3680 remunerandum,
869 3600 1048 3665 neutralem
1072 3618 1141 3665 esse
1157 3599 1277 3665 volunt
1292 3598 1377 3663 obli-

203 3710 365 3796 gationem
379 3725 412 3776 et
419 3725 534 3776 natura
546 3710 697 3794 iniquum
710 3731 798 3792 esse,
809 3725 847 3776 ut
855 3711 1079 3798 locupletetur*
1088 3709 1263 3793 quisquam
1275 3710 1378 3775 aliena

197 3823 324 3906 jactura
351 3838 384 3888 et
414 3842 512 3890 suum
538 3822 636 3888 alicui
659 3821 852 3889 beneficium
875 3823 1066 3889 damnosum
1088 3819 1148 3886 sit:
1184 3820 1307 3888 Seneca
1330 3822 1377 3886 ιοι

236 4105 295 4155 ¹de
319 4108 392 4155 clem.
416 4109 433 4155 l.
459 4121 479 4156 1.
507 4121 530 4156 c.
557 4120 596 4156 aa.
632 4104 643 4140 2
667 4108 739 4155 Plato
765 4106 797 4155 de
823 4119 877 4166 rep.
902 4108 962 4163 la.
981 4105 1018 4167 [p.
1034 4118 1093 4166 410.
1115 4105 1151 4167 a]
1169 4105 1243 4166 Apul.
1261 4105 1293 4152 de
1316 4103 1378 4165 phil.

202 4198 264 4246 Plat.
292 4197 359 4260 [vol.
384 4211 407 4246 a.
433 4209 459 4258 p.
486 4197 555 4259 aas]
583 4199 638 4246 sen.
664 4197 696 4246 de
722 4196 758 4245 lra
781 4199 798 4245 l.
824 4209 847 4245 r.
872 4209 895 4246 c.
920 4194 988 4253 5.)
1012 4197 1044 4246 de
1061 4198 1109 4257 leg.
1127 4197 1144 4244 l.
1163 4209 1187 4258 9.
1207 4196 1245 4256 [p.
1264 4196 1321 4257 8⁵4
1339 4195 1377 4257 d]

201 4288 320 4337 ⁴Tnoor.
346 4301 369 4336 a.
393 4301 416 4336 a.
440 4302 464 4348 q.
494 4290 549 4336 108.
573 4288 634 4338 Silv.
653 4288 679 4336 in
701 4303 727 4336 v.
749 4286 877 4344 Vindicta.
910 4286 922 4319 ⁶
945 4289 977 4337 de
1002 4287 1046 4336 ira.
1064 4290 1081 4335 1.
1102 4299 1123 4334 ι.
1141 4300 1165 4335 c.
1182 4300 1206 4348 9.
1223 4288 1241 4334 l.
1260 4299 1283 4334 a.
1298 4300 1321 4334 c.
1340 4298 1380 4344 ια.

203 4381 227 4428 d.
259 4381 277 4428 l.
310 4393 332 4429 e.
367 4391 407 4437 ει.
433 4380 451 4427 l.
479 4391 500 4427 1.
527 4392 550 4428 c.
579 4379 617 4428 16.
659 4378 765 4428 ⁸Prot.
791 4379 829 4441 [p.
856 4377 970 4440 3α4.1).]
1016 4375 1028 4411 ⁷
1052 4376 1148 4425 Hierax
1176 4391 1217 4437 ap.
1243 4377 1313 4426 Stob.
1341 4377 1380 4439 [in

202 4469 279 4518 floril.
306 4472 323 4518 l.
350 4483 374 4533 9.
399 4481 425 4518 n.
451 4471 491 4525 58.
514 4469 541 4518 in
564 4467 635 4532 fine]
671 4469 682 4502 ⁸
705 4470 803 4518 Corum.
829 4471 846 4518 1.
864 4482 889 4531 4.
909 4469 945 4531 [c.
962 4482 987 4531 4.
1003 4468 1018 4530 ς
1035 4467 1088 4529 24]
1124 4466 1298 4519 ·1.se‹tetst
1316 4470 1380 4529 lege.

200 4561 222 4623 ς.
241 4560 378 4610 consuluit.
395 4559 421 4609 n.
439 4561 471 4612 de
488 4570 540 4621 pet.
557 4561 626 4610 haer.
645 4559 688 4623 [D.
707 4571 730 4617 s.
749 4572 772 4620 a.
790 4573 830 4617 as.
847 4559 929 4623 §11.]
965 4557 987 4592 ¹⁰
1004 4561 1036 4610 de
1051 4558 1136 4608 benef.
1155 4561 1174 4608 l.
1193 4571 1217 4618 s.
1233 4573 1256 4609 e.
1276 4573 1315 4623 ¹⁴»
