3450 5434
511 614 558 661 un
581 614 1075 680 Junnrnnunaa.cnr.111.
1178 657 1182 663 .
1333 622 1374 683 41

207 771 287 838 mihi
308 769 415 851 illud,
440 788 507 852 quo
526 783 659 836 naturae
682 769 784 836 ductu
801 768 976 837 vivebatur
998 771 1033 853 ¹,
1060 773 1248 838 bellatorem
1272 773 1378 839 Abra-

207 885 337 952 hamum
366 879 576 966 suppeditat,
610 883 663 946 lex
694 880 763 965 ipsa
784 877 796 914 ¹
817 881 947 948 Mosem
972 897 1005 948 et
1028 882 1190 950 Davidem
1213 881 1251 966 ⁸,
1280 905 1379 950 evan·

207 994 308 1081 gelict
338 992 474 1060 historia
503 989 514 1026 ¹
542 992 764 1060 centurionem
801 1013 867 1058 non
901 1012 1003 1060 unum
1035 994 1239 1077 Paulumque
1270 996 1376 1080 ipsum

207 1120 318 1173 contra
349 1104 552 1171 inimicorum
585 1103 719 1172 insidias
750 1103 888 1171 militare
918 1103 1115 1188 praesidium
1138 1108 1377 1189 postulantem:

207 1217 376 1300 sequentia
399 1215 516 1282 deinde
538 1216 665 1283 saecula
687 1219 698 1252 ⁴
720 1231 771 1282 tot
789 1214 1054 1302 religiosissimos
1075 1215 1306 1300 imperatores,
1327 1234 1378 1286 tot

207 1327 504 1396 Christianissimos
526 1347 640 1412 reges,
665 1327 722 1411 qui
744 1327 838 1393 etiam
861 1326 896 1394 in
914 1347 993 1409 eos,
1017 1328 1076 1411 qui
1095 1328 1274 1396 Christiani
1291 1329 1377 1396 dice·

207 1442 347 1520 bantur,
376 1439 459 1504 bella
489 1453 667 1523 gesserunt.
711 1438 805 1526 Quid
838 1453 970 1520 autem,
1001 1441 1092 1523 quod
1120 1457 1248 1508 veteres
1281 1442 1376 1508 etiam

207 1552 304 1634 illos,
328 1551 542 1632 Gedeonem‚
567 1549 747 1630 Baracum,
772 1549 982 1633 samsonem,
1003 1551 1170 1637 Jephten‚
1195 1553 1376 1620 Samuelem

208 1677 240 1729 et
261 1664 438 1747 prophetas
459 1662 540 1730 alios
563 1661 696 1742 eadem,
720 1682 785 1744 qua
806 1680 868 1729 nos
889 1678 1098 1747 vegetamur,
1118 1684 1194 1730 vera
1212 1663 1245 1731 in
1262 1665 1377 1731 Chris·

208 1789 277 1840 tum
300 1773 364 1840 fide
387 1775 470 1840 bella
493 1772 632 1859 gessisse
654 1773 870 1858 perscriptum
894 1789 944 1840 est
963 1774 1002 1840 ‘l
1026 1775 1125 1842 Unde
1148 1775 1298 1860 sequitur
1319 1777 1376 1842 ali-

209 1905 274 1969 qua
297 1903 367 1952 esse
392 1884 481 1970 justa
509 1884 661 1952 fidelibus
684 1886 777 1952 bella.
823 1885 955 1953 Rursus
980 1906 1055 1952 cum
1072 1888 1197 1971 justum
1219 1887 1377 1971 piumque
1404 1901 1474 1947 aros.
1489 1900 1523 1945 u

209 1998 242 2064 id
270 2013 356 2064 recte
386 1997 536 2078 dicatur,
560 1997 651 2081 quod
670 1995 734 2062 viri
752 1997 834 2082 justi
858 2019 895 2063 ac
913 1997 960 2081 pii
980 2001 1106 2084 iustum
1126 1997 1284 2082 piumque
1306 2017 1378 2066 esse
1408 1963 1522 2075 ’ἷῖξτῖῗῗ

208 2123 429 2190 censuerunt,
453 2123 491 2174 ut
514 2108 733 2193 philosophos
752 2128 867 2176 omnes
886 2110 1032 2177 omittam
1057 2126 1090 2176 et
1104 2109 1377 2195 jurisconsultos,
1419 2074 1480 2110 'ms'

209 2241 348 2306 quorum
378 2239 473 2288 nemo
502 2222 563 2287 hac
595 2221 634 2286 de
663 2240 697 2285 re
718 2219 905 2303 dubitavit,
928 2241 1048 2308 paucas
1068 2221 1225 2289 duntaxat
1247 2222 1377 2290 illorum

208 2333 383 2402 sententias
401 2332 557 2415 referam,
575 2353 715 2416 quorum
740 2349 772 2400 et
794 2334 909 2419 religio
929 2333 1164 2420 spectatissima
1184 2351 1218 2400 et
1238 2335 1378 2401 eruditio

208 2446 282 2514 fuit.
329 2445 543 2532 Augustini⁸
577 2460 644 2513 est:
696 2444 810 2534 Officia
858 2445 1028 2515 vindictae
1066 2461 1204 2532 possunt
1242 2447 1379 2532 implere

208 2559 282 2624 boni
322 2559 401 2623 bana
441 2562 574 2639 anima,
608 2557 762 2644 quamodo
792 2557 903 2643 judea
926 2572 958 2623 et
990 2557 1144 2644 quamodo
1167 2559 1234 2625 lea.
1280 2558 1377 2644 Eius·

208 2671 280 2736 dem
306 2667 338 2734 ⁷:
377 2669 456 2734 Non
476 2669 620 2755 frustra
650 2683 728 2736 sunt
756 2673 918 2735 instituta
946 2682 1093 2756 potestas
1125 2674 1214 2758 regis
1242 2685 1273 2735 et
1303 2693 1376 2757 aag-

207 2786 329 2848 nitaris
349 2783 434 2867 jus,
476 2779 623 2867 ungulae
657 2778 851 2864 carnificis,
890 2800 989 2845 arena
1024 2782 1167 2862 militis,
1198 2778 1377 2868 disciplina

206 2894 433 2973 dominantis,
457 2895 615 2960 seueritas
635 2896 736 2957 etiam
760 2892 835 2957 iani
851 2896 977 2978 patris.
1024 2891 1158 2958 Habent
1179 2897 1289 2957 anania
1309 2895 1377 2956 ista

207 3005 336 3087 modas,
376 3025 518 3086 causas,
551 3007 720 3085 rationes,
756 2985 935 3070 utilitates.
989 3005 1082 3070 Haec
1112 3025 1185 3068 cunt
1215 3005 1378 3068 timentur

208 3133 238 3184 et
272 3119 355 3184 enali
382 3129 576 3182 coercentur
606 3130 637 3181 et
676 3116 751 3181 boni
781 3119 888 3202 quieti
918 3119 1010 3182 inter
1039 3116 1142 3181 malas
1157 3118 1289 3183 nitunt.
1335 3114 1379 3182 Et

208 3230 289 3296 illud
309 3231 342 3294 ἰ
377 3228 527 3295 Nocendi
558 3225 749 3313 cupiditas,
782 3226 960 3294 ulciscendi
989 3227 1197 3307 crudelitas,
1230 3230 1378 3313 impaca-

207 3355 261 3408 tus
298 3354 400 3425 atque
435 3337 656 3424 implacabilis
694 3343 848 3420 animus,
887 3337 1017 3423 feritas
1057 3337 1266 3419 rebellandi,
1302 3337 1378 3403 libi·

207 3451 247 3518 da
279 3450 473 3518 donninandi
499 3465 530 3515 et
559 3453 588 3515 si
618 3471 685 3536 qua
717 3449 867 3531 similia,
898 3451 977 3515 haee
1008 3463 1087 3514 sunt
1116 3453 1261 3534 quaein
1283 3449 1377 3515 bellis
1439 3465 1450 3476 ·

198 3563 281 3649 jure
311 3563 519 3649 culpantur:
542 3583 628 3647 quae
649 3560 845 3647 plerumque
875 3574 913 3626 ut
942 3564 1043 3626 etiam
1055 3560 1139 3645 jure
1156 3564 1375 3647 puniantur,

207 3673 365 3742 adversus
397 3672 573 3742 violentias
606 3676 828 3739 resistentium
858 3672 946 3756 (sive
976 3669 1048 3736 Deo
1071 3676 1137 3740 sive
1160 3672 1274 3758 aliqua
1296 3672 1375 3759 legi-

208 3877 402 3891 ‚..—-..

241 3982 331 4031 ¹Gen.
352 3994 449 4043 1415.
484 3978 598 4030 ²llrrod.
624 3994 661 4039 17.
679 3995 702 4043 9.
720 3981 796 4030 Num.
814 3993 854 4038 ³1·
873 3993 896 4038 7.
914 3984 977 4030 Sam.
998 3995 1020 4030 r.
1040 3994 1078 4039 17.
1095 3984 1137 4043 48.
1170 3979 1376 4029 ⁸Mattlr.8.8.

205 4086 231 4123 et
250 4087 290 4132 27.
306 4087 346 4135 ⁵4·
372 4075 568 4134 Marc.15.39.
594 4073 655 4121 Luc.
672 4083 695 4130 7.
712 4073 736 4121 ό.
763 4072 917 4122 Act.10.1.
943 4075 1002 4122 Act.
1019 4087 1059 4135 29·
1079 4084 1117 4130 ιι.
1135 4083 1161 4120 et
1179 4083 1220 4129 2³·
1252 4069 1376 4120 ⁴l>asslm

205 4165 231 4215 in
253 4164 373 4214 Historiis
396 4163 538 4222 francicis,
562 4163 719 4212 Gennanicls
743 4176 768 4212 et
791 4163 895 4214 aliarum
916 4164 1037 4225 gentium.
1070 4162 1177 4212 ‘Heba
1198 4174 1236 4211 rr.
1254 4173 1295 4219 aa.
1311 4163 1376 4212 adde

206 4259 299 4306 chron.
322 4270 344 4305 1.
368 4268 391 4312 s.
418 4269 457 4304 ιο.
491 4252 620 4320 ‘Quaem
644 4256 739 4316 Evang.
762 4257 779 4304 1.
801 4268 822 4303 1.
844 4269 870 4316 q.
897 4268 935 4304 10.
962 4255 1028 4318 [vol.
1047 4257 1073 4313 3.·
1093 4253 1376 4315 p.a.p.175.]inc.

209 4361 246 4406 rs.
265 4348 352 4410 [Dect.
371 4348 440 4396 Grat.
458 4360 484 4408 p.
503 4359 526 4395 a.
545 4358 585 4404 aa.
602 4345 638 4408 5·]
673 4343 745 4406 ⁷Ep.
764 4357 803 4407 ⁵4.
821 4347 852 4395 ad
870 4347 971 4396 Maced.
987 4347 1013 4394 in
1031 4347 1056 4394 d.
1070 4359 1095 4406 q.
1110 4357 1134 4394 c.
1152 4356 1190 4401 17.
1209 4344 1376 4406 [Deamcm

205 4455 231 4501 p.
249 4453 272 4489 a.
290 4452 330 4497 as.
349 4439 387 4502 5·]
422 4437 433 4471 ⁸
451 4453 474 4487 c.
492 4439 575 4511 Fruar.
593 4437 797 4488 Mammulae.
815 4453 838 4488 c.
855 4450 897 4500 74.
916 4439 982 4501 [vol.
998 4441 1022 4487 8.
1035 4451 1061 4498 p.
1076 4437 1145 4498 aun]
1160 4435 1187 4484 in
1201 4449 1225 4485 c.
1240 4449 1264 4498 4.
1287 4435 1376 4498 [Dect.

207 4533 276 4581 Grat.
292 4545 318 4592 p.
334 4543 358 4580 a.
375 4543 416 4588 aa.
435 4542 456 4579 r.
