3450 5434
246 2905 316 2949 Anno
330 2918 391 2963 1599.

246 2958 269 3003 d.
283 2959 344 3019 Sept.
358 2975 391 3006 rr.

409 622 468 683 182
725 637 771 684 ua
795 638 889 705 June
915 638 1101 684 rannone.
1126 638 1209 685 cnr.
1234 640 1286 686 xt.

405 790 537 872 quidem
562 791 691 858 Batavis
715 792 889 858 videbatur
908 806 1098 875 apparatus:
1127 808 1289 858 caeterum
1308 807 1347 857 ut
1365 792 1475 858 exitus
1495 814 1587 859 com-

404 902 558 983 probavit
580 904 741 970 exercitus
764 902 905 970 hostilis.
928 902 1152 969 Praemittitur
1165 904 1317 970 Rasalata
1329 904 1584 986 exploraturus,

404 1013 565 1095 numquid
590 1014 757 1081 inimicum
781 1014 911 1081 Batavis
932 1013 1153 1081 suboluisset:
1177 1014 1268 1080 videt
1287 1014 1397 1081 omnia
1416 1034 1459 1081 cx
1482 1031 1585 1095 voto,

404 1140 538 1209 rogatus
569 1140 699 1191 manere
728 1126 892 1192 renititur.
936 1126 1005 1191 Vix
1038 1142 1105 1191 erat
1135 1126 1296 1209 emissus,
1320 1147 1396 1192 cum
1420 1126 1463 1193 ad
1485 1127 1584 1193 unam

403 1236 538 1301 navium
572 1222 873 1321 (Amstelodamum
897 1238 1095 1321 vocabatur)
1125 1238 1289 1304 Sabander
1312 1237 1508 1304 Cidaeensis
1531 1258 1585 1303 ac-

404 1346 515 1429 cedit,
547 1367 584 1413 ac
617 1347 730 1414 subito
759 1350 915 1433 magistro
938 1348 1032 1415 navis
1054 1348 1220 1432 Reginero
1243 1348 1415 1415 Verhellio
1439 1350 1585 1433 gratula-

405 1458 547 1523 bundam
578 1459 746 1541 praebenti
777 1460 964 1540 dexteram‚
999 1459 1033 1525 in
1066 1460 1205 1542 speciem
1229 1459 1353 1542 etipse
1376 1459 1584 1542 compositus

405 1570 579 1635 salutantis
610 1571 697 1654 <non
729 1572 799 1637 sola
830 1571 1007 1654 Aegyptus
1031 1570 1208 1653 Septimios
1230 1570 1307 1654 alit)
1329 1570 1428 1635 sicam
1453 1569 1583 1654 infigit:

405 1681 592 1763 pariterque
624 1683 740 1747 caeteri
772 1682 894 1748 conscii
927 1682 1058 1747 sceleris
1092 1682 1221 1767 ignaros
1244 1696 1277 1746 et
1299 1681 1449 1747 incautos
1483 1700 1585 1765 super

403 1791 498 1857 navis
519 1792 664 1857 tabulata
682 1792 856 1858 trucidant.
880 1794 969 1857 Inter
980 1794 1193 1859 obtruncatos
1203 1793 1370 1877 Johannes
1380 1790 1585 1875 Scellingius

405 1917 504 1967 nauta
526 1916 560 1967 et
582 1904 745 1987 Aegidius
767 1904 985 1970 Vallrenerius
1007 1902 1117 1969 etalii
1139 1922 1257 1969 novem
1270 1902 1428 1983 fuerunt,
1451 1918 1584 1985 praeter

405 2031 461 2077 eos
489 2012 549 2095 qui
576 2012 709 2079 fallente
737 2014 806 2080 ictu
834 2014 971 2081 sauciati
994 2029 1121 2080 tantum
1140 2028 1242 2080 erant.
1287 2013 1333 2079 Et
1355 2028 1450 2096 capta
1472 2012 1583 2079 fuerat

405 2124 521 2203 navis,
544 2124 578 2189 ni
602 2126 750 2192 homines
772 2125 951 2205 tredecim,
975 2144 1048 2208 pars
1071 2144 1187 2210 magna
1207 2125 1272 2209 jam
1294 2139 1368 2190 ante
1388 2124 1501 2209 aegri,
1525 2124 1584 2190 de-

404 2254 554 2301 scensum
587 2236 620 2301 in
643 2236 782 2301 carinam
814 2238 1068 2319 praeclusissent
1098 2236 1307 2319 explosisque
1330 2235 1491 2301 machinis
1504 2252 1582 2319 ¹turn

405 2346 463 2428 qui
484 2364 635 2438 suprema
654 2348 831 2428 tenebant,
856 2362 926 2413 tum
948 2368 1003 2413 eos
1017 2347 1074 2430 qui
1088 2350 1173 2413 latus
1185 2330 1364 2412 ambierant
1375 2365 1433 2429 per
1445 2348 1583 2411 vulnera

405 2478 441 2523 ac
463 2478 616 2541 pavorem
639 2460 783 2544 egissent
804 2459 839 2524 in
861 2478 967 2524 mare:
991 2459 1083 2540 quod
1106 2473 1176 2523 tum
1196 2456 1292 2523 saluti
1313 2455 1401 2537 fuit,
1426 2474 1582 2523 accusan-

404 2569 494 2634 tibus
524 2568 645 2635 frustra
675 2568 843 2636 Lusitanis
875 2571 1085 2635 barbarorum
1112 2568 1385 2651 imprudentiam,
1408 2566 1465 2649 qui
1487 2583 1583 2650 capta

404 2679 519 2746 callide
542 2681 679 2749 consilia
698 2680 798 2747 nimia
818 2679 1031 2747 festinatione
1054 2679 1286 2762 corrupissent.
1331 2678 1452 2744 Fuerat
1473 2694 1581 2743 tamen

404 2807 494 2858 tanta
520 2793 650 2873 clades,
684 2806 721 2857 ut
738 2791 884 2858 virorum
906 2792 1043 2875 penuria
1061 2805 1178 2855 nautae
1199 2810 1267 2855 eam
1289 2809 1404 2855 navem
1425 2791 1582 2855 nudatam

405 2904 549 2969 deserere
569 2918 774 2987 cogerentur.
820 2905 875 2968 Ab
899 2902 1073 2967 Hollandis
1096 2901 1136 2965 ad
1159 2902 1345 2982 Zelandos‚
1373 2900 1493 2985 eJava
1514 2900 1584 2966 Ta-

404 3016 570 3097 probanen
597 3014 790 3094 veniamus,
814 3032 883 3095 quo
907 3032 1005 3079 naves
1025 3012 1109 3078 duae
1130 3009 1293 3094 praefecto
1314 3031 1413 3093 quem
1437 3012 1583 3077 diximus

405 3126 620 3191 Houtmanno
652 3127 859 3207 appulerunt.
906 3124 988 3189 Erat
1019 3122 1051 3187 in
1086 3125 1160 3189 aula
1180 3123 1362 3189 Achinensi
1386 3123 1585 3208 Alphonsus

405 3236 460 3301 ille
493 3234 717 3315 Vincentius,
750 3236 849 3300 homo
885 3234 980 3300 etiarn
1014 3234 1098 3299 inter
1124 3232 1302 3299 Lusitanos
1326 3234 1583 3319 malignissimae

405 3346 616 3427 calliditatis,
649 3346 707 3426 qui
739 3366 813 3411 cum
848 3346 920 3411 aliis
945 3345 1113 3411 Lusitanis
1136 3345 1169 3411 in
1192 3344 1444 3411 familiaritatem
1468 3346 1583 3412 Hout-

405 3457 514 3523 manni
543 3458 682 3541 ejusque
712 3458 870 3523 comitum
904 3456 1046 3539 irrepsit.
1092 3455 1288 3525 Ostentabat
1317 3456 1402 3522 enim
1433 3477 1467 3523 se
1488 3457 1581 3540 illis,

406 3568 500 3649 quasi
522 3568 625 3652 gratia
644 3568 732 3650 apud
750 3588 858 3654 regem
880 3570 1003 3633 valeret
1025 3582 1225 3650 possentque
1251 3586 1303 3633 res
1322 3567 1453 3633 illorum
1476 3568 1584 3633 Achi-

404 3679 561 3745 nensibus
588 3697 623 3745 se
651 3679 847 3746 conciliante
876 3678 1104 3746 commendari.
1149 3679 1314 3761 Adeoque
1332 3678 1477 3761 impense
1496 3680 1583 3745 hanc

404 3810 536 3873 operam
556 3790 753 3872 simulabat,
777 3806 816 3857 ut
835 3789 1000 3856 Zelandos
1019 3808 1267 3871 nonnumquam
1285 3789 1319 3855 in
1339 3790 1582 3872 aulamprodu-

404 3917 514 3984 teret,
548 3902 643 3968 etiam
676 3901 813 3968 consilia
842 3902 1000 3983 quaedam
1027 3900 1114 3985 regis
1145 3902 1237 3966 velut
1256 3920 1392 3980 areana,
1416 3900 1475 3966 sed
1495 3921 1583 3983 quae

403 4014 570 4097 corruptis
601 4013 800 4095 primoribus
832 4026 987 4095 potuerat
1015 4012 1189 4093 didicisse,
1214 4031 1287 4077 cum
1312 4011 1377 4077 illis
1400 4014 1583 4078 communi-

404 4139 500 4190 caret.
546 4124 680 4190 Interim
702 4124 923 4208 negotiatores
945 4124 1066 4189 ibidem
1089 4138 1251 4189 morantes
1275 4122 1431 4206 instigat,
1455 4122 1583 4206 quippe

403 4236 570 4319 corrumpi
594 4235 660 4301 illis
683 4251 853 4317 quaestum
873 4255 961 4303 nova
981 4234 1178 4302 licitantium
1201 4232 1395 4300 accessione.
1442 4234 1583 4319 Instigat

404 4364 435 4412 et
448 4348 667 4426 Sabandrum‚
686 4340 854 4412 Abdulum
866 4347 997 4413 nomine
1010 4361 1043 4413 et
1054 4346 1238 4414 Corconem
1251 4345 1390 4411 scribam
1404 4344 1581 4429 ipsumque

402 4480 510 4547 regem
542 4459 752 4527 monstrando
782 4461 954 4543 opulentas
973 4478 1072 4528 naves
1091 4474 1123 4525 et
1141 4457 1267 4526 facilem
1286 4456 1456 4541 praedam:
1482 4458 1578 4525 etiam
