3450 5434
498 612 546 669 DE
568 614 662 684 JURB
688 613 871 661 PRAEDAE.
897 613 976 661 CAP.
1002 613 1075 679 Vll.¹
1317 609 1356 674 71

191 788 350 848 oausam,
370 786 433 854 quo
450 772 556 835 uitam
576 783 638 836 aut
657 790 709 835 res
727 768 909 854 defendunt
932 780 993 834 aut
1013 779 1245 853 recuperatum
1264 780 1359 845 eunt,

193 879 268 949 idve
298 878 388 965 quod
416 878 553 947 debetur
579 895 642 947 aut
659 897 783 969 poenas
805 876 961 963 maleficii
982 891 1151 964 expetunt.
1186 877 1259 943 Hoc
1282 897 1360 945 con-

193 991 311 1059 stituto
342 989 437 1057 facile
460 1006 495 1057 et
513 993 611 1059 altera
632 992 781 1075 quaestio
801 989 1026 1074 explicabitur.
1073 990 1166 1055 Solet
1188 987 1272 1054 enim
1295 1008 1362 1053 ma-

194 1102 295 1168 teriae
322 1104 399 1169 loco
429 1102 552 1169 censeri
584 1103 679 1169 etiam
714 1103 749 1170 id
779 1101 872 1184 quod
904 1100 1024 1167 actioni
1047 1098 1168 1181 cuique
1191 1099 1362 1183 subjacet,

193 1212 266 1281 sive
285 1212 321 1278 id
340 1214 432 1296 quod
451 1214 591 1298 patitur:
615 1213 709 1280 utin
733 1214 820 1281 bello
844 1212 872 1279 is
895 1212 929 1277 in
952 1231 1049 1295 quem
1073 1210 1193 1277 bellum
1218 1210 1363 1296 geritur,

194 1326 258 1391 hoc
277 1340 327 1391 est
353 1324 482 1406 hostis,
506 1343 702 1407 quamquam
726 1325 761 1389 id
781 1324 980 1390 vocabulum
1009 1341 1076 1388 non
1096 1321 1205 1389 minus
1227 1319 1364 1387 aetionis

195 1457 292 1520 quam
321 1434 483 1520 passionis
513 1434 733 1520 significatum
765 1416 876 1502 habet}
923 1432 1018 1501 Sicut
1048 1448 1155 1500 autem
1175 1432 1365 1499 naturaliter

194 1566 269 1616 cum
292 1565 391 1633 agens
412 1547 479 1633 agit
498 1546 533 1613 vi
554 1548 694 1630 caloris,
722 1546 874 1628 sequitur
896 1546 931 1611 id
953 1546 1041 1627 quoi
1063 1545 1186 1629 patitur
1207 1542 1365 1628 frigidum

196 1677 266 1725 esse
286 1657 321 1740 ¹,
356 1660 402 1723 ita
429 1677 503 1724 cum
534 1673 687 1742 appareat
715 1678 788 1723 eum
820 1656 879 1740 qui
906 1658 1032 1742 justum
1067 1670 1155 1740 gerat
1187 1656 1310 1721 bellum
1332 1654 1366 1721 vi

193 1770 278 1853 iuris
310 1788 422 1854 agere,
454 1788 587 1837 necesse
618 1784 668 1837 est
688 1769 852 1837 contrario
882 1770 980 1836 modo
1004 1766 1154 1834 affectum
1178 1786 1247 1834 esse
1269 1786 1367 1848 eum,

196 1881 256 1964 qui
284 1882 406 1947 bellum
435 1880 561 1965 justum
591 1880 743 1963 patiatur.
789 1880 1017 1964 Opposuimus
1048 1894 1155 1945 autem
1184 1877 1252 1962 juri
1283 1877 1369 1962 inju-

196 1992 274 2058 riam
294 1994 320 2058 ⁸.
363 1990 459 2075 Juste
485 1991 588 2076 igitur
616 1992 738 2057 bellum
761 1990 789 2057 is
813 1991 943 2058 demum
965 1991 1111 2075 patitur,
1136 1990 1194 2074 qui
1217 1987 1368 2074 injuriam

158 2123 161 2127 ·
195 2102 274 2171 facit
293 2102 317 2171 ⁸.
358 2102 567 2187 Augustinus
588 2106 619 2167 ⁴:
644 2104 814 2190 Iniquitas
833 2107 950 2189 partis
980 2102 1141 2172 aduersae
1159 2103 1259 2187 justa
1282 2100 1370 2167 bella

195 2218 336 2302 ingerit.
392 2214 479 2281 Cum
505 2234 574 2297 quo
600 2214 766 2280 consentit
783 2213 868 2279 illud
886 2213 1009 2281 Leonis
1028 2213 1255 2297 Imperatoris:
1277 2216 1291 2281 l
1310 2217 1371 2297 γὰρ

195 2338 255 2403 τοῖς
282 2330 451 2405 &mirarer
480 2327 731 2409 decemimus.
753 2326 831 2402 οὗτος
853 2330 959 2403 δίκαιος
989 2328 1078 2395 ἐστίν.
1124 2325 1218 2390 Nam
1241 2328 1301 2409 qui
1321 2344 1371 2391 ros

201 2439 262 2521 qui
292 2435 457 2520 injuriam
481 2435 596 2521 secere
630 2435 807 2502 ulciscitur
826 2437 942 2521 justus
974 2449 1051 2502 est«
1078 2434 1245 2519 Theologi
1274 2434 1371 2501 etiam

198 2566 260 2615 suo
293 2546 449 2630 loquendi
481 2546 579 2613 modo
600 2544 631 2612 ⁸:
655 2546 794 2612 Patiens
814 2545 1007 2633 dispositum
1031 2545 1079 2613 ad
1105 2546 1224 2612 bellum
1245 2560 1292 2612 est
1317 2554 1383 2610 ero-¹

198 2657 266 2723 lens
300 2638 510 2742 satisfacere.
569 2657 634 2724 Sed
668 2658 747 2724 haec
781 2679 854 2741 pars
883 2673 923 2725 ut
943 2658 1099 2725 subtilius
1122 2658 1301 2740 explicetur
1323 2656 1373 2724 in-

195 2769 301 2853 juriae
336 2766 583 2852 explicationem
621 2768 769 2851 requirit.
814 2768 938 2854 injuria
969 2768 1070 2853 igitur
1102 2768 1157 2833 illa
1191 2787 1276 2851 quae
1305 2768 1454 2854 jurium
1468 2790 1506 2837 ιο·

199 2879 380 2964 opponitur
398 2895 464 2946 tres
486 2880 587 2947 habet
603 2879 884 2966 significationes,
908 2898 989 2963 quas
1013 2879 1132 2945 Graeci
1155 2878 1291 2945 totidem
1312 2847 1500 2943 vo-'¹⁶'¹'¹'‘

198 2991 323 3057 tabulis
354 2991 580 3075 distinguunt:
613 2992 706 3073 quod
737 3010 803 3056 non
838 3011 878 3056 ex
904 2990 1112 3075 philosophis
1134 2989 1232 3055 modo
1255 2988 1312 3055 sed
1334 3008 1374 3054 ex

198 3101 346 3185 Ulpiano
377 3102 473 3167 etiam
515 3117 549 3172 et
579 3101 770 3186 Theophilo
802 3102 943 3187 intelligi
976 3116 1085 3186 potest
1103 3099 1128 3168 ⁸.
1184 3099 1374 3183 Eademque

200 3212 370 3280 distinctio
389 3214 474 3278 clare
501 3212 589 3297 apud
618 3212 838 3280 Themistium
864 3212 898 3281 in
921 3213 1068 3281 oratione
1088 3212 1129 3279 ad
1147 3212 1319 3278 Valentem
1342 3225 1375 3278 et

200 3324 289 3408 apud
310 3324 495 3390 Diodorum
517 3323 578 3391 'in
591 3324 733 3409 Gylippi
755 3324 866 3391 verbis
888 3324 1058 3409 reperitur.
1103 3324 1247 3391 Primum
1271 3337 1320 3391 est
1341 3326 1374 3392 el

200 3437 315 3511 ἄδικον,
338 3435 691 3519 secundundum,
723 3438 819 3521 cujus
841 3451 919 3503 sunt
941 3436 1068 3522 species
1091 3437 1171 3521 ὕβρις
1192 3438 1242 3505 eal
1263 3437 1374 3522 ζημιι,

202 3546 333 3613 tertium
369 3550 479 3617 ἀδικία.
535 3546 659 3613 Hieran
691 3547 915 3631 Philosophus
948 3547 982 3613 in
1016 3548 1101 3613 libro
1135 3548 1175 3613 de
1204 3546 1334 3631 iustitia
1362 3540 1374 3579 ⁸

202 3659 373 3725 commode
403 3658 481 3724 haec
515 3658 670 3725 discernit
701 3678 774 3725 cum
805 3658 887 3725 dicit
908 3658 1048 3743 primum
1071 3678 1141 3725 esse
1163 3660 1375 3740 ἀποτέλεσμα,

203 3770 382 3837 secundum
401 3772 525 3854 πρᾶξιν,
559 3770 692 3836 tertium
712 3771 789 3853 ἕξιν,
813 3771 877 3836 hoc
897 3783 969 3850 est,
992 3789 1099 3852 opus,
1124 3767 1307 3848 actionem,
1330 3763 1376 3831 af·

200 3877 400 3962 lectionem,
424 3881 591 3963 quomodo
614 3880 770 3947 differunt
792 3880 941 3964 pictura,
968 3880 1070 3965 pictio
1092 3896 1125 3947 et
1146 3900 1198 3947 ars
1210 3876 1377 3964 pingendi.

237 4162 343 4213 ¹hrirt.
358 4165 390 4213 de
405 4178 462 4225 gen.
477 4177 503 4214 et
519 4178 585 4215 corr.
600 4168 618 4215 Ι.
637 4180 658 4215 1.
675 4180 698 4215 c.
715 4178 740 4225 7.
758 4167 797 4230 [p.
815 4179 873 4227 324.
892 4180 913 4215 ι.
930 4180 968 4215 vs.
985 4164 1022 4231 s.]
1052 4164 1107 4214 ¹in
1121 4164 1172 4214 fine
1185 4178 1208 4213 c.
1225 4177 1248 4212 a.
1283 4161 1378 4211 'Vict

202 4266 229 4302 ιι.
250 4264 290 4310 1³·
314 4252 360 4318 [de
381 4252 437 4312 iure
450 4252 532 4320 belli]
568 4256 628 4306 ⁴de
648 4257 720 4307 civit.
737 4259 756 4307 1.
770 4271 795 4320 4.
828 4255 938 4316 ‘Caiet
953 4259 985 4306 ad
1007 4270 1094 4306 summ.
1112 4256 1202 4304 Thorn.
1218 4267 1241 4303 2.
1257 4266 1280 4302 a.
1296 4266 1321 4313 q.
1336 4266 1378 4314 40.

202 4352 248 4391 ert.
266 4357 287 4392 1.
320 4344 427 4394 “Arist
451 4347 483 4394 de
506 4360 571 4395 mor.
591 4350 623 4396 ad
643 4348 746 4397 Nicom.
772 4351 790 4396 l.
816 4361 839 4405 5.
859 4362 883 4397 c.
902 4362 940 4397 10.
958 4360 983 4397 et
1000 4361 1037 4396 ιι.
1055 4346 1093 4411 [p.
1114 4358 1185 4403 1¹³5·
1204 4359 1225 4394 1.
1241 4357 1279 4393 vs.
1297 4342 1332 4406 8.]
1352 4354 1377 4391 et

204 4435 281 4483 Rhet.
301 4436 319 4483 Ι.
345 4449 366 4484 ι.
391 4450 414 4485 c.
437 4449 475 4494 rs.
493 4438 660 4500 [p·1³7³·2·
678 4453 716 4490 vs.
735 4440 768 4502 ι.]
788 4442 805 4488 l.
822 4454 844 4488 ι.
859 4440 887 4489 ff.
906 4440 936 4489 de
954 4437 1053 4496 iniuriis
1073 4436 1117 4501 [D.
1134 4449 1174 4499 47.
1193 4433 1244 4499 ιο.]
1264 4434 1327 4485 Intt.
1341 4434 1378 4485 ibi

203 4525 230 4573 in
243 4538 281 4586 pr.
300 4525 332 4589 [l.
350 4540 374 4587 4.
390 4525 427 4590 4]
455 4526 604 4577 ⁷Biblioth.
620 4530 708 4579 histor.
723 4532 740 4579 l.
760 4543 797 4587 1³.
808 4530 843 4591 [c.
854 4530 908 4593 ao]
936 4530 948 4563 ⁸
966 4531 1019 4592 [ap.
1030 4529 1098 4577 stoh.
1109 4528 1135 4579 in
1145 4528 1220 4577 lloril.
1230 4530 1247 4575 l.
1256 4542 1280 4589 9.
1289 4542 1314 4576 n.
1325 4526 1377 4593 su]
