3450 5434
343 652 405 714 324
644 649 690 694 DE
714 648 808 714 JURE
835 647 1017 693 Pannona.
1043 649 1123 694 CAP.
1146 648 1207 694 XV.

340 804 432 868 aliud
461 817 577 884 orant,
611 813 709 884 quam
739 817 777 866 ut
805 801 957 868 Lusitani
976 801 1100 887 junctis
1131 801 1260 868 viribus
1290 801 1512 868 invadantur?

341 916 412 980 Iuro
438 914 533 979 etiam
556 929 671 998 rogant
694 913 834 978 Batavos
857 931 945 978 arces
968 928 1005 977 ut
1028 927 1156 978 struant
1175 931 1236 978 suo
1257 912 1289 977 in
1313 915 1405 978 solo:
1425 927 1514 978 tanta

343 1027 420 1092 fidei
453 1024 572 1090 fiducia
596 1041 655 1090 est.
702 1024 848 1089 Suadent
867 1023 951 1089 freta
973 1023 1077 1090 teneri
1101 1023 1311 1090 Malaccense
1334 1039 1368 1088 et
1388 1023 1515 1088 Sunda-

341 1157 432 1204 num.
479 1136 549 1202 Alii
581 1149 781 1201 commeatus
814 1134 959 1201 offerunt
993 1135 1034 1200 ad
1062 1134 1273 1200 obsidendam
1308 1133 1513 1213 Malaccam‚

342 1249 450 1314 sedem
483 1248 586 1331 ipsam
619 1246 813 1326 servitutis,
846 1245 985 1329 ejusque
1015 1244 1061 1310 rei
1095 1245 1166 1312 vias
1188 1259 1367 1312 ostentant.
1414 1243 1515 1330 Quod

342 1361 483 1442 amplius
506 1372 556 1426 est
578 1359 775 1424 Batavorum
800 1356 941 1422 amicitia
963 1355 1052 1438 ipsos
1073 1356 1159 1422 inter
1179 1376 1212 1422 se
1235 1355 1402 1421 conciliat.
1443 1354 1515 1439 Jam

343 1471 429 1536 inter
463 1469 683 1552 Taprobanen
715 1483 748 1534 et
783 1468 941 1534 Gelonem
976 1467 1114 1534 insulam
1146 1465 1277 1532 foedera
1310 1480 1515 1546 commeant,

345 1581 490 1647 Candiae
514 1596 547 1646 et
567 1579 691 1644 Achiui
713 1579 844 1664 regibus
864 1579 898 1644 in
919 1578 1100 1644 Lusitanos
1119 1576 1382 1663 conjurantibus.
1428 1577 1515 1642 Idem

343 1713 399 1758 rex
432 1692 635 1758 Achincnsis
657 1707 768 1757 vetera
792 1691 825 1756 in
844 1690 1015 1775 Jorensem
1039 1689 1114 1756 odia
1142 1689 1384 1756 Hollandorum
1416 1687 1517 1773 gratia

342 1803 504 1885 remittit,
529 1822 698 1884 unumque
728 1802 891 1868 intereos
914 1817 1075 1868 certamen
1099 1816 1171 1882 est,
1195 1817 1269 1868 uter
1291 1804 1366 1885 plus
1387 1799 1517 1866 Batavis

344 1929 499 1998 praestet.
553 1913 658 1980 Multi
689 1912 745 1978 alii
768 1932 859 1997 reges
890 1927 998 1996 aperte
1021 1912 1212 1998 jamdudum
1237 1912 1271 1977 in
1303 1931 1432 1978 causam
1462 1912 1518 1977 de-

345 2026 558 2107 scenderent,
572 2025 637 2090 nlsi
660 2023 852 2090 viderentur
875 2024 987 2090 Batavi
1009 2023 1050 2089 ad
1070 2025 1193 2090 bellum
1217 2023 1445 2090 Lusitanicurn
1468 2043 1518 2088 re·

345 2137 521 2202 missiores.
567 2135 661 2221 Quid
691 2135 819 2220 igitur?
853 2135 987 2227 Haecne
1019 2135 1199 2201 animorum
1225 2135 1394 2201 inclinatio
1417 2135 1518 2219 proji-

345 2248 459 2314 cienda
488 2246 562 2313 est?
596 2247 676 2312 Non
708 2245 811 2311 dicam
842 2245 878 2311 id
908 2261 1021 2311 contra
1044 2245 1219 2312 utilitatem
1243 2267 1313 2312 esse
1334 2245 1516 2328 publicam:

344 2381 386 2425 ne
420 2359 583 2443 integrum
617 2357 751 2439 quidem
784 2373 855 2440 est,
888 2377 928 2423 ex
960 2377 1027 2440 quo
1060 2359 1191 2424 illorum
1220 2360 1319 2424 urbes
1342 2360 1517 2440 obsessae,

346 2471 415 2555 agri
443 2469 587 2552 vastati,
610 2468 686 2554 pagi
709 2467 898 2533 inflammati
922 2484 1000 2535 sunt
1022 2489 1041 2534 a
1062 2469 1235 2536 Lusitanis
1256 2471 1454 2536 Batavorum
1475 2471 1518 2536 ob

347 2581 532 2646 amicitiam.
589 2579 721 2667 Quodsi
754 2580 888 2646 omnino
931 2581 1104 2646 societates
1136 2581 1216 2646 istae
1251 2601 1317 2647 non
1359 2580 1518 2647 fovendae

346 2693 470 2773 modu,
495 2692 553 2758 sed
583 2691 772 2758 excitandae
795 2691 891 2756 etiam
915 2692 1147 2776 augendaeque
1177 2707 1254 2759 sunt
1286 2693 1338 2777 (et
1372 2691 1518 2774 alioquin

347 2824 424 2870 sanc
448 2804 545 2869 etiam
569 2803 639 2886 ipsa
656 2818 837 2867 mercatura
859 2802 1064 2889 amittitur),
1089 2805 1182 2886 quod
1202 2805 1353 2889 gentibus
1378 2804 1519 2870 externis

346 2917 491 3000 pignus,
514 2915 606 2997 quod
633 2912 710 2979 fidei
734 2913 904 2979 vinculum
930 2913 1017 2982 erit?
1042 2915 1080 2980 ld
1101 2916 1278 2996 nimirum,
1302 2916 1395 2998 quod
1417 2935 1519 2980 unum

347 3040 529 3109 appetunt,
562 3040 601 3091 ut
632 3024 837 3105 Lusitanos,
869 3045 1011 3107 quorum
1034 3047 1069 3092 se
1092 3027 1203 3092 hostes
1227 3027 1340 3092 Batavi
1363 3025 1521 3108 proliten-

347 3153 424 3217 tur,
447 3136 608 3219 intrepide
629 3137 859 3223 aggrediantur
882 3141 1044 3220 agamque
1067 3157 1141 3203 cum
1154 3137 1219 3203 illis
1231 3137 1409 3203 hostiliter.
1433 3137 1518 3202 Nam

347 3249 436 3315 sicut
464 3268 523 3330 pro
554 3248 679 3316 meritis
707 3248 741 3313 in
763 3249 838 3314 illos
858 3248 1027 3314 vindicare
1047 3251 1173 3334 justum
1198 3263 1230 3314 et
1252 3250 1452 3327 honestum,
1476 3246 1521 3312 ira

347 3361 468 3426 eisdem
507 3379 638 3441 parcere
676 3360 760 3425 inter
799 3360 982 3443 suspiciosa
1018 3359 1155 3426 maxime
1196 3359 1353 3425 Indorum
1392 3358 1521 3442 ingenia

347 3470 569 3554 periculosum
602 3485 662 3536 est.
716 3471 801 3554 Ejus
829 3471 876 3536 rei
909 3490 1020 3537 recens
1052 3485 1278 3555 argumentum
1302 3471 1401 3536 dabo.
1446 3469 1522 3534 Rex

350 3581 497 3648 Candiae
518 3581 552 3646 in
574 3581 699 3647 Celone
721 3583 850 3663 insula,
875 3601 948 3649 cum
971 3603 1009 3648 eo
1032 3582 1177 3648 venisset
1197 3603 1237 3648 ex
1259 3582 1414 3648 Zelandia
1434 3581 1523 3665 Spil·

349 3695 491 3778 bergus‚
504 3708 631 3760 tantum
645 3694 678 3759 in
696 3713 748 3760 res
770 3694 908 3760 Brtavas
929 3694 1075 3759 studium
1099 3693 1354 3774 demonstravit,
1377 3707 1416 3758 ut
1434 3707 1524 3760 totos

350 3807 420 3872 dies
452 3805 536 3872 nihil
570 3807 683 3889 aliud,
708 3805 772 3872 nisi
796 3805 835 3870 de
860 3805 996 3872 historia
1020 3804 1097 3872 belli
1121 3806 1217 3872 istius
1247 3805 1444 3874 nobilissimi
1475 3805 1524 3870 in-

351 3917 518 4000 quireret‚

406 4029 528 4094 Multa
548 4045 648 4116 super
671 4028 811 4094 Priamo
836 4033 1012 4116 rogitans,
1033 4045 1134 4116 super
1154 4031 1296 4094 Hectora
1318 4029 1427 4094 multa
1449 4035 1468 4094 ¹.

395 4141 517 4223 Neque
538 4139 746 4208 invictissimi
764 4140 926 4224 Principis
947 4141 1098 4206 Mauritii
1121 4140 1281 4224 effigiem,
1304 4160 1413 4223 neque
1434 4140 1524 4207 Neo·

351 4253 480 4336 portani
502 4252 615 4336 praelii
636 4252 796 4336 picturam
820 4252 1025 4337 inspiciendo
1048 4271 1202 4334 umquam
1225 4251 1412 4317 satiabatur.
1452 4251 1521 4336 Jam

387 4488 394 4519 ¹
416 4488 497 4551 [Virg.
516 4492 579 4537 Aen.
602 4503 622 4536 1.
640 4504 678 4539 us.
694 4489 763 4550 aso]
