3450 5434
357 640 399 702 68
670 652 718 699 na
740 649 834 719 June
861 646 1240 699 connumeravit.

357 809 494 876 debetur
523 820 673 873 nostrum
696 804 817 872 dicitur
840 807 862 871 ¹.
909 802 974 869 Sed
1007 818 1113 869 tamen
1148 802 1285 887 exprimi
1316 800 1419 871 satitu
1451 799 1535 887 fuit,

356 940 431 985 cum
452 934 485 985 et
502 918 585 1005 juris
605 918 661 985 illa
681 915 805 983 fecialis
825 913 969 983 formula
992 918 1005 957 ²
1027 933 1094 981 non
1117 914 1183 981 alio
1202 930 1346 999 spectetr
1371 912 1536 999 Quaeres

356 1028 614 1108 nudauerant,
639 1048 696 1094 nec
719 1026 914 1107 solverunt,
936 1045 993 1089 nec
1006 1028 1195 1109 jecerunt,
1215 1045 1298 1112 quas
1321 1024 1422 1106 dari,
1432 1022 1537 1109 fieri,

354 1141 437 1210 solui
460 1144 623 1227 oportuit.
668 1138 762 1204 Plato
782 1136 880 1203 etiam
910 1136 944 1201 in
965 1136 1136 1203 Alcibiade
1166 1136 1341 1222 helingeri
1364 1136 1450 1203 dixit
1468 1156 1535 1203 non

354 1253 453 1320 modo
484 1252 512 1317 si
545 1249 684 1334 quievi
717 1248 921 1333 opprimatur
951 1263 1010 1313 aut
1040 1246 1223 1332 depiletur,
1247 1268 1362 1315 verum
1386 1246 1535 1315 etiamsi

301 1388 306 1394 ’
355 1364 513 1447 deceptus
541 1360 656 1428 fuerit.
710 1358 758 1427 Et
780 1360 902 1427 Seneca
927 1358 957 1425 'r
991 1358 1097 1424 Urbes
1128 1370 1255 1445 quoque
1285 1358 1424 1425 urbibus
1449 1380 1536 1446 puae

349 1476 555 1560 praestitere
585 1473 807 1559 exprobrant.
851 1468 944 1557 Quin
971 1483 1005 1537 et
1026 1469 1147 1537 Baldus
1165 1468 1178 1509 ⁴
1199 1469 1240 1537 de
1260 1470 1451 1555 pecuniario
1478 1472 1534 1539 de·

355 1585 426 1650 bito
447 1583 611 1668 exprimit.
644 1584 774 1671 Quarta
794 1596 844 1649 est
863 1582 909 1649 ob
929 1579 1125 1647 maleficium
1148 1579 1368 1666 injuriamque
1388 1596 1533 1657 omnem.

266 1705 273 1716 '
355 1714 439 1777 quae
470 1695 587 1777 iniquo
618 1694 726 1761 animo
748 1707 814 1759 tarn
836 1691 924 1760 facto
947 1710 1046 1774 quam
1069 1691 1179 1759 verbis
1202 1692 1364 1761 infertur:
1400 1696 1535 1780 Augus·

355 1806 445 1873 tinus
466 1809 501 1871 ⁸:
521 1808 628 1895 Justa
659 1814 771 1871 autem
801 1804 890 1870 bella
912 1801 1049 1887 definiri
1068 1804 1194 1888 solent,
1216 1824 1301 1890 quae
1322 1804 1535 1873 ulciscuntur*

354 1919 514 2003 injurias.
560 1916 616 1982 Sic
634 1936 714 2003 gens
734 1928 766 1981 et
784 1916 908 1984 ciuitas
925 1912 1071 2001 petenda
1092 1928 1160 1997 est,
1183 1936 1272 2002 quae
1286 1916 1342 1985 rel
1357 1915 1535 1985 uindicare

355 2028 566 2114 neglexerit,
590 2024 718 2112 quoda
741 2030 809 2092 suis
831 2026 977 2113 improbe
986 2026 1122 2110 factum
1143 2038 1214 2109 est,
1231 2027 1287 2096 nel
1296 2025 1537 2114 redderequad

350 2152 415 2224 per
434 2139 583 2223 injurs’as
603 2136 821 2203 allaturam.
845 2136 933 2203 Illud
944 2151 1053 2205 autem
1065 2136 1314 2223 intelligendum
1327 2152 1396 2219 est,
1418 2156 1534 2206 causas

254 2298 264 2308 ,
354 2266 436 2331 quas
445 2248 515 2314 dixi
527 2263 670 2331 quatuor
680 2248 778 2331 quasi
789 2247 939 2315 materiae
951 2248 1037 2327 loco,
1050 2245 1177 2314 easdem
1190 2266 1262 2315 esse
1274 2248 1308 2315 in
1321 2249 1410 2315 bello
1421 2264 1455 2316 et
1466 2248 1533 2334 pri·

353 2374 432 2427 vato
444 2359 634 2443 etpublico.
679 2358 744 2426 Sed
755 2360 883 2444 publici
899 2374 939 2426 ut
957 2360 1104 2443 exempla
1125 2358 1172 2425 ite
1192 2360 1266 2445 jura
1288 2359 1427 2427 certiora
1444 2376 1532 2429 sunt.

354 2469 1026 2553 Ettamenprivetumefficienteetforma
1049 2469 1173 2553 differt,
1185 2470 1322 2538 materia
1333 2490 1401 2539 non
1412 2472 1532 2539 differt

352 2581 405 2647 Ad
435 2579 656 2649 defensionem
680 2585 883 2665 nitelamque
905 2580 1051 2665 corporis
1071 2580 1122 2649 sui
1147 2582 1276 2666 privata
1298 2582 1351 2651 vis
1371 2582 1460 2669 iresca
1479 2594 1531 2650 est

354 2693 500 2759 omnium
523 2692 735 2759 animantium
757 2697 908 2777 exemplo
928 2697 951 2761 ⁸.
974 2691 1064 2765 Quin
1081 2694 1124 2761 td
1153 2712 1259 2761 rerum
1283 2694 1380 2761 etlam
1401 2706 1532 2762 suanam

354 2803 576 2871 defensionem
599 2818 657 2871 aut
688 2805 967 2889 recuperationem
989 2806 1013 2873 ⁷.
1058 2805 1178 2889 Neque
1207 2804 1387 2873 minusad
1418 2824 1534 2874 conse·

354 2916 522 2999 quendum
553 2916 588 2981 id
619 2916 711 2998 quod
740 2914 838 2984 nobis
868 2917 1005 2983 debetur
1021 2921 1045 2983 ⁸.
1093 2917 1204 2984 Etiam
1230 2916 1388 3001 expetitio
1409 2936 1534 3001 poenae

354 3044 394 3093 ex
427 3027 549 3094 delicto
576 3026 729 3109 priuatim
759 3026 982 3111 permittitur,
1007 3043 1045 3094 ut
1066 3028 1101 3096 in
1123 3029 1308 3096 adulterum
1327 3028 1428 3097 certis
1447 3028 1532 3096 cesi-

355 3266 549 3288 ..fl—...ud

388 3447 431 3499 ¹1.
444 3463 556 3499 meorum
571 3451 604 3501 de
619 3452 652 3502 V.
667 3455 691 3501 8.
710 3449 755 3517 [D.
774 3466 815 3511 so.
832 3454 871 3504 16.
884 3454 937 3520 pu]
973 3454 1057 3509 'Lim
1075 3461 1093 3508 l.
1110 3470 1132 3509 ι.
1151 3456 1255 3523 [usa]
1276 3460 1350 3509 Adde
1368 3458 1390 3520 i.
1407 3456 1531 3511 ommam.

352 3542 462 3590 insede
484 3539 757 3609 rct.[l.46.er.]
795 3544 856 3595 ⁸de
874 3546 959 3597 benef.
977 3550 994 3597 l.
1013 3559 1036 3608 p.
1054 3562 1076 3598 e.
1094 3549 1118 3598 ό.
1151 3548 1212 3599 ⁴ad
1234 3552 1251 3598 l.
1271 3563 1293 3598 1.
1315 3548 1341 3600 ff.
1357 3552 1389 3599 de
1406 3548 1467 3609 just.
1486 3548 1533 3617 [ll.

355 3644 377 3680 r.
397 3630 469 3693 1.1.]
504 3630 589 3695 ‘sup
603 3634 657 3698 Jos.
672 3636 690 3684 1.
704 3636 729 3685 ό.
750 3649 775 3697 q.
797 3649 835 3686 ιο.
854 3637 946 3687 citatur
962 3640 988 3687 in
1014 3654 1037 3689 c.
1060 3639 1194 3689 Dominus.
1213 3638 1302 3702 [Dect.
1322 3638 1392 3690 Grae.
1409 3654 1436 3703 p.
1454 3654 1478 3691 a.
1492 3650 1533 3700 es.

353 3732 377 3771 a.
395 3721 432 3783 a]
466 3720 512 3770 ¹1.
532 3724 636 3774 utvim.
654 3724 681 3774 n.
698 3725 929 3785 delectamine.
949 3724 993 3794 [D.
1013 3743 1035 3779 1.
1060 3726 1532 3793 1.3.]l.lsqulaggr.C.deriea·

351 3810 406 3861 riis.
434 3811 478 3875 [C.
498 3826 524 3876 p.
547 3814 585 3864 16.
606 3815 644 3879 a]
662 3818 680 3865 1.
700 3826 760 3879 pen.
776 3816 804 3867 ll'.
824 3820 857 3869 ed
874 3820 892 3867 l.
908 3820 959 3883 Jul.
978 3821 1009 3869 de
1027 3818 1054 3869 vi
1071 3820 1142 3881 publ.
1161 3819 1370 3885 [D.r8.6.11.]
1395 3836 1418 3871 c.
1434 3821 1532 3883 signifi·

350 3901 423 3952 casti.
451 3901 590 3973 [Decretal.
615 3918 638 3962 s.
663 3920 701 3956 ro.
724 3908 775 3972 ad]
804 3910 886 3958 clem.
901 3908 940 3958 tit.
958 3911 990 3960 de
1006 3908 1103 3959 homic.
1120 3914 1220 3961 volunt.
1241 3909 1270 3976 [l.
1293 3924 1317 3968 s.
1334 3922 1353 3961 t.
1367 3910 1407 3974 4.]
1442 3910 1533 3963 ²silv.

349 3993 376 4041 in
390 4007 417 4042 v.
430 3993 557 4043 Duellum.
574 3998 596 4053 5.
614 4008 638 4053 ³·
655 3997 720 4046 etin
734 4012 761 4047 v.
779 4000 886 4048 Bellum.
905 4014 928 4049 a.
946 4000 967 4063 ς.
982 4014 1020 4049 ιο.
1041 4014 1078 4050 rr.
1104 4002 1176 4051 sal.
1199 4014 1221 4050 r.
1238 4005 1261 4061 §-
1278 4002 1332 4051 vim
1355 4001 1482 4053 uiuido
1503 4002 1531 4054 vi

349 4093 450 4131 armata·
475 4081 520 4148 [D·
543 4085 641 4144 4o·16.
661 4088 795 4151 1·i·27·]
815 4103 839 4138 c.
855 4090 926 4139 olltn.
950 4091 981 4140 de
1003 4090 1153 4141 restituend.
1171 4090 1271 4153 spoliis.
1290 4092 1432 4155 [Decretal.
1449 4106 1474 4144 a.
1494 4106 1533 4153 η.

352 4172 403 4237 η]
422 4174 440 4223 l.
460 4188 482 4223 ι.
495 4176 525 4224 c.
543 4177 611 4226 unde
627 4176 665 4227 vi.
683 4177 727 4240 [C.
742 4181 766 4227 8.
783 4178 833 4244 ra]
850 4179 904 4231 l.sl
923 4181 988 4230 elius
1004 4181 1026 4244 ς.
1043 4181 1192 4232 bellisslme.
1209 4182 1236 4232 ff.
1258 4184 1329 4245 quod
1346 4182 1373 4232 vl
1398 4194 1440 4233 aut
1458 4187 1541 4235 elam*

349 4274 375 4313 et
392 4266 508 4323 ΗΜ.
526 4266 548 4315 si
564 4264 719 4325 edianuam.
736 4281 769 4318 eo
787 4268 827 4319 tit.
846 4270 891 4331 [D.
907 4282 949 4333 ⁴³·
965 4284 1006 4333 24
1024 4284 1049 4331 7.
1066 4276 1090 4331 s.
1107 4280 1171 4331 pet
1189 4284 1229 4323 aa.
1245 4276 1268 4332 ε.
1288 4271 1324 4337 a]
1359 4270 1472 4325 'Exod
1490 4287 1531 4325 aa.

350 4368 374 4403 a.
396 4367 420 4403 c.
436 4353 458 4403 sl
475 4356 631 4415 perfodiens.
649 4359 680 4407 de
695 4359 791 4409 bourie.
812 4357 951 4424 [Demetai
968 4372 992 4419 s.
1012 4376 1051 4412 ra.
1068 4361 1105 4427 3.]
1125 4365 1142 4413 l.
1163 4361 1198 4412 eit
1214 4372 1327 4425 praetor.
1348 4364 1409 4423 §.sl
1429 4364 1531 4415 debito·

349 4458 411 4493 rem.
427 4445 455 4494 n.
469 4459 534 4505 quae
550 4447 577 4497 in
589 4448 668 4500 fraud.
684 4452 753 4499 cred.
771 4448 815 4513 [D.
829 4463 871 4512 42.
887 4454 909 4501 b.
931 4464 970 4502 ro.
984 4455 1010 4511 ς.
1031 4452 1082 4515 ι6.]
1102 4455 1189 4505 lunoe.
1207 4454 1234 4503 ln
1250 4456 1275 4504 d
1297 4468 1320 4505 c.
1336 4454 1406 4505 olim.
1424 4458 1457 4505 de
1470 4466 1531 4507 ωε.

350 4537 417 4595 spol.
436 4549 462 4583 n.
483 4538 507 4585 8.
