3450 5434
362 575 403 653 56
677 593 723 638 ue
746 591 839 657 June
864 591 1048 638 rnneone.
1073 593 1152 638 cnr.
1178 591 1227 637 ιν.

361 745 446 810 mani
479 744 626 825 aequitas
657 745 690 809 in
719 746 816 810 rebus
848 743 1045 826 quibusdam
1077 742 1250 810 constituit
1272 744 1296 808 ¹.
1330 741 1400 806 Imo
1434 739 1531 804 etiam

361 854 419 922 ubi
439 857 493 940 jus
512 855 600 922 deest
622 852 819 939 benignitate
841 856 1003 921 interdum
1027 856 1062 921 id
1083 854 1206 920 factum
1229 852 1377 947 legimus.
1418 851 1532 930 Atque

362 965 407 1030 ita
426 966 631 1043 Abrahamus
651 965 737 1032 idem
759 981 828 1031 tum
852 964 990 1043 fecerit,
1014 966 1105 1048 quod
1115 965 1254 1032 Romani
1267 963 1364 1044 alias,
1385 961 1531 1044 quicap-

360 1075 403 1142 tis
421 1075 616 1142 Volscorum
647 1075 759 1141 castris
780 1075 912 1142 Latinis
940 1092 1040 1159 atque
1059 1075 1215 1142 Hernicis
1234 1074 1334 1141 sociis
1356 1072 1465 1138 edicto
1489 1068 1531 1134 ad

359 1206 409 1253 res
432 1187 674 1272 cognoscendas
694 1186 820 1252 vocatis
843 1186 969 1253 easdem
999 1187 1212 1254 reddiderunt
1234 1190 1256 1253 ².
1280 1186 1369 1250 Idem
1392 1183 1532 1248 Volum-

358 1298 432 1363 nius
456 1312 488 1363 et
517 1311 630 1381 postea
660 1295 798 1362 Attilius
818 1296 958 1363 devictis
979 1298 1207 1379 Samnitibus,
1242 1297 1326 1362 idem
1358 1293 1532 1361 Gracchus

357 1423 389 1472 et
412 1406 573 1473 Aemilius
594 1406 793 1473 factitarunt.
838 1407 911 1473 Nec
931 1409 1023 1474 aliter
1044 1408 1156 1491 Scipio
1177 1406 1351 1474 constituit
1370 1402 1532 1487 superatis

357 1501 526 1585 Lusitanis
555 1533 654 1600 atque
683 1518 779 1584 etiam
801 1533 895 1602 capta
916 1519 1116 1603 Carthagine
1136 1519 1171 1585 in
1191 1518 1293 1603 signis
1314 1531 1347 1582 et
1369 1513 1527 1592 donariis,

357 1649 440 1711 quae
460 1628 647 1696 Siculorum
667 1628 806 1696 fuerant.
853 1629 1029 1695 Caeterum
1049 1629 1183 1696 videant
1201 1629 1230 1694 si
1251 1628 1310 1711 qui
1330 1640 1431 1708 sunt,
1455 1625 1530 1706 qui·

356 1741 418 1806 bus
438 1741 515 1805 haec
533 1759 599 1805 non
621 1743 768 1823 placent,
788 1759 875 1822 quos
895 1740 986 1806 viros
1009 1754 1042 1806 et
1060 1742 1173 1822 quales
1195 1740 1431 1805 condemnent:
1455 1755 1529 1800 cum

354 1849 489 1934 praedas
524 1849 628 1934 egisse
658 1853 803 1935 legamus
822 1863 855 1915 et
872 1850 999 1917 Mosem
1020 1849 1057 1933 ⁸,
1080 1852 1243 1933 exemplar
1259 1847 1406 1934 justitiae
1426 1848 1532 1911 multo

356 1961 477 2027 certius
498 1980 595 2043 quam
614 1959 678 2026 fuit
697 1976 754 2026 aut
772 1960 948 2047 Lycurgus
965 1978 1023 2028 aut
1038 1961 1220 2039 Aristides,
1240 1977 1273 2026 et
1289 1958 1531 2026 sanctissimum

356 2073 473 2138 ducem
493 2071 627 2155 Josuam
649 2070 661 2108 ⁴
682 2085 714 2136 et
732 2070 896 2138 Davidem
916 2072 990 2139 Deo
1020 2071 1252 2138 amicissimum
1281 2090 1388 2154 regem
1408 2073 1439 2148 ε;
1461 2084 1531 2134 tum

356 2201 435 2248 vero
466 2181 646 2246 Rubenius
680 2201 755 2246 cum
790 2181 923 2248 Gaditis
957 2197 990 2249 et
1018 2199 1108 2266 parte
1135 2182 1388 2250 Manassitarum
1409 2186 1449 2261 ⁸,
1473 2179 1531 2261 qui

356 2291 502 2358 hostium
534 2291 648 2373 spoliis
674 2291 768 2358 ditati
790 2292 863 2359 ideo
887 2293 1099 2373 scribuntur,
1123 2293 1201 2376 quia
1224 2291 1378 2362 fiduciam
1402 2295 1437 2357 in
1457 2292 1531 2356 Deo

357 2404 618 2484 collocaverant,
642 2404 787 2486 itemque
797 2405 899 2470 Asam
913 2404 1097 2488 Principem
1114 2403 1283 2488 religionis
1292 2404 1424 2480 nomine
1443 2421 1532 2468 sum·

357 2532 488 2596 mopere
517 2514 778 2581 commendatum
798 2517 821 2582 ⁷.
867 2516 971 2603 Quod
1000 2514 1028 2582 si
1060 2516 1100 2581 ad
1130 2515 1339 2583 Christianos
1361 2513 1532 2596 Principes

358 2623 532 2704 venimus,
564 2622 749 2691 invenietur
783 2645 878 2691 nemo
907 2625 966 2709 qui
993 2645 1059 2692 non
1080 2629 1227 2710 exempla
1245 2627 1300 2692 illa
1322 2640 1457 2699 secutus
1476 2625 1531 2689 sit

360 2733 509 2800 Tametsi
529 2733 613 2800 enim
633 2736 896 2803 Christianorum
916 2737 1063 2803 moribus
1086 2753 1119 2811 et
1144 2737 1276 2820 quidem
1296 2755 1367 2801 sero
1390 2735 1533 2802 servitus

360 2845 586 2929 exoleverit⁸,
612 2843 722 2935 (cuius
740 2833 785 2912 rei
806 2847 935 2913 diversa
956 2847 1039 2912 ratio
1059 2847 1274 2914 demonstrari
1293 2845 1386 2912 facile
1401 2860 1531 2930 posset,

360 2956 424 3023 nisi
447 2958 487 3023 ab
509 2958 662 3023 instituto
686 2959 750 3023 hoc
777 2956 989 3042 discederet),
1021 2977 1149 3024 manere
1180 2972 1288 3024 tamen
1319 2957 1402 3024 illud
1423 2972 1461 3022 ut
1480 2975 1533 3022 res

360 3082 472 3151 captae
496 3067 583 3133 bello
606 3067 812 3151 capientibus
829 3084 1026 3148 quaerantur
1048 3070 1137 3152 apud
1155 3084 1295 3135 cunctos
1310 3068 1395 3154 juris
1414 3068 1533 3152 magis·

202 3215 274 3262 M,
287 3226 337 3262 cosa
361 3192 430 3244 tros
450 3179 653 3261 exploratum
675 3193 724 3242 est
744 3175 764 3243 ⁹.
809 3177 933 3242 Verum
958 3178 1143 3245 testimonia
1162 3180 1196 3244 in
1219 3199 1389 3246 numerum
1412 3198 1533 3264 conge·

201 3268 430 3369 lssf‘⁰⁸¹'⁶'rere
462 3287 545 3353 nihil
577 3288 630 3353 hic
652 3307 746 3371 opus.
792 3288 984 3373 Theologos
1006 3290 1202 3373 poscimus‘.²
1257 3290 1311 3356 En
1340 3309 1441 3357 unum
1471 3309 1532 3373 pro

360 3399 514 3467 omnibus
542 3399 766 3484 Augustinum
788 3402 823 3467 ¹⁰.
870 3400 908 3465 Si
930 3421 998 3486 qua
1011 3403 1088 3486 jam
1114 3405 1264 3488 praecisi
1278 3401 1445 3487 possidere
1463 3423 1531 3466 coe·

354 3515 478 3598 pistis,
502 3515 583 3597 quia
602 3512 690 3579 uobis
709 3510 827 3577 abluta
847 3512 936 3580 nobis
955 3510 1105 3578 dominus
1126 3511 1217 3577 Deus
1242 3512 1358 3594 dedit,
1377 3534 1440 3577 uon
1460 3511 1532 3578 idco

360 3678 552 3689 ——u—-n

394 3744 450 3794 ¹0.
468 3746 500 3794 de
515 3747 592 3805 postl.
618 3758 672 3794 rev.
690 3747 706 3792 l.
724 3745 755 3792 ab
775 3745 908 3798 hostibus.
927 3745 953 3793 in
978 3744 1036 3799 fine.
1062 3746 1106 3807 [C.
1132 3749 1215 3802 8.51.
1236 3746 1287 3811 ra]
1315 3750 1346 3796 V.
1367 3750 1433 3809 Aug.
1450 3746 1488 3796 ibi
1504 3758 1531 3796 et

359 3835 458 3899 jemand
475 3835 523 3895 leg.
542 3849 565 3883 a.
582 3835 607 3883 ff.
625 3837 656 3884 de
674 3849 730 3896 aeq.
747 3849 817 3896 poss.
856 3833 901 3898 [D.
917 3849 959 3896 41.
978 3836 1017 3898 2].
1033 3849 1059 3884 n.
1079 3849 1105 3884 11
1126 3849 1151 3884 et
1173 3851 1211 3886 ια.
1228 3835 1239 3868 ²
1256 3838 1313 3886 Liv.
1333 3837 1362 3900 [l.
1386 3851 1412 3898 4.
1438 3852 1461 3886 c.
1490 3851 1532 3900 29.

360 3929 377 3976 l.
398 3940 435 3975 ro.
453 3939 477 3975 c.
512 3939 552 3973 ao.
578 3938 603 3974 et
628 3929 645 3974 l.
663 3940 704 3988 24.
728 3940 751 3975 c.
772 3926 822 3988 ι6.]
842 3938 868 3974 et
881 3927 970 3987 Polyb.
990 3925 1019 3990 [l.
1038 3941 1061 3974 a.
1079 3941 1102 3976 c.
1120 3927 1176 3990 su]
1211 3927 1315 3977 ³Num.
1334 3939 1372 3985 31.
1393 3943 1417 3989 9.
1449 3927 1532 3991 ⁴Jos.

360 4021 384 4066 8.
402 4029 443 4074 27.
461 4029 485 4065 et
504 4017 586 4065 228.
618 4015 710 4065 lsam.
732 4029 809 4074 nso.
828 4029 946 4065 aecta.
966 4020 989 4065 8.
1008 4018 1135 4066 Chromr.
1157 4021 1196 4066 18.
1228 4018 1533 4074 ⁸.Chron.r.s.18et

361 4121 414 4169 seq.
447 4104 571 4155 ⁷Chron.
606 4121 627 4154 2.
657 4119 695 4166 14.
728 4107 773 4154 ⁸1.
800 4107 826 4154 in
851 4109 944 4166 pecud.
965 4106 991 4155 ff.
1009 4109 1041 4155 de
1058 4121 1126 4156 usur.
1145 4107 1190 4172 [D.
1208 4122 1248 4156 aa.
1268 4122 1289 4157 1.
1307 4107 1360 4172 alh]
1396 4107 1479 4157 ⁹luta.
1504 4110 1533 4159 in

359 4213 383 4248 c.
401 4197 471 4246 olim.
489 4200 589 4247 dercst.
606 4199 676 4256 spol..
692 4195 830 4259 [Decretal.
850 4211 873 4246 a.
894 4197 995 4261 13.12.]
1015 4199 1074 4245 Pan.
1094 4198 1119 4246 in
1133 4213 1156 4247 c.
1168 4200 1242 4248 sicut.
1257 4203 1301 4248 ult.
1319 4197 1532 4257 deiurcjurando.
1704 4226 1706 4299 p

363 4289 501 4353 [Decretal.
523 4302 546 4337 a.
573 4301 613 4348 24.
637 4286 688 4350 29.]
724 4301 749 4333 n.
774 4291 797 4334 8.
822 4290 888 4335 Bart.
911 4291 943 4336 ad
968 4291 986 4335 l.
1004 4291 1098 4337 hostes.
1117 4289 1144 4336 in
1162 4289 1213 4337 linc
1238 4290 1264 4337 o.
1291 4292 1323 4338 de
1341 4303 1408 4350 capt.
1428 4289 1471 4353 [D.
1489 4305 1532 4353 49.

357 4389 402 4436 15.
422 4378 472 4442 24]
510 4380 562 4426 Bal.
581 4378 607 4425 in
623 4380 639 4424 l.
657 4392 681 4436 4.
700 4379 728 4423 C.
746 4379 777 4425 de
794 4379 844 4438 ing.
862 4391 925 4426 man.
947 4379 989 4439 [C.
1004 4392 1028 4436 7.
1045 4379 1094 4441 14]
1122 4381 1197 4428 Mart.
1215 4382 1292 4430 Laud.
1310 4384 1341 4429 dc
1359 4383 1429 4430 bello
1446 4396 1472 4441 q.
1493 4395 1531 4442 ¹9·

363 4468 383 4501 ¹⁰
401 4483 423 4518 c.
441 4469 489 4518 litt.
508 4469 580 4517 Perii.
599 4469 690 4516 citatur
706 4469 732 4516 in
747 4480 768 4515 c.
789 4483 811 4517 2.
832 4467 919 4531 [Dect.
938 4472 1006 4518 Grat.
1024 4484 1049 4530 p.
1069 4484 1091 4517 a.
1111 4483 1150 4527 23.
1169 4469 1205 4533 7.]
