3450 5434
356 583 418 663 296
651 600 698 645 ure
721 598 815 663 June
841 595 1026 643 puerone.
1052 597 1134 642 car.
1160 599 1239 646 xrrr.

197 774 247 875 15²
270 774 341 873 233.
355 776 396 820 es.
442 753 562 820 Praeda
580 769 686 818 autem
707 751 784 817 belli
805 750 954 835 publici,
980 765 1017 815 ut
1040 750 1117 816 alibi
1147 751 1312 837 diximus,
1338 753 1533 838 simpliciter

198 860 276 942 rr'p.
293 859 342 928 rr'
356 866 488 949 quidem
520 880 551 931 et
572 865 644 948 ipso
664 866 738 949 jure
760 863 943 946 acquiritur
964 862 1182 945 reipublicae:
1208 866 1264 930 sed
1294 881 1405 948 potest
1427 864 1534 950 assig-

354 977 487 1044 natione
514 976 648 1060 speciali
678 991 735 1043 aut
755 975 898 1061 generali
919 977 989 1060 lege
1014 974 1119 1056 effici,
1145 989 1182 1041 ut
1203 975 1255 1041 his
1277 976 1359 1059 ipsis
1380 977 1531 1059 acquira-

354 1103 426 1169 tur,
438 1109 496 1172 per
515 1109 600 1171 quos
619 1088 767 1171 praedam
791 1086 975 1170 respublica
991 1087 1196 1169 acquireret,
1220 1102 1277 1152 aut
1299 1103 1367 1153 tota
1387 1103 1445 1154 aut
1468 1107 1531 1170 pro

355 1218 456 1283 parte.
502 1199 753 1266 Consuetudine
786 1214 894 1264 autem
928 1197 1151 1264 vetustissima
1184 1197 1313 1264 Galliae
1343 1213 1375 1264 et
1397 1199 1530 1284 Belgii,

196 1326 425 1378 ,enarratum
456 1330 536 1377 vero
569 1325 601 1375 et
630 1313 702 1394 lege
731 1309 865 1392 speciali
900 1309 1095 1376 Batavorum
1140 1310 1210 1393 eJ'us
1243 1310 1402 1392 praedae,
1443 1331 1530 1391 quae

197 1379 335 1425 lustrante·

196 1435 344 1534 3233&
355 1423 490 1507 publico
521 1423 654 1505 quidem
678 1421 830 1487 mandato
860 1436 953 1505 capta
983 1436 1052 1503 est,
1076 1421 1135 1486 sed
1158 1422 1198 1486 ab
1221 1420 1261 1486 iis
1280 1421 1421 1488 navibus
1445 1441 1531 1504 quas

196 1541 236 1588 ets.
354 1535 474 1618 privati
495 1535 714 1614 adornarunt,
737 1554 811 1616 pars
833 1533 948 1617 quinta
971 1533 1191 1615 reipublicae,
1216 1531 1340 1598 decima
1362 1532 1529 1616 praefecto

355 1645 451 1712 maris
483 1647 639 1711 debetur:
665 1646 756 1730 quod
787 1659 888 1710 restat
915 1644 949 1709 id
972 1645 1057 1711 inter
1077 1644 1292 1724 exercitores,
1314 1645 1528 1737 capitaneos,

354 1757 506 1823 officiales
527 1773 709 1839 nautasque
732 1756 893 1822 dividitur
912 1758 1005 1840 juxta
1029 1775 1134 1821 mores
1156 1771 1213 1822 aut
1234 1771 1329 1838 pacta
1348 1771 1525 1822 conventa.

353 1872 464 1957 Quare
485 1892 559 1937 cum
583 1891 682 1937 naves
704 1869 854 1953 propriae
877 1867 999 1935 fuerint
1019 1869 1122 1952 ipsius
1146 1867 1334 1948 societatis,
1370 1868 1528 1934 navarchi

353 1996 385 2046 et
407 1996 526 2048 nautae
549 1999 662 2047 omnes
683 1981 850 2049 societatis
871 1980 1037 2062 stipendio
1061 1980 1240 2063 conducti,
1273 2001 1358 2046 arma
1381 2001 1399 2046 a
1421 1981 1526 2048 socie·

352 2107 417 2159 tate
455 2093 588 2173 addita,
629 2111 725 2159 omne
771 2091 915 2173 denique
957 2092 1139 2175 periculum
1182 2107 1377 2175 sumtusque
1418 2093 1527 2160 omnis

351 2204 538 2270 societatem
571 2204 789 2287 spectaverit,
823 2224 883 2268 nec
918 2205 1016 2269 ullam
1048 2203 1229 2268 mercedem
1252 2203 1438 2286 respublica
1461 2205 1525 2287 ipsi

205 2333 241 2377 a:
259 2335 337 2382 coroa.
351 2315 559 2399 promiserit,
592 2335 657 2380 non
690 2318 761 2400 lege
778 2330 905 2382 tantum
924 2316 999 2397 illa,
1024 2315 1081 2380 sed
1103 2315 1268 2382 communi
1293 2315 1389 2381 etiam
1412 2336 1523 2398 recep

190 2398 240 2448 ’ᾳ
258 2389 290 2434 X'
351 2442 453 2509 toque
482 2430 579 2513 jure,
604 2443 694 2493 extra
715 2427 751 2494 id
781 2429 874 2509 quod
896 2426 1081 2510 specialiter
1104 2442 1276 2510 exceptum
1308 2441 1357 2492 est
1377 2443 1410 2492 et
1431 2427 1526 2509 quod

350 2539 460 2606 nautis
489 2539 649 2620 debetur,
683 2539 801 2622 praeda
824 2538 931 2604 omnis
954 2537 995 2602 ad
1017 2538 1204 2604 societatem
1231 2538 1384 2620 pertinet.
1431 2538 1524 2604 Con-

191 2672 259 2719 nara
277 2673 300 2720 a.
316 2691 337 2733 μ
351 2651 444 2716 venit
474 2652 553 2716 haec
585 2650 754 2717 conclusio
776 2651 917 2734 primum
942 2669 1015 2716 cum
1047 2650 1207 2717 sententia
1227 2649 1375 2734 judicum
1398 2649 1524 2716 mariti-

191 2730 296 2837 wt-
313 2744 336 2776 ⁰'
350 2782 502 2842 morum,
526 2761 584 2843 qui
607 2762 648 2827 ad
670 2761 925 2845 postulationem
947 2761 1114 2826 societatis
1132 2761 1279 2841 Indicae,
1303 2762 1428 2828 vocatis
1452 2783 1522 2828 om-

350 2871 447 2938 nibus
483 2892 623 2954 quorum
654 2873 689 2938 id
720 2873 873 2939 intererat
904 2887 936 2938 et
959 2893 1054 2938 causa
1077 2894 1117 2938 ex
1140 2873 1336 2940 eremodicio
1364 2875 1520 2959 cognita,

349 2984 605 3067 pronuntiarunt
617 2985 749 3069 jartam
765 2983 929 3069 praedam
947 3005 991 3048 aa
1005 2985 1089 3069 jure
1095 2999 1237 3070 partam
1256 2986 1367 3052 videri
1377 3008 1390 3050 .·
1404 2987 1521 3053 deinde

349 3115 429 3160 vero
463 3115 538 3159 curn
571 3094 702 3160 decreto
738 3094 900 3160 Ordinum
933 3095 1147 3174 Hollandiae3
1183 3097 1241 3178 qui
1265 3116 1338 3161 cum
1362 3098 1520 3164 adversus

349 3206 493 3271 eamdem
516 3205 705 3271 societatem
735 3205 790 3290 jus
814 3205 886 3271 fisci
914 3205 947 3271 in
967 3206 1222 3272 controversiam
1243 3221 1440 3289 votaretur,
1463 3229 1520 3292 ap·

348 3317 484 3400 probata
499 3317 617 3399 praeda
637 3315 746 3381 verbis
766 3336 863 3398 quam
885 3316 1242 3397 honorificentissimis,
1270 3318 1390 3400 fiscali,
1404 3341 1519 3401 quaes·

349 3427 476 3492 toribus
509 3443 542 3492 et
572 3427 700 3491 cunctis
723 3427 967 3512 magistratibus
991 3427 1184 3510 edixerunt,
1208 3430 1258 3496 uti
1279 3451 1348 3496 eam
1368 3432 1518 3514 praedam

348 3553 381 3604 et
410 3557 494 3619 quae
517 3537 550 3601 in
573 3552 740 3619 posterum
759 3539 847 3622 apud
868 3539 967 3604 Indos
988 3556 1203 3623 caperentur,
1227 3556 1339 3628 utpote
1358 3543 1438 3607 belli
1454 3557 1519 3628 pu-

348 3649 428 3714 blici
449 3653 719 3734 consequentias,
740 3650 875 3715 arbitrio
899 3649 1062 3716 Ordinum
1085 3650 1325 3719 foederatorum
1344 3669 1376 3718 et
1388 3654 1519 3740 collegii

347 3759 500 3826 maritimi
541 3759 778 3843 permitterent.
832 3761 879 3826 Et
919 3762 998 3828 haec
1033 3763 1164 3845 quidem
1197 3765 1239 3829 ad
1269 3764 1518 3847 explicationem

347 3873 440 3956 ejus,
466 3892 549 3953 quae
574 3871 669 3937 initio
689 3872 857 3955 proposita
879 3871 963 3955 fuit,
989 3874 1195 3956 quaestionis
1218 3876 1365 3941 sufficere
1388 3877 1519 3943 debent

215 3992 331 4042 rarsrlt
347 3983 412 4050 Sed
442 4004 484 4048 ne
517 3982 591 4066 quis
615 3982 658 4048 sit
680 3977 865 4068 refragandi
888 3985 980 4049 locus
1002 3985 1192 4070 adjiciemus
1212 4001 1244 4052 et
1264 3986 1367 4052 illud:
1392 3987 1519 4054 etiamsi

346 4108 378 4159 et
401 4114 530 4159 causam
564 4093 726 4158 Ordinum
760 4109 792 4160 et
820 4095 972 4160 mandata
995 4098 1035 4161 ab
1058 4097 1121 4162 hoc
1144 4096 1233 4162 facto
1256 4117 1444 4180 removeas,
1468 4099 1519 4164 ni·

345 4205 523 4271 hilominus
558 4206 680 4270 bellum
715 4225 782 4270 non
814 4206 940 4288 justum
975 4221 1101 4273 tantum
1130 4207 1255 4292 fuisse,
1280 4229 1394 4276 verum
1420 4210 1515 4276 etiam

343 4316 513 4400 publicum
542 4332 575 4383 et
608 4317 759 4400 praedam
786 4317 935 4383 societati
959 4319 1089 4386 Indicae
1113 4321 1326 4403 acquisitam:
1351 4321 1453 4404 idque
1476 4343 1515 4388 ex

343 4447 456 4493 eorum
475 4429 549 4512 iure
569 4428 691 4511 quibus
714 4428 823 4495 eadem
847 4428 987 4497 societas
1009 4431 1207 4498 bellantibus
1228 4452 1286 4515 per
1306 4431 1514 4501 administros
