3450 5434
537 600 585 645 na
607 599 702 666 June
728 598 911 648 eumenen.
937 602 1016 649 cnr.
1041 603 1090 650 xr.
1341 598 1402 674 185

230 758 389 839 falsisque
419 751 729 835 criminationibus,
763 769 801 820 ut
828 775 885 821 rex
908 755 977 839 ipse
999 772 1112 840 postea
1133 757 1307 828 confessus
1329 780 1401 845 est,

229 890 304 935 cum
335 866 477 933 navibus
506 864 642 930 insidias
673 864 885 949 posuissent,
920 867 1039 952 viginti
1068 884 1125 935 aut
1154 873 1254 952 paulo
1290 875 1402 958 plures

228 980 381 1047 homines
416 978 558 1043 Batavos
587 977 807 1059 deprehensos
835 976 1082 1062 confoderunt,
1113 980 1287 1049 duodecim
1319 986 1402 1052 alios

228 1105 391 1158 venenato
422 1088 506 1155 araci
533 1102 617 1172 potu
638 1087 672 1152 in
694 1086 839 1154 furorem
862 1090 1081 1173 morbumque
1103 1108 1263 1177 egerunt,
1288 1112 1402 1179 captos

228 1203 438 1269 abduxerunt
468 1217 546 1277 sex,
578 1218 639 1264 nec
674 1218 751 1265 sane
781 1220 822 1265 ex
845 1194 958 1265 infima
981 1216 1151 1268 nautarum
1175 1205 1292 1289 plebe,
1316 1226 1401 1289 quos

226 1312 401 1380 tormentis
419 1311 603 1382 duobuset
623 1310 788 1377 mercibus
807 1310 924 1376 redimi
945 1312 1107 1394 oportuit.
1155 1312 1273 1398 Neque
1297 1322 1401 1386 multo
1413 1343 1483 1390 Am
1495 1343 1544 1390 eoa.

227 1441 304 1509 post
325 1444 399 1489 cum
418 1422 563 1508 Jacobus
584 1421 868 1504 Hemskerclrius,
894 1422 920 1487 is
944 1424 1042 1507 qu‘us
1065 1425 1182 1493 virtuti
1214 1428 1297 1509 ultio
1322 1430 1401 1496 haee

228 1552 260 1603 et
280 1551 416 1619 captura
448 1534 605 1612 debetur,
637 1533 671 1599 in
705 1533 776 1599 illas
807 1548 916 1616 partes
947 1534 1116 1617 venisset,
1139 1557 1196 1603 rex
1221 1541 1400 1623 Dammae,

227 1649 351 1713 amicus
372 1662 411 1712 ut
426 1648 467 1711 ab
491 1644 587 1710 initio
607 1643 713 1728 patuit
736 1658 769 1709 et
791 1642 979 1712 foederatus
1000 1646 1142 1713 nationis
1165 1648 1399 1735 Lusitanicae,

228 1759 333 1825 officia
366 1776 426 1825 sua
460 1772 494 1823 et
523 1754 754 1822 commercium
787 1758 876 1821 ultro
904 1757 1047 1822 obtulit:
1079 1759 1226 1825 nascitur
1259 1763 1399 1831 enimin

228 1890 328 1955 regno
353 1872 424 1955 ejus
447 1886 563 1953 magna
583 1866 636 1932 vis
659 1886 799 1951 oryzae:
822 1866 881 1932 sed
903 1888 940 1933 ea
958 1887 1016 1951 spe
1039 1884 1076 1934 ut
1097 1890 1195 1936 naves
1219 1892 1258 1937 ex
1279 1872 1400 1956 impro-

226 1982 301 2048 viso
333 1980 526 2061 invaderet,
556 1998 641 2061 quae
672 1992 850 2061 postquam
879 1977 1021 2059 fefellit,
1044 1980 1164 2066 viginti
1188 1982 1337 2053 homines
1359 1987 1401 2051 ad

227 2106 401 2159 mercatum
436 2090 555 2157 missos
595 2089 739 2155 detinuit
768 2092 937 2173 captivos:
972 2111 1113 2173 quorum
1150 2109 1226 2160 octo
1262 2097 1398 2162 redemti

218 2220 324 2273 sunt:
354 2202 492 2269 caeteris
523 2221 565 2266 ne
596 2201 659 2267 ltoc
684 2201 818 2283 quidem
839 2202 1004 2287 contigit,
1027 2202 1085 2268 sed
1108 2219 1146 2269 ut
1167 2206 1252 2271 viles
1274 2208 1399 2274 animae

225 2318 259 2382 in
291 2334 387 2381 usum
422 2315 606 2395 bellorum,
638 2332 723 2395 quae
753 2327 822 2377 tum
856 2312 924 2397 regi
948 2333 1022 2378 cum
1045 2313 1194 2382 finitimis
1217 2317 1398 2386 intercede·

227 2427 327 2508 bant,
360 2438 591 2508 seponuntur,
625 2423 814 2506 inquibus
843 2424 930 2506 viri,
956 2443 1022 2491 non
1041 2445 1157 2510 genere
1176 2429 1279 2514 magis
1300 2450 1397 2514 quam

226 2537 411 2604 eruditione
430 2534 653 2615 nobilissimi,
676 2534 812 2600 Dousae
835 2532 926 2601 lilius
948 2533 1024 2601 fuit.
1312 2524 1322 2533 ”

268 2652 317 2715 At
342 2666 409 2714 non
436 2648 532 2713 etiam
561 2645 680 2712 sufficit
707 2645 772 2713 illis
792 2646 960 2711 mandasse
983 2646 1075 2713 odia:
1099 2650 1313 2732 nequeenim
1333 2668 1397 2719 tam
1410 2683 1491 2731 Ama,
1508 2682 1555 2729 ιη,

222 2763 332 2828 lentus
361 2774 411 2825 est
440 2759 611 2825 nationum
642 2756 892 2840 Hispanicarum
922 2756 1038 2840 furor,
1071 2774 1109 2825 ut
1142 2762 1214 2827 viso
1240 2762 1397 2846 inimice,

224 2887 380 2961 concepta
407 2890 465 2954 spe
488 2868 649 2948 nocendi,
672 2868 793 2934 alienas
812 2887 939 2951 semper
960 2888 1074 2936 manus
1103 2887 1283 2953 exspectet:
1307 2896 1398 2958 prae·

223 2982 320 3065 cipue
340 2982 368 3049 si
388 2980 521 3062 quando
541 2978 710 3062 perfidiam
733 2994 766 3045 et
782 2982 953 3047 sceleratas
969 2980 1101 3049 fraudes
1113 2981 1233 3047 fidncia
1245 2984 1398 3069 impuniti

223 3112 395 3161 successus
414 3092 542 3157 invitat.
589 3091 683 3157 Sicut
703 3090 808 3174 primo
827 3091 1065 3159 Hollandorum
1089 3094 1121 3159 in
1145 3093 1291 3162 Orientis
1306 3097 1399 3165 insu·
1409 3134 1479 3181 Am
1494 3144 1554 3195 ,Μ

222 3206 269 3270 las
299 3205 443 3271 adventu
472 3203 699 3287 Tornagonem
729 3203 995 3286 Bantamensem,
1031 3206 1179 3272 eumdem
1212 3227 1269 3289 per
1299 3230 1396 3291 quem

222 3330 335 3398 postea
354 3316 394 3379 ad
403 3315 635 3399 Janlranjavam
649 3312 827 3396 dispositae
838 3313 975 3381 fuerunt
987 3316 1142 3399 insidiae,
1161 3318 1396 3401 sollicitarunt,

222 3442 260 3491 ut
291 3429 392 3492 duces
420 3440 452 3490 et
481 3424 613 3490 navium
633 3425 807 3508 magistros
832 3425 866 3490 in
896 3426 1007 3492 villam
1028 3448 1119 3493 suam
1146 3429 1233 3512 (erat
1261 3431 1339 3496 haec
1362 3430 1395 3497 irr

221 3537 351 3622 littore)
372 3538 414 3602 ad
434 3556 564 3603 caenam
586 3536 754 3603 invitaret:
774 3556 843 3619 quo
861 3552 1008 3620 tempore
1029 3540 1203 3606 consilium
1217 3540 1280 3607 illis
1292 3539 1394 3609 fuisse

219 3648 291 3732 ipse
312 3645 464 3733 Tomago
487 3662 602 3730 postea
635 3648 802 3713 nuntiavit
832 3648 964 3733 navigio
989 3649 1021 3714 in
1043 3670 1110 3715 eam
1131 3651 1250 3718 littoris
1270 3670 1392 3737 partem

219 3762 403 3843 appellere,
431 3759 601 3844 captisque
631 3759 783 3826 convivis
812 3776 846 3826 et
879 3760 1111 3845 convivatore,
1145 3763 1250 3846 ipsum
1283 3766 1392 3832 statim

219 3871 406 3951 dimittere,
431 3872 617 3937 Hollandos
639 3886 747 3937 autem
772 3872 952 3937 Malaccam
973 3872 1158 3956 deportare:
1182 3874 1245 3940 nisi
1263 3896 1331 3941 eam
1352 3876 1393 3943 ad

217 4001 283 4046 rem
307 3980 458 4066 Tomago
473 3979 673 4065 praefectum
693 3982 819 4049 veritus
838 3982 1052 4049 ministerium
1075 4004 1172 4051 suum
1192 3986 1391 4070 denegasset

215 4094 264 4159 At
283 4108 457 4176 postquam
480 4093 607 4175 ipsum,
629 4092 716 4158 sicut
726 4093 888 4174 diximus,
901 4092 1100 4175 praefectum
1115 4095 1266 4162 Lusitani
1280 4115 1391 4163 corru-

216 4218 353 4287 perant,
370 4203 524 4286 captique
542 4204 607 4287 jam
628 4224 739 4270 eorum
755 4220 871 4289 rogatu
887 4204 972 4271 inter
988 4221 1131 4271 caeteros
1145 4221 1235 4271 erant
1246 4207 1390 4291 magistri

218 4314 451 4381 Houtmannus
483 4330 516 4380 et
537 4313 777 4395 Vallrenerius,
810 4315 1049 4401 indignabundi
1081 4318 1172 4398 quod
1204 4316 1390 4401 praefectus

216 4447 279 4492 suo
309 4426 421 4509 potius
449 4429 542 4492 lucro
575 4446 672 4507 quam
704 4426 833 4492 illorum
869 4426 955 4495 odiis
984 4430 1184 4510 consuleret,
1227 4448 1388 4498 venenum
