3450 5434
353 635 411 694 350
836 633 1045 677 nocumaurn.

353 813 436 870 cillos
457 828 516 869 non
538 812 662 869 multum
680 807 810 866 diversos
835 808 1013 880 siugularum
1033 791 1150 866 navium
1168 808 1331 868 rectoribus
1347 806 1434 869 datos
1453 825 1529 881 esse3

352 916 508 974 Lusitanos
529 930 602 972 vero
626 923 655 970 et
676 912 748 969 alios
775 911 871 969 hostes
895 912 1046 985 Belgarum
1075 912 1275 971 Hemslrerckii
1298 915 1415 972 classem
1437 915 1529 988 copiis

353 1019 503 1077 maritimis
526 1017 679 1084 invasisse,
698 1028 732 1073 ut
751 1015 843 1089 ipsum
863 1027 1051 1089 caeterosque
1074 1017 1175 1089 Belgas
1197 1034 1212 1074 a
1232 1018 1417 1090 navIgatione
1429 1016 1528 1075 lndIca

352 1135 383 1181 et
413 1123 592 1180 commerciis
624 1119 834 1194 prohiberent,
863 1135 897 1176 ac
926 1131 1074 1193 praeterea
1101 1131 1213 1178 certum
1236 1121 1273 1178 sit
1294 1121 1454 1179 Lusitanos
1476 1139 1528 1180 suo

352 1243 432 1284 more
460 1226 539 1284 cives
568 1226 689 1296 Belgas,
710 1224 762 1297 qui
784 1223 814 1280 ln
836 1222 934 1281 Asiam
955 1223 1121 1292 venissent,
1151 1223 1297 1281 hostiliter
1317 1235 1347 1282 et
1368 1223 1527 1284 crudeliter

353 1340 488 1388 tractasse
508 1339 538 1387 et
558 1326 732 1398 trucidasset
753 1323 902 1400 indigenas
922 1326 1028 1396 etiam,
1048 1327 1101 1400 qui
1112 1343 1177 1385 cum
1191 1325 1345 1386 Hollandis
1356 1329 1527 1386 commercia

353 1434 427 1490 inire
447 1433 629 1507 coepissent,
644 1431 760 1489 urbium
781 1429 1053 1503 oppugnationibus
1074 1441 1105 1488 et
1126 1430 1275 1488 hominum
1297 1429 1432 1488 caedibus
1449 1434 1526 1490 ultos

352 1553 429 1595 esse:
456 1535 582 1595 Ordines
613 1532 753 1592 foederati
777 1550 866 1602 vero,
888 1533 987 1591 multis
1007 1534 1090 1590 annis
1111 1545 1178 1592 ante
1195 1551 1280 1607 quam
1303 1535 1527 1593 HemskerclrIus

353 1641 409 1698 iter
426 1637 463 1697 ad
483 1637 594 1697 Indiam
613 1639 787 1712 susciperet,
811 1637 964 1696 societatis
986 1637 1103 1696 Indicae
1123 1635 1353 1696 moderatoribus
1373 1655 1527 1713 praecepe-

353 1745 431 1811 rint,
449 1754 483 1801 ut
504 1759 590 1800 naves
607 1759 672 1800 suas
686 1741 779 1814 copiis
800 1741 974 1799 militaribus
994 1741 1191 1810 instruerent,
1208 1758 1268 1814 quo
1285 1743 1386 1800 melius
1399 1743 1528 1816 negotia·

352 1848 462 1905 tionem
482 1844 610 1904 Indicam
632 1845 708 1903 tueri
729 1854 759 1902 et
778 1859 843 1902 cum
862 1844 981 1901 hostiles
996 1844 1205 1902 Lusitanorum
1228 1857 1349 1903 conatus
1370 1848 1528 1919 repellere,

353 1961 414 2008 tum
444 1950 498 2023 Ipsi
520 1951 555 2007 ils
576 1949 683 2007 bellum
703 1947 811 2005 Inferre
830 1959 964 2021 possent:
986 1947 1063 2005 unde
1084 1947 1210 2017 factum,
1231 1959 1265 2006 ut
1291 1959 1406 2022 praeter
1426 1949 1527 2007 Hems-

352 2052 503 2111 kerckium
523 2064 554 2110 et
572 2052 608 2109 ab
628 2052 692 2110 aliis
713 2051 830 2108 navium
851 2050 1005 2123 praefectis
1026 2052 1056 2108 in
1081 2049 1162 2109 India
1183 2052 1328 2110 Orientali
1347 2053 1435 2110 variis
1456 2064 1526 2110 tem·

352 2155 472 2230 poribus
501 2167 531 2213 et
559 2156 630 2212 locis
660 2155 740 2212 bello
770 2165 913 2213 certatum
944 2155 999 2228 sit,
1030 2156 1115 2213 etiarn
1146 2153 1284 2214 adversus
1312 2173 1440 2229 magnam
1467 2155 1525 2212 vim

352 2261 488 2328 naulum,
515 2270 607 2333 utque
627 2259 732 2331 Belgae
751 2269 780 2315 et
801 2259 1061 2317 commerciacum
1082 2258 1160 2317 Indis
1182 2261 1259 2318 tueri
1280 2271 1309 2318 ct
1331 2277 1417 2334 regna
1438 2271 1524 2333 atque

353 2364 440 2423 urbes
467 2364 573 2422 amitas
600 2360 636 2419 ab
657 2361 788 2419 hostibus
816 2363 939 2420 liberare
967 2375 997 2422 et
1015 2363 1171 2421 Lusitanos
1191 2380 1326 2438 superare
1351 2363 1524 2438 praedasque

353 2483 436 2541 agere
463 2467 634 2541 potuerint:
658 2464 842 2523 haecomnia
862 2482 934 2524 vero
961 2468 1049 2525 nullis
1078 2467 1254 2540 reipublicae
1272 2467 1413 2526 sumtibus
1433 2469 1524 2540 pluri-

351 2589 429 2631 mum
458 2570 554 2630 damni
583 2569 716 2627 hostibus
738 2569 910 2640 intulerint,
931 2571 1092 2644 provinciis
1113 2570 1266 2629 foederatis
1285 2583 1387 2629 contra
1407 2587 1524 2645 magnae

351 2678 460 2750 gloriae
488 2687 517 2733 et
547 2675 613 2732 usui
641 2674 719 2744 sint3
749 2689 825 2746 quae
856 2671 982 2730 Ordines
1014 2673 1175 2732 foederatos
1199 2687 1372 2744 moverunt,
1402 2685 1437 2732 ut
1464 2691 1525 2732 mo·

351 2779 498 2837 deratores
535 2778 688 2836 societatis
718 2775 833 2834 Indicae
866 2773 902 2833 ad
932 2776 1041 2835 bellum
1073 2775 1208 2836 adversus
1239 2777 1395 2836 Lusitanos
1424 2794 1526 2850 geren·

351 2881 420 2940 dum
452 2883 599 2955 impellere
619 2881 714 2938 velint
734 2890 763 2937 et
785 2880 838 2937 hac
858 2889 955 2937 mente
983 2881 1062 2938 varia
1090 2879 1228 2938 beneficia
1259 2892 1288 2939 et
1315 2881 1523 2955 privilegialis

351 2983 527 3043 concedere:

393 3091 459 3167 Qua
487 3087 524 3146 de
552 3103 638 3145 causa
660 3083 785 3144 Ordiues
809 3085 983 3144 Hollandiae
1009 3085 1182 3156 decrevere,
1202 3097 1235 3145 ut
1255 3088 1409 3160 collequm
1435 3088 1524 3146 ratio·

352 3192 461 3250 nalium
482 3192 629 3264 ceterIque
642 3189 858 3248 Hollandorum
877 3191 1058 3263 magistratus
1079 3189 1212 3264 praedam
1233 3191 1263 3248 in
1286 3188 1367 3249 India
1379 3191 1523 3249 Orientali

352 3312 446 3369 nuper
475 3306 586 3368 captam
615 3297 662 3354 vel
691 3295 720 3352 in
749 3306 896 3368 posterum
924 3293 1091 3368 capIendam
1121 3293 1281 3352 Ordiaibus
1311 3294 1464 3354 foederatis
1493 3308 1524 3354 et

352 3396 563 3458 Admiralitatis
594 3399 724 3470 collegiis
751 3400 932 3471 permittant.
973 3399 1080 3457 Actum
1102 3398 1199 3472 Hagae
1222 3399 1371 3458 Comitum
1395 3400 1474 3474 Sept.
1493 3398 1524 3458 d.

353 3517 379 3559 1.
398 3502 486 3560 Anno
509 3499 594 3575 1604.

840 3635 1029 3644 o—---·-——--

894 3730 981 3827 ΙΙΙ.

621 3946 804 4004 SENTENTIA
825 3960 974 4004 COLLEGII
997 3947 1261 4006 Aomlnnul'rarls·

778 4099 816 4156 Α.
841 4098 926 4172 1604.
950 4100 1038 4157 Seru.
1057 4115 1086 4173 9.

388 4360 533 4439 Quoniam
561 4360 591 4417 ln
614 4360 739 4432 collegio
762 4357 993 4430 Admiralitatis‚
1025 4360 1105 4437 quod
1128 4361 1206 4420 sedet
1229 4360 1453 4433 Amstelodami,
1476 4379 1521 4422 res

348 4462 456 4537 pendet
476 4464 554 4522 inter
575 4462 747 4523 advocatum
771 4463 914 4535 fiscalem,
936 4467 1051 4523 nomine
1072 4465 1177 4536 officii,
1198 4479 1227 4524 ct
1253 4468 1419 4526 societatem
1450 4480 1522 4526 octo
