3450 5434
512 647 559 694 DE
582 649 676 714 June.
702 647 888 694 tubunnis.
914 647 996 694 CAP·
1022 647 1104 694 XIII.
1330 647 1389 714 271

219 804 358 886 primum
380 802 413 867 in
436 803 601 870 Albanum
624 801 734 884 etqui
756 822 830 867 eum
852 821 891 867 eo
913 816 1004 867 erant
1029 800 1192 883 Hispani,
1216 801 1334 867 deiude
1358 801 1391 866 in

219 916 344 998 Regem
372 913 585 997 Philippum,
619 913 678 996 qui
707 914 830 978 Comes
860 911 929 978 fuit
950 912 1146 978 Hollandiae
1168 927 1295 996 gestum
1320 926 1392 992 est,

219 1025 377 1092 disserere
408 1027 513 1108 majus
545 1025 588 1090 sit
620 1039 739 1107 coepto
772 1043 881 1106 opere.
927 1022 1049 1105 Neque
1082 1043 1163 1088 vero
1186 1043 1294 1089 meum
1317 1038 1395 1106 post

218 1153 270 1203 tot
292 1137 325 1203 in
350 1157 418 1202 eam
441 1157 509 1202 rem
533 1136 640 1202 editos
659 1135 852 1220 jamdudum
885 1135 1016 1201 libellos
1038 1133 1078 1198 ab
1103 1132 1175 1200 aliis
1199 1134 1394 1208 benedicta

219 1247 390 1314 invertere.
436 1247 504 1312 Sed
534 1245 624 1330 quod
657 1245 690 1346 in
724 1261 915 1312 transcursu
938 1245 978 1310 ad
1001 1264 1066 1310 rem
1090 1260 1290 1328 praesentem
1314 1245 1395 1311 satis

220 1359 264 1424 sit
293 1378 359 1424 non
387 1359 511 1423 tacebo.
558 1355 777 1423 Manifestum
800 1371 849 1423 est
873 1357 1041 1423 Albanum
1065 1371 1097 1420 et
1121 1356 1288 1442 Hispanos
1311 1355 1395 1422 illud

219 1473 325 1553 palam
356 1469 559 1552 praedicasse
593 1468 659 1534 imo
694 1471 759 1534 lata
792 1468 954 1535 sententia
987 1466 1216 1550 pronuntiasse
1237 1472 1271 1548 ¹,
1305 1467 1394 1554 leges

220 1599 334 1646 omnes
365 1595 399 1646 et
426 1581 500 1665 jura
532 1579 636 1662 patria
668 1579 837 1645 nationum
870 1578 1076 1663 Belgicarum
1105 1579 1200 1644 velut
1222 1579 1394 1644 commissa

219 1691 377 1775 Principi.
421 1692 494 1758 Nec
527 1707 634 1756 tamen
667 1690 758 1756 aliud
789 1690 925 1756 obtendi
958 1689 1092 1772 potuit,
1117 1709 1214 1771 quam
1238 1691 1393 1754 turbaea

219 1802 334 1887 paucis
364 1803 491 1884 editae,
523 1801 665 1868 consilio
697 1801 851 1884 privato,
886 1816 918 1866 et
940 1801 1052 1866 subito
1076 1799 1219 1882 quodam
1244 1800 1393 1883 impetu,

221 1913 279 1996 qui
300 1913 399 1979 simul
421 1928 521 1996 atque
540 1912 672 1996 reprimi
696 1911 808 1995 potuit
830 1933 849 1976 a
871 1911 1115 1996 magistratibus
1138 1930 1305 1994 repressus
1326 1927 1393 1977 est:

220 2045 289 2107 quo
310 2025 444 2091 crimine
464 2044 532 2090 non
553 2022 693 2108 obligari
714 2023 961 2090 universitatem
970 2023 1235 2108 jurisperitorum
1248 2021 1394 2088 omnium
1407 2029 1547 2129 moqed-1

220 2134 485 2232 constantissima
505 2135 645 2202 assertio
666 2150 716 2201 est
732 2133 755 2200 ².
779 2134 956 2221 Quidquid
966 2133 1067 2219 igitur
1079 2152 1118 2199 eo
1128 2132 1259 2200 nomine
1270 2132 1393 2199 factum
1407 2115 1496 2182 ‘temet
1509 2117 1531 2183 1'·
1545 2116 1551 2129 ⁸

220 2265 288 2329 est,
313 2248 406 2330 quod
427 2246 552 2329 alioqui
572 2246 643 2311 lieri
663 2265 729 2311 non
748 2245 925 2326 licuisset,
948 2245 982 2310 id
1000 2244 1395 2331 profectoinjustumfuit

220 2358 386 2440 arcerique
406 2358 520 2424 debuit
540 2357 562 2423 ⁸.
588 2358 673 2423 Cum
685 2357 797 2440 itaque
807 2357 984 2442 pertineret
995 2358 1036 2422 ad
1046 2357 1188 2424 Ordines
1200 2372 1238 2423 ut
1248 2376 1393 2422 summos
1408 2375 1444 2418 a.
1463 2374 1511 2434 ng.
1532 2375 1552 2420 1.

221 2470 430 2554 magistratus
454 2484 487 2534 et
495 2470 552 2553 jus
563 2468 763 2553 reipublicae
773 2484 805 2534 et
817 2468 939 2534 ciuium
953 2468 1038 2533 tueri
1049 2469 1084 2548 ⁴,
1108 2467 1250 2534 officium
1262 2468 1391 2534 illorum
1407 2439 1477 2489 ”W
1490 2427 1551 2474 ω’

218 2580 286 2646 fuit
308 2579 482 2646 defendere
503 2579 736 2663 rempublicam
756 2580 914 2645 adversus
935 2599 1003 2643 eam
1025 2579 1117 2659 vim,
1142 2597 1240 2660 quam
1263 2593 1395 2644 externa

222 2712 308 2757 arma
337 2706 451 2758 contra
480 2693 569 2778 leges
597 2690 733 2756 inducta
764 2691 863 2756 rebus
893 2689 1015 2772 pacatis
1045 2689 1242 2755 intulerant:
1279 2689 1395 2755 deinde
1408 2715 1444 2759 n.
1455 2716 1504 2774 ng.
1517 2715 1538 2761 1.

221 2803 321 2869 vitam
344 2802 466 2868 civium
490 2818 522 2868 et
545 2802 771 2885 possessiones
792 2802 877 2867 tueri
899 2801 1055 2867 adversus
1078 2801 1201 2866 iudicia
1225 2779 1430 2885 illegitima“
1444 2769 1479 2814 Μ’

221 2930 334 2980 contra
362 2913 498 2980 formam
528 2913 614 2999 juris
635 2913 818 2979 communis
840 2928 873 2978 et
893 2931 1000 2977 mores
1023 2911 1146 3004 patrios
1166 2911 1312 2977 admistis
1334 2913 1395 2977 ho-

219 3025 364 3092 minibus
396 3025 577 3110 peregrinis
607 3024 769 3091 exercita:
804 3025 944 3090 liberare
977 3023 1071 3089 etiam
1107 3023 1339 3106 rempublicam
1363 3039 1444 3089 ete.
1458 3044 1508 3104 ug.
1519 3043 1553 3089 rr.

220 3136 312 3202 cives
338 3136 490 3221 singulos
520 3138 561 3202 ab
592 3137 819 3202 exactionibus
850 3134 1034 3221 ejusmodi,
1067 3155 1151 3218 quae
1178 3154 1244 3201 non
1268 3150 1395 3201 tantum

219 3247 348 3332 legibus
368 3248 490 3315 directe
511 3247 709 3328 obstabant,
732 3248 791 3314 sed
812 3263 845 3314 et
866 3247 1031 3314 communi
1044 3247 1213 3313 hominum
1226 3246 1394 3326 libertati,

220 3379 295 3427 cum
316 3359 499 3442 inducant,
535 3374 575 3424 ut
594 3359 721 3425 Doctor
744 3359 916 3442 Hispanus
935 3361 946 3393 ⁵
966 3359 1141 3440 loquitur,
1166 3357 1396 3442 expilationem

221 3486 426 3553 praesentem
451 3485 482 3536 et
500 3470 695 3549 servitutem
720 3469 886 3538 futuram:
911 3471 1070 3554 imprimis
1086 3491 1165 3538 vero
1178 3491 1308 3554 operam
1321 3471 1396 3536 dare
1409 3487 1553 3601 ssd‘iigm'

222 3597 259 3647 ut
281 3581 453 3666 diligenter
477 3597 685 3648 servarentur
706 3597 798 3666 pacta
819 3583 1028 3668 amaJ‘oribus
1042 3583 1182 3663 tradita,
1207 3581 1396 3665 Principum
1409 3597 1458 3642 111.

219 3693 405 3776 juramento
416 3693 543 3760 sancita
555 3709 588 3759 et
598 3692 735 3760 formam
748 3694 876 3777 imperii
889 3693 1107 3776 continentia,
1127 3713 1166 3758 ne
1178 3693 1229 3758 his
1241 3694 1396 3773 violatis,

259 3951 267 3984 ¹
283 3955 339 4001 data
357 3952 478 4014 Madriti,
499 3954 528 4001 16
547 3954 620 4002 Febr.
639 3967 678 4002 an.
699 3954 771 4009 1568.
805 3951 817 3984 ¹
834 3955 901 4002 Bart.
920 3954 946 4002 in
960 3956 979 4003 1.
989 3967 1031 4002 atu
1040 3954 1114 4002 sacta
1124 3955 1145 4011 8.
1154 3956 1199 4002 ult.
1213 3951 1238 4000 fs.
1252 3955 1283 4001 dc
1298 3951 1397 4012 poenis.

221 4041 268 4105 [D.
290 4047 331 4104 48.
358 4057 397 4106 19.
423 4045 474 4106 rd.]
494 4046 547 4093 Bal.
571 4045 641 4106 quib.
662 4048 732 4094 mod.
748 4046 822 4094 feud.
840 4045 920 4094 amitt.
937 4059 963 4093 rr.
984 4059 1021 4104 13.
1039 4047 1116 4108 Jason
1135 4045 1160 4092 in
1179 4047 1197 4092 l.
1215 4045 1315 4093 civitas.
1333 4045 1358 4092 ll.
1376 4045 1397 4092 si

221 4145 283 4181 cert.
307 4145 359 4194 pet.
386 4135 431 4196 [D.
457 4149 498 4183 12.
525 4148 545 4184 t.
571 4135 623 4199 27.]
652 4139 731 4186 Andr.
758 4138 823 4185 Gaii.
848 4138 880 4185 de
904 4150 967 4204 paee
992 4137 1064 4197 publ.
1089 4136 1134 4184 lib.
1160 4150 1183 4183 a.
1202 4149 1225 4183 c.
1243 4151 1268 4198 9.
1303 4133 1363 4182 ⁸V.
1380 4138 1397 4182 l.

185 4267 189 4274 .
221 4225 388 4283 prohibitum.
413 4227 443 4274 C.
467 4227 499 4274 de
523 4226 579 4282 iure
605 4225 672 4275 fisci.
699 4229 741 4289 [C.
761 4241 799 4275 10.
820 4241 841 4275 1.
862 4228 898 4289 5.]
918 4230 935 4274 l.
958 4229 1079 4276 devotum
1102 4229 1131 4275 C.
1150 4228 1181 4275 de
1202 4237 1276 4274 meta.
1296 4227 1339 4287 [C.
1360 4240 1397 4274 ru.

220 4328 263 4374 40.
281 4314 316 4378 5.]
337 4328 362 4364 et
380 4315 516 4377 utrobique
535 4318 603 4365 Bart.
626 4319 695 4366 etin
714 4329 787 4366 tract.
812 4320 843 4366 de
862 4319 949 4366 Guelf.
966 4328 991 4366 et
1011 4317 1069 4365 Gib.
1088 4331 1112 4364 n.
1131 4319 1153 4364 8.
1189 4316 1200 4348 ⁴
1218 4317 1292 4376 Vasq.
1313 4331 1336 4364 e.
1355 4331 1397 4377 4¹·

222 4418 247 4452 n.
272 4419 312 4454 ao.
334 4419 360 4454 et
380 4419 433 4467 seq.
453 4419 479 4456 et
500 4421 524 4455 c.
551 4410 590 4457 rss.
615 4421 640 4457 n.
665 4421 689 4464 7.
724 4408 735 4440 ⁶
758 4409 834 4468 Vasq.
857 4421 881 4456 c.
901 4411 923 4456 8.
941 4423 966 4456 n.
985 4411 1008 4455 8.
1026 4420 1050 4456 et
1070 4422 1092 4455 c.
1110 4421 1135 4464 7.
1153 4421 1199 4466 per
1216 4419 1308 4456 toturn.
1328 4419 1352 4456 ct
1372 4422 1395 4456 c.

223 4509 264 4555 43.
283 4510 307 4543 u.
326 4499 351 4544 6.
