3450 5434
392 639 454 703 332
704 634 750 682 ute
773 633 867 701 joas
893 633 1076 680 sunnonis.
1102 631 1182 678 cnr.
1208 633 1264 679 xv.

390 790 560 858 hominum
579 789 793 871 commercia,
813 788 889 856 illos
909 807 969 871 pro
991 785 1236 868 dominatione,
1254 805 1288 853 se
1308 807 1368 870 pro
1389 805 1450 852 sua
1464 801 1563 869 atque

390 903 528 967 aliorum
552 901 721 981 libertate,
745 902 820 967 illos
842 900 940 966 insita
962 897 1186 964 malefaciendi
1207 898 1368 980 libidine,
1392 917 1427 964 se
1449 915 1482 964 et
1504 898 1563 964 diu

391 1029 423 1079 et
443 1033 538 1096 saepe
566 1013 762 1093 calumniis,
786 1011 1002 1092 crudelitate,
1026 1010 1163 1094 perfidia
1184 1011 1362 1077 lacessitos.
1408 1011 1563 1077 Summus

389 1126 478 1209 apud
510 1124 655 1191 Graecos
675 1140 803 1190 orator:
827 1129 897 1210 ὑπὲρ
919 1129 973 1208 μὲν
994 1123 1031 1192 ὧν
1052 1128 1089 1192 ἂν
1111 1126 1313 1198 ἐλαττῶνται,
1336 1126 1423 1208 μέχρι
1443 1128 1563 1192 immori

389 1241 499 1313 πάντες
521 1245 705 1320 radagaiso·
744 1239 809 1321 trapi
829 1240 859 1305 δὲ
889 1244 940 1306 τοῦ
971 1245 1166 1312 πλεονεκτεῖν,
1187 1237 1245 1318 οὐχ
1275 1234 1374 1308 οὕτως.
1419 1233 1489 1297 Pro
1511 1235 1563 1298 his

390 1353 427 1414 in
450 1348 569 1434 quibus
592 1349 726 1432 injuria
749 1348 944 1438 effipiantur
966 1367 1071 1411 omnes
1092 1359 1257 1432 quantam
1279 1348 1409 1410 omnino
1424 1358 1564 1430 possunt

389 1459 606 1545 depugnant,
642 1472 680 1523 at
710 1471 852 1544 propter
885 1457 990 1522 alieni
1018 1457 1238 1545 cupiditatem
1274 1477 1338 1520 non
1369 1459 1460 1522 item.
1520 1455 1565 1520 Et

393 1570 574 1635 Alexandri
597 1568 805 1652 Imperatoris
825 1588 893 1634 vox
909 1583 957 1635 est
978 1568 1202 1651 imperatoria:
1222 1573 1256 1638 τὸ
1276 1572 1330 1652 μὲν
1345 1570 1565 1652 aimarivillani

389 1683 477 1764 ἔργων
498 1686 551 1749 οὐκ
571 1687 728 1764 ἀγνώμονα
748 1683 811 1764 ἔχει
831 1684 885 1758 τὴν
915 1683 1085 1763 πρόκλησιν,
1111 1684 1146 1748 τὸ
1168 1684 1198 1748 δὲ
1218 1683 1285 1754 τοὺς
1306 1684 1469 1764 &patierat
1489 1684 1565 1747 ἆτο-

389 1795 531 1865 reicolas,
555 1793 588 1859 itt
604 1819 639 1860 τε
655 1801 709 1868 τῆς
728 1795 842 1872 ἀγαθῆς
859 1795 1040 1868 συνειδήσεως
1058 1793 1120 1876 ἔχει
1141 1794 1175 1859 τὸ
1196 1791 1364 1874 desipiscas,
1386 1793 1435 1857 nati
1459 1792 1493 1856 ἐκ
1513 1795 1565 1858 τοῦ

280 1945 285 1955 ·
388 1907 432 1985 pir
453 1907 664 1976 airaimian
684 1906 851 1984 salvarias
870 1903 997 1986 ὑπάρχει
1018 1905 1052 1970 τὸ
1075 1905 1187 1970 εὔελπι.
1223 1899 1310 1985 Ejus
1334 1921 1357 1964 a
1377 1920 1440 1986 quo
1460 1901 1564 1984 coepit

391 2015 526 2097 injuria
532 2017 727 2099 provocatio
740 2015 886 2078 maxime
907 2011 1074 2080 inuidiosa
1105 2024 1234 2076 estrat
1254 2031 1328 2075 cum
1350 2010 1565 2097 depelluntur

392 2144 622 2219 aggregsores,
646 2128 733 2188 sicut
755 2124 840 2188 bona
863 2125 1064 2187 conscientia
1081 2119 1243 2205 fiduciam
1265 2143 1370 2187 secum
1387 2121 1488 2206 fert,
1511 2124 1564 2184 ita

391 2238 473 2318 quia
485 2234 525 2299 de
535 2233 763 2315 vindicanda,
775 2255 840 2298 non
859 2233 900 2300 da
921 2233 1099 2317 inferenda
1119 2236 1253 2319 injuria
1274 2234 1477 2313 laboratur,
1494 2246 1564 2317 sper

391 2348 492 2410 etiam
527 2344 652 2410 adsunt
689 2348 841 2430 optimae.
898 2344 1037 2410 Brevius
1057 2360 1187 2426 autem,
1210 2365 1295 2426 quae
1329 2345 1490 2411 hactenus
1523 2343 1564 2408 de

391 2456 533 2522 utilitate
555 2455 896 2539 dicimus¹,0rdines
915 2456 1110 2522 Hollandiae
1131 2455 1263 2522 decreto
1285 2475 1347 2521 suo
1359 2455 1394 2520 in
1405 2473 1563 2520 summam

392 2567 555 2652 colligunt
565 2569 738 2651 palamque
754 2566 901 2649 faciunt,
915 2569 992 2633 dnm
1012 2567 1046 2632 in
1057 2567 1237 2633 Lusitanos
1254 2581 1439 2652 pugnatur,
1452 2565 1564 2631 divina

392 2679 495 2764 gratia
524 2677 689 2745 defensam
720 2694 917 2761 auctamque
947 2679 1189 2765 navigationem
1220 2694 1253 2744 et
1283 2678 1564 2763 negotiationem,

392 2790 527 2856 liberata
549 2805 766 2875 regnantque
794 2792 894 2856 urbes
916 2791 1059 2871 amicas,
1083 2791 1227 2874 insignes
1249 2789 1404 2856 victorias
1424 2805 1457 2855 et
1476 2808 1565 2854 com·

392 2903 489 2967 moda
517 2921 556 2966 ex
583 2900 740 2967 hostibus
758 2916 945 2985 reportata,
966 2895 1071 2984 ¹queis
1096 2901 1191 2967 etiam
1215 2903 1337 2985 majora
1359 2900 1563 2982 exspectari,

393 3031 497 3094 eaque
527 3012 636 3078 omnia
658 3013 729 3078 sine
752 3014 822 3078 ullo
844 3012 1044 3096 reipublicae
1067 3012 1240 3095 dispendio
1262 3011 1303 3077 ad
1326 3011 1471 3078 hostium
1492 3032 1564 3095 per·

391 3123 504 3189 nitiem
536 3143 717 3208 magnaque
750 3125 889 3205 damna,
920 3125 960 3189 ad
992 3125 1167 3203 honorem,
1200 3124 1429 3200 commodum,
1453 3122 1565 3188 existi-

393 3235 568 3302 mationem
587 3234 746 3302 foederati
762 3235 867 3321 Belgii
883 3251 916 3300 et
935 3237 1007 3320 ejus
1025 3235 1148 3300 civium
1165 3254 1372 3318 summopere
1390 3233 1564 3318 pertinere.

266 3375 327 3422 ran
343 3375 377 3421 11.
394 3347 679 3435 Quemadmodum
711 3367 788 3412 vero
819 3348 1001 3413 Lusitanos
1020 3347 1117 3432 affligi
1151 3347 1237 3412 bello
1266 3361 1299 3412 et
1328 3345 1483 3429 spoliari,
1517 3345 1564 3410 sic

391 3459 540 3541 praedam
563 3471 778 3523 mercatorum
801 3459 964 3542 propriam
994 3478 1064 3526 esse
1086 3477 1151 3524 non
1173 3457 1319 3541 ipsorum
1339 3457 1443 3542 magis
1465 3477 1562 3539 quam

390 3569 513 3653 patriae
537 3568 684 3635 interest.
714 3569 801 3634 Cum
825 3571 910 3635 enim
934 3570 1091 3636 aerarium
1112 3570 1199 3635 bello
1221 3584 1284 3635 tarn
1307 3572 1407 3652 longo
1431 3583 1562 3650 tamque

391 3681 515 3747 difficili
548 3681 789 3764 multiplicibus
822 3682 978 3764 impensis
1010 3681 1243 3763 exhauriatur,
1277 3680 1453 3764 praecipue
1483 3701 1563 3746 vero

393 3792 439 3858 rei
474 3776 654 3858 maritimae
689 3793 800 3878 gravia
822 3793 890 3860 sint
913 3813 1032 3874 onera,
1064 3793 1147 3859 nibil
1180 3791 1387 3858 commodius
1419 3790 1565 3856 accidere

394 3919 525 3988 potest,
560 3925 656 3987 quam
691 3919 729 3971 ut
750 3903 897 3970 hostium
923 3904 1008 3971 vires
1032 3903 1253 3988 infringantur
1272 3903 1437 3970 sumtibus
1456 3902 1564 3984 priva·

392 4030 511 4082 torum.
555 4016 692 4082 Sumtus
711 4030 819 4082 autem
839 4016 969 4099 sapiens
990 4036 1055 4082 non
1076 4014 1172 4094 facit,
1192 4014 1256 4082 nisi
1273 4013 1455 4097 periculum
1473 4015 1565 4097 justo

394 4127 567 4193 commodo
594 4143 759 4210 pensetur.
783 4128 979 4195 Rectissime
1003 4127 1104 4212 igitur
1136 4125 1278 4192 Ordines
1310 4123 1485 4204 fecerunt,
1507 4126 1563 4206 qui

390 4254 428 4305 ut
461 4239 598 4305 caeteris
615 4239 648 4304 in
672 4240 771 4307 rebus
794 4241 948 4307 omnibus
971 4240 1115 4305 Indicam
1140 4237 1396 4323 negotiationem
1425 4235 1563 4316 fovent,

388 4403 583 4415 ...ι-ια-

423 4486 431 4519 ¹
450 4489 481 4535 V.
495 4489 553 4550 Jolr.
570 4490 633 4537 Met.
652 4487 732 4536 Praei.
748 4490 787 4537 ad.
805 4488 932 4537 Osorium.
