3450 5434
700 687 861 730 ontrario.
1340 696 1372 735 lx

201 855 253 922 lari
274 855 468 928 contendant3
490 857 613 914 Batavos
634 869 736 916 contra
757 859 821 932 iure
842 859 949 919 bellum
971 860 1080 920 inferre
1100 863 1265 934 Lusitanis,
1286 865 1367 939 quod

201 958 245 1016 illi
266 959 393 1044 liberam
406 977 483 1017 suam
505 961 718 1034 navigationem
740 962 880 1037 impedire
901 962 1046 1022 studeant.

241 1062 353 1121 Ultima
382 1063 438 1120 tria
464 1079 537 1136 quae
558 1075 720 1137 sequuntur
740 1067 834 1140 capita
854 1064 1016 1125 ostendunt
1036 1068 1143 1126 bellum
1165 1071 1196 1127 in
1215 1071 1374 1129 Lusitanos

200 1176 230 1223 et
257 1164 472 1239 praedationem
498 1185 557 1225 non
587 1180 699 1227 tantum
727 1169 830 1242 justam
859 1186 935 1241 esse,
963 1170 1011 1229 sed
1040 1172 1188 1230 honestam
1210 1184 1240 1231 et
1261 1175 1374 1232 utilem.

201 1269 262 1326 Vix
290 1286 363 1342 opus
382 1281 575 1340 ammonere,
603 1271 691 1346 ipsam
720 1289 834 1332 causam
853 1273 901 1331 hic
922 1275 967 1347 agi
987 1286 1017 1332 et
1046 1291 1143 1333 rerum
1164 1286 1271 1334 statum
1295 1278 1374 1335 illius

202 1373 339 1446 temporis
367 1371 502 1432 describi.
543 1375 623 1433 llaec
652 1392 717 1451 pars
741 1393 800 1434 non
828 1377 924 1450 magni
952 1377 1091 1435 momenti
1118 1390 1175 1450 est3
1204 1377 1252 1437 sed
1279 1391 1372 1438 tamen

201 1487 323 1549 propter
350 1475 481 1538 vividum
510 1489 672 1553 temporum
700 1479 869 1553 imaginem,
891 1496 978 1553 quam
1001 1481 1084 1537 nobis
1106 1481 1135 1538 in
1157 1495 1189 1538 ea
1222 1483 1375 1557 proposuit

206 1590 325 1648 auctor,
346 1579 433 1638 hodie
452 1597 570 1655 quoque
591 1583 647 1656 legi
668 1594 806 1641 meretur.

242 1682 358 1741 Auctor
387 1684 634 1744 Commentariun
662 1685 779 1758 scripsit
809 1686 902 1743 hieme
931 1686 999 1743 anni
1032 1687 1109 1759 1604
1135 1698 1164 1744 et
1185 1688 1285 1760 primis
1306 1689 1373 1746 anni

202 1787 349 1860 sequentis
369 1787 524 1846 mensibus.
554 1788 618 1861 lpse
639 1789 700 1861 ejus
721 1789 810 1846 verba
831 1787 862 1846 id
884 1789 1044 1847 declarant.
1075 1789 1234 1848 Mauritius
1257 1790 1374 1849 Clusam

203 1901 320 1964 ceperat
347 1888 395 1948 die
425 1907 459 1948 ar
492 1892 596 1949 mensis
626 1892 771 1965 Augusti,
799 1909 877 1949 anno
909 1893 995 1966 1604.
1037 1891 1070 1950 ld
1092 1910 1108 1950 a
1128 1894 1236 1952 Grotio
1266 1892 1376 1954 dicitur

202 2006 305 2067 „capta
326 2009 419 2068 nuper
441 1973 582 2052 Clusa'ss'
603 1994 686 2053 Nihil
708 1995 738 2053 in
761 2006 846 2054 textu
857 1997 982 2054 mutavit
992 1998 1040 2054 vel
1051 1995 1165 2054 addidit
1175 2009 1241 2070 post
1250 2014 1375 2056 mensem

203 2097 401 2155 Nouembrem
422 2091 489 2155 anni
516 2099 608 2169 1608,
628 2115 687 2171 quo
708 2109 838 2172 tempore
859 2112 948 2174 caput
962 2100 1025 2172 ejus
1036 2097 1237 2158 duodecimum
1249 2117 1375 2160 seorsum

197 2185 315 2275 'vulgari
336 2201 431 2274 jussit.

243 2302 331 2363 Unde
361 2304 469 2364 factum
497 2305 552 2374 sit,
572 2317 606 2364 ut
626 2322 719 2379 opus,
741 2305 822 2378 quod
844 2307 971 2380 scriptor
992 2317 1087 2366 totum
1107 2308 1294 2377 absolvisset,
1315 2326 1374 2367 non

204 2405 356 2480 ederetur,
377 2407 464 2466 hodie
486 2425 539 2482 pro
560 2419 643 2467 certo
663 2407 760 2468 dicere
781 2427 839 2467 non
863 2426 1023 2485 possumus.
1055 2411 1192 2470 Fruinius
1213 2413 1375 2486 suspicatur

206 2512 358 2571 societatis
387 2525 513 2571 rectores
540 2514 733 2583 intellexisse,
763 2512 897 2588 praedam
923 2515 1024 2573 melius
1043 2514 1187 2574 vindicati
1207 2517 1325 2574 silentio
1345 2527 1375 2576 et

205 2617 391 2691 possessionis
413 2617 595 2687 inhaesione,
616 2634 700 2690 quarn
722 2619 842 2692 scripto.
875 2618 979 2676 Codex
990 2621 1076 2677 etiam
1088 2621 1117 2677 in
1129 2620 1376 2694 scriniojacebat,

204 2737 269 2778 curn
301 2733 430 2794 tempora
460 2723 630 2794 scriptorem
658 2725 828 2790 moverunt,
858 2733 892 2780 ut
921 2724 1073 2795 separatim
1094 2741 1184 2782 unum
1205 2724 1266 2797 eius
1287 2735 1375 2797 caput

206 2827 348 2898 vulgaret.
370 2827 437 2904 Quo
447 2826 572 2882 consilio
583 2823 613 2880 id
624 2823 748 2882 ediderit
759 2825 1062 2896 manifestumeloco‚
1082 2843 1169 2899 quem
1180 2827 1375 2899 Visseringius

205 2929 311 2986 citavit
331 2943 367 2986 ex
389 2929 487 2986 Grotii
508 2929 601 2986 Maris
623 2927 707 2985 liberi
728 2926 896 2986 defensione
916 2927 1052 2986 adversus
1073 2927 1275 2996 Welwodum,
1296 2927 1375 3001 quod

203 3035 375 3105 opusculum
406 3033 467 3107 ejus
506 3033 590 3090 simul
622 3049 689 3090 cum
722 3031 932 3090 Commentarii
962 3034 1144 3107 autographo
1176 3032 1376 3091 Bibliothecae

204 3133 351 3209 Lugduno
373 3138 497 3194 Batavae
518 3148 625 3195 emtum
647 3149 700 3195 est.
742 3136 785 3193 lbi
808 3139 947 3210 leguntur
968 3137 1056 3194 haec:

244 3342 328 3401 Ante
348 3361 437 3401 annos
457 3346 587 3416 aliquot,
607 3361 670 3402 cunr
690 3343 817 3401 uiderem
837 3346 964 3415 ingentis
984 3359 1041 3399 esse
1062 3347 1197 3400 momenti
1205 3342 1247 3399 ad
1250 3347 1375 3417 patriae

204 3453 391 3507 securitatem
420 3447 542 3519 Indiae,
569 3465 645 3520 quae
676 3447 836 3505 Orientaiis
862 3446 989 3516 dicitur,
1017 3450 1228 3514 commercium,
1258 3445 1291 3504 id
1308 3463 1375 3504 uero

204 3557 399 3610 commercium
420 3556 492 3610 satis
512 3564 672 3627 appareret
693 3551 895 3609 obsistentibus
911 3562 966 3624 per
985 3553 1044 3606 rim
1063 3560 1155 3621 atque
1174 3548 1293 3608 insidias
1316 3548 1374 3606 Lu-

204 3661 308 3715 sitanis
336 3661 396 3715 sine
425 3662 516 3714 armis
542 3661 668 3714 retineri
695 3673 749 3712 non
774 3667 871 3729 posse,
897 3667 1013 3729 operam
1039 3653 1105 3712 dedi
1132 3665 1167 3710 ut
1194 3652 1237 3710 ad
1264 3653 1375 3711 tuenda

201 3757 345 3834 fortiter,
366 3779 442 3833 quac
451 3772 516 3818 tam
524 3757 658 3833 feliciter
668 3765 838 3834 coepissent,
859 3769 1021 3816 nostrorum
1031 3762 1140 3816 animos
1150 3757 1375 3831 inflammarem,

200 3869 348 3940 proposita
377 3866 411 3922 oh
440 3865 529 3922 oculos
557 3881 663 3922 causae
692 3867 778 3938 ipsim
802 3863 927 3936 justitia
948 3874 978 3920 et
998 3866 1169 3934 aequitate,
1200 3861 1275 3919 unde
1295 3866 1376 3920 nasci

204 3967 238 4023 τὸ
258 3966 362 4024 εὔελπι
381 3980 461 4025 recte
481 3985 502 4025 a
521 3968 668 4025 ueteribus
688 3966 834 4025 traditum
852 3965 1066 4024 existimabam.
1086 3966 1187 4039 Igitur
1198 3978 1227 4022 et
1238 3969 1374 4023 uniuersa

206 4073 275 4130 belli
289 4072 476 4147 praedaeque
490 4071 568 4146 jura
589 4084 618 4129 et
639 4069 792 4129 historiam
813 4089 927 4141 eorum,
948 4088 1023 4142 quae
1044 4069 1183 4127 Lusitani
1192 4087 1274 4126 sacre
1283 4081 1374 4141 atque

205 4175 361 4234 crudeliter
381 4180 412 4235 in
434 4188 541 4233 nostros
558 4186 793 4251 perpetrassent,
815 4178 965 4247 multaque
981 4171 1374 4246 aliaadhocargumentunt

200 4283 385 4355 pertinentia
417 4297 498 4337 eram
525 4291 693 4355 persecutus
718 4280 811 4353 amplo
843 4283 915 4336 satis
943 4282 1161 4345 commentario,
1189 4295 1271 4348 quem
1292 4277 1374 4336 edere

205 4381 346 4443 hactenus
367 4383 518 4459 supersedi.
560 4382 606 4440 At
634 4401 697 4441 cum
715 4396 779 4458 post
799 4385 953 4454 aliquanto
973 4384 1013 4438 ab
1035 4380 1172 4455 Hispanis
1192 4393 1251 4456 spes
1270 4383 1374 4455 aliqua

203 4493 323 4561 patriae
343 4500 544 4547 ostentaretur
562 4493 642 4562 pacis
663 4500 718 4546 aut
735 4487 937 4556 induciarum,
959 4485 1008 4543 sed
1016 4487 1055 4543 ab
1066 4484 1163 4544 iisdem
1170 4488 1373 4560 postularetur
