<?xml version="1.0" encoding="UTF-8"?>
<!DOCTYPE html PUBLIC "-//W3C//DTD XHTML 1.0 Transitional//EN"
    "http://www.w3.org/TR/xhtml1/DTD/xhtml1-transitional.dtd">
<html xmlns="http://www.w3.org/1999/xhtml" xml:lang="en" lang="en">
 <head>
  <title>
</title>
<meta http-equiv="Content-Type" content="text/html;charset=utf-8" />
  <meta name='ocr-system' content='tesseract 3.04.00' />
  <meta name='ocr-capabilities' content='ocr_page ocr_carea ocr_par ocr_line ocrx_word'/>
</head>
<body>
  <div class='ocr_page' id='page_1' title='image "./ledroitdeprised02hamagoog_0158.png"; bbox 0 0 3450 5434; ppageno 0'>
   <div class='ocr_carea' id='block_1_1' title="bbox 346 575 1195 657">
    <p class='ocr_par' dir='ltr' id='par_1_1' title="bbox 346 575 1195 657">
     <span class='ocr_line' id='line_1_1' title="bbox 346 575 1195 657; baseline 0.004 -22"><span class='ocrx_word' id='word_1_1' title='bbox 346 575 404 653; x_wconf 87' lang='lat'>136</span> <span class='ocrx_word' id='word_1_2' title='bbox 650 592 697 637; x_wconf 84' lang='lat' dir='ltr'>ua</span> <span class='ocrx_word' id='word_1_3' title='bbox 719 590 812 657; x_wconf 85' lang='lat' dir='ltr'>Juaa</span> <span class='ocrx_word' id='word_1_4' title='bbox 839 591 1027 645; x_wconf 76' lang='lat' dir='ltr'>rannone.</span> <span class='ocrx_word' id='word_1_5' title='bbox 1052 593 1133 642; x_wconf 73' lang='lat' dir='ltr'>cnr.</span> <span class='ocrx_word' id='word_1_6' title='bbox 1159 594 1195 639; x_wconf 86' lang='lat' dir='ltr'>x.</span> 
     </span>
    </p>
   </div>
   <div class='ocr_carea' id='block_1_2' title="bbox 331 743 1519 3272">
    <p class='ocr_par' dir='ltr' id='par_1_2' title="bbox 331 743 1519 3272">
     <span class='ocr_line' id='line_1_2' title="bbox 340 743 1514 830; baseline 0.002 -21"><span class='ocrx_word' id='word_1_7' title='bbox 340 743 415 810; x_wconf 90' lang='lat' dir='ltr'>trita</span> <span class='ocrx_word' id='word_1_8' title='bbox 435 744 469 810; x_wconf 91' lang='lat' dir='ltr'>in</span> <span class='ocrx_word' id='word_1_9' title='bbox 490 744 613 811; x_wconf 90' lang='lat' dir='ltr'>scholis</span> <span class='ocrx_word' id='word_1_10' title='bbox 629 746 924 830; x_wconf 84' lang='lat' dir='ltr'>jurisprudentium</span> <span class='ocrx_word' id='word_1_11' title='bbox 938 754 947 788; x_wconf 91' lang='lat'><strong>¹</strong></span> <span class='ocrx_word' id='word_1_12' title='bbox 961 746 1060 813; x_wconf 89' lang='lat' dir='ltr'>alium</span> <span class='ocrx_word' id='word_1_13' title='bbox 1089 765 1309 830; x_wconf 85' lang='lat' dir='ltr'>possessorem</span> <span class='ocrx_word' id='word_1_14' title='bbox 1330 744 1514 811; x_wconf 89' lang='lat' dir='ltr'>ministerio</span> 
     </span>
     <span class='ocr_line' id='line_1_3' title="bbox 340 855 1515 942; baseline 0.001 -23"><span class='ocrx_word' id='word_1_15' title='bbox 340 876 413 920; x_wconf 92' lang='lat' dir='ltr'>meo</span> <span class='ocrx_word' id='word_1_16' title='bbox 432 876 482 920; x_wconf 89' lang='lat' dir='ltr'>me</span> <span class='ocrx_word' id='word_1_17' title='bbox 500 855 628 936; x_wconf 85' lang='lat' dir='ltr'>iacere,</span> <span class='ocrx_word' id='word_1_18' title='bbox 650 857 818 941; x_wconf 90' lang='lat' dir='ltr'>possidere</span> <span class='ocrx_word' id='word_1_19' title='bbox 840 858 925 923; x_wconf 91' lang='lat' dir='ltr'>enim</span> <span class='ocrx_word' id='word_1_20' title='bbox 945 879 1018 923; x_wconf 89' lang='lat' dir='ltr'>eum</span> <span class='ocrx_word' id='word_1_21' title='bbox 1041 859 1136 942; x_wconf 88' lang='lat' dir='ltr'>cujus</span> <span class='ocrx_word' id='word_1_22' title='bbox 1156 856 1287 923; x_wconf 90' lang='lat' dir='ltr'>nomine</span> <span class='ocrx_word' id='word_1_23' title='bbox 1307 856 1515 941; x_wconf 87' lang='lat' dir='ltr'>possidetur:</span> 
     </span>
     <span class='ocr_line' id='line_1_4' title="bbox 339 959 1514 1051; baseline 0.001 -21"><span class='ocrx_word' id='word_1_24' title='bbox 339 959 446 1050; x_wconf 89' lang='lat' dir='ltr'>ipsum</span> <span class='ocrx_word' id='word_1_25' title='bbox 469 982 575 1032; x_wconf 92' lang='lat' dir='ltr'>autem</span> <span class='ocrx_word' id='word_1_26' title='bbox 595 983 838 1051; x_wconf 87' lang='lat' dir='ltr'>procuratorem</span> <span class='ocrx_word' id='word_1_27' title='bbox 859 969 980 1035; x_wconf 85' lang='lat' dir='ltr'>alienae</span> <span class='ocrx_word' id='word_1_28' title='bbox 1001 982 1126 1034; x_wconf 87' lang='lat' dir='ltr'>tautum</span> <span class='ocrx_word' id='word_1_29' title='bbox 1147 966 1346 1051; x_wconf 88' lang='lat' dir='ltr'>possessioni</span> <span class='ocrx_word' id='word_1_30' title='bbox 1367 966 1514 1033; x_wconf 90' lang='lat' dir='ltr'>ministe-</span> 
     </span>
     <span class='ocr_line' id='line_1_5' title="bbox 339 1076 1513 1162; baseline 0.001 -20"><span class='ocrx_word' id='word_1_31' title='bbox 339 1076 423 1142; x_wconf 90' lang='lat' dir='ltr'>rium</span> <span class='ocrx_word' id='word_1_32' title='bbox 445 1091 624 1161; x_wconf 87' lang='lat' dir='ltr'>praestare.</span> <span class='ocrx_word' id='word_1_33' title='bbox 671 1079 737 1144; x_wconf 90' lang='lat' dir='ltr'>Sed</span> <span class='ocrx_word' id='word_1_34' title='bbox 769 1078 913 1145; x_wconf 89' lang='lat' dir='ltr'>dubitari</span> <span class='ocrx_word' id='word_1_35' title='bbox 942 1094 1052 1162; x_wconf 89' lang='lat' dir='ltr'>potest</span> <span class='ocrx_word' id='word_1_36' title='bbox 1076 1098 1115 1145; x_wconf 85' lang='lat' dir='ltr'>ex</span> <span class='ocrx_word' id='word_1_37' title='bbox 1137 1078 1276 1145; x_wconf 87' lang='lat' dir='ltr'>naturali</span> <span class='ocrx_word' id='word_1_38' title='bbox 1299 1078 1425 1143; x_wconf 88' lang='lat' dir='ltr'>ratione</span> <span class='ocrx_word' id='word_1_39' title='bbox 1448 1080 1513 1144; x_wconf 90' lang='lat' dir='ltr'>hoc</span> 
     </span>
     <span class='ocr_line' id='line_1_6' title="bbox 339 1184 1512 1277; baseline 0 -24"><span class='ocrx_word' id='word_1_40' title='bbox 339 1189 496 1271; x_wconf 86' lang='lat' dir='ltr'>obtineat,</span> <span class='ocrx_word' id='word_1_41' title='bbox 518 1208 558 1254; x_wconf 88' lang='lat' dir='ltr'>an</span> <span class='ocrx_word' id='word_1_42' title='bbox 575 1190 648 1272; x_wconf 88' lang='lat' dir='ltr'>jure</span> <span class='ocrx_word' id='word_1_43' title='bbox 666 1189 848 1277; x_wconf 91' lang='lat' dir='ltr'>Quiritium</span> <span class='ocrx_word' id='word_1_44' title='bbox 860 1204 893 1255; x_wconf 95' lang='lat' dir='ltr'>et</span> <span class='ocrx_word' id='word_1_45' title='bbox 902 1190 1138 1257; x_wconf 86' lang='lat' dir='ltr'>constitutione</span> <span class='ocrx_word' id='word_1_46' title='bbox 1148 1184 1302 1254; x_wconf 85' lang='lat' dir='ltr'>Severi²:</span> <span class='ocrx_word' id='word_1_47' title='bbox 1325 1188 1512 1273; x_wconf 88' lang='lat' dir='ltr'>praesertim</span> 
     </span>
     <span class='ocr_line' id='line_1_7' title="bbox 339 1296 1512 1383; baseline 0.001 -19"><span class='ocrx_word' id='word_1_48' title='bbox 339 1300 415 1381; x_wconf 89' lang='lat' dir='ltr'>quia</span> <span class='ocrx_word' id='word_1_49' title='bbox 439 1299 473 1364; x_wconf 93' lang='lat' dir='ltr'>id</span> <span class='ocrx_word' id='word_1_50' title='bbox 495 1300 647 1370; x_wconf 82' lang='lat' dir='ltr'>utilitatis</span> <span class='ocrx_word' id='word_1_51' title='bbox 675 1320 770 1366; x_wconf 89' lang='lat' dir='ltr'>causa</span> <span class='ocrx_word' id='word_1_52' title='bbox 802 1315 968 1383; x_wconf 89' lang='lat' dir='ltr'>receptum</span> <span class='ocrx_word' id='word_1_53' title='bbox 998 1301 1063 1367; x_wconf 90' lang='lat' dir='ltr'>dici</span> <span class='ocrx_word' id='word_1_54' title='bbox 1098 1299 1249 1366; x_wconf 88' lang='lat' dir='ltr'>videatur</span> <span class='ocrx_word' id='word_1_55' title='bbox 1269 1296 1290 1365; x_wconf 82' lang='lat'>⁸.</span> <span class='ocrx_word' id='word_1_56' title='bbox 1336 1300 1512 1365; x_wconf 86' lang='lat' dir='ltr'>Attamen</span> 
     </span>
     <span class='ocr_line' id='line_1_8' title="bbox 337 1409 1512 1496; baseline -0.002 -20"><span class='ocrx_word' id='word_1_57' title='bbox 337 1429 402 1476; x_wconf 87' lang='lat' dir='ltr'>nou</span> <span class='ocrx_word' id='word_1_58' title='bbox 427 1411 566 1491; x_wconf 93' lang='lat' dir='ltr'>dubit0,</span> <span class='ocrx_word' id='word_1_59' title='bbox 591 1412 673 1494; x_wconf 90' lang='lat' dir='ltr'>quin</span> <span class='ocrx_word' id='word_1_60' title='bbox 696 1432 736 1477; x_wconf 83' lang='lat' dir='ltr'>ex</span> <span class='ocrx_word' id='word_1_61' title='bbox 750 1412 823 1495; x_wconf 87' lang='lat' dir='ltr'>jure</span> <span class='ocrx_word' id='word_1_62' title='bbox 836 1410 982 1496; x_wconf 85' lang='lat' dir='ltr'>gentium</span> <span class='ocrx_word' id='word_1_63' title='bbox 996 1412 1169 1493; x_wconf 89' lang='lat' dir='ltr'>procedat:</span> <span class='ocrx_word' id='word_1_64' title='bbox 1194 1409 1512 1495; x_wconf 84' lang='lat' dir='ltr'>cujusreimagnum</span> 
     </span>
     <span class='ocr_line' id='line_1_9' title="bbox 336 1519 1513 1605; baseline -0.003 -18"><span class='ocrx_word' id='word_1_65' title='bbox 336 1541 412 1587; x_wconf 91' lang='lat' dir='ltr'>sane</span> <span class='ocrx_word' id='word_1_66' title='bbox 433 1536 660 1605; x_wconf 83' lang='lat' dir='ltr'>argumentum</span> <span class='ocrx_word' id='word_1_67' title='bbox 681 1537 751 1602; x_wconf 84' lang='lat' dir='ltr'>est,</span> <span class='ocrx_word' id='word_1_68' title='bbox 776 1522 868 1603; x_wconf 93' lang='lat' dir='ltr'>quod</span> <span class='ocrx_word' id='word_1_69' title='bbox 891 1520 924 1587; x_wconf 92' lang='lat' dir='ltr'>in</span> <span class='ocrx_word' id='word_1_70' title='bbox 946 1520 1102 1587; x_wconf 88' lang='lat' dir='ltr'>civilibus</span> <span class='ocrx_word' id='word_1_71' title='bbox 1124 1521 1399 1604; x_wconf 81' lang='lat' dir='ltr'>acquisitionibus</span> <span class='ocrx_word' id='word_1_72' title='bbox 1420 1519 1513 1585; x_wconf 87' lang='lat' dir='ltr'>aliter</span> 
     </span>
     <span class='ocr_line' id='line_1_10' title="bbox 337 1630 1511 1715; baseline -0.001 -19"><span class='ocrx_word' id='word_1_73' title='bbox 337 1650 371 1697; x_wconf 84' lang='lat' dir='ltr'>se</span> <span class='ocrx_word' id='word_1_74' title='bbox 392 1650 444 1697; x_wconf 89' lang='lat' dir='ltr'>res</span> <span class='ocrx_word' id='word_1_75' title='bbox 464 1633 583 1715; x_wconf 89' lang='lat' dir='ltr'>habet,</span> <span class='ocrx_word' id='word_1_76' title='bbox 617 1648 654 1699; x_wconf 93' lang='lat' dir='ltr'>ut</span> <span class='ocrx_word' id='word_1_77' title='bbox 677 1632 710 1698; x_wconf 88' lang='lat' dir='ltr'>in</span> <span class='ocrx_word' id='word_1_78' title='bbox 728 1631 1021 1714; x_wconf 82' lang='lat' dir='ltr'>stipulationibus,</span> <span class='ocrx_word' id='word_1_79' title='bbox 1055 1652 1139 1713; x_wconf 88' lang='lat' dir='ltr'>quae</span> <span class='ocrx_word' id='word_1_80' title='bbox 1162 1633 1268 1699; x_wconf 89' lang='lat' dir='ltr'>alieno</span> <span class='ocrx_word' id='word_1_81' title='bbox 1290 1631 1422 1699; x_wconf 90' lang='lat' dir='ltr'>nomine</span> <span class='ocrx_word' id='word_1_82' title='bbox 1441 1630 1511 1696; x_wconf 86' lang='lat' dir='ltr'>fieri</span> 
     </span>
     <span class='ocr_line' id='line_1_11' title="bbox 336 1738 1510 1828; baseline 0 -23"><span class='ocrx_word' id='word_1_83' title='bbox 336 1762 401 1807; x_wconf 91' lang='lat' dir='ltr'>non</span> <span class='ocrx_word' id='word_1_84' title='bbox 428 1759 569 1826; x_wconf 91' lang='lat' dir='ltr'>possunt</span> <span class='ocrx_word' id='word_1_85' title='bbox 587 1738 609 1809; x_wconf 72' lang='lat'>⁴.</span> <span class='ocrx_word' id='word_1_86' title='bbox 656 1743 702 1809; x_wconf 87' lang='lat' dir='ltr'>Et</span> <span class='ocrx_word' id='word_1_87' title='bbox 731 1742 871 1809; x_wconf 85' lang='lat' dir='ltr'>discrete</span> <span class='ocrx_word' id='word_1_88' title='bbox 899 1742 1113 1809; x_wconf 89' lang='lat' dir='ltr'>Modestinus</span> <span class='ocrx_word' id='word_1_89' title='bbox 1132 1744 1163 1808; x_wconf 82' lang='lat'>⁸:</span> <span class='ocrx_word' id='word_1_90' title='bbox 1188 1744 1278 1828; x_wconf 81' lang='lat' dir='ltr'>quod</span> <span class='ocrx_word' id='word_1_91' title='bbox 1296 1742 1510 1807; x_wconf 80' lang='lat' dir='ltr'>naturaliter</span> 
     </span>
     <span class='ocr_line' id='line_1_12' title="bbox 335 1852 1509 1940; baseline -0.001 -24"><span class='ocrx_word' id='word_1_92' title='bbox 335 1857 534 1938; x_wconf 83' lang='lat' dir='ltr'>acquiritur</span> <span class='ocrx_word' id='word_1_93' title='bbox 564 1858 651 1919; x_wconf 89' lang='lat' dir='ltr'>sicut</span> <span class='ocrx_word' id='word_1_94' title='bbox 680 1857 861 1940; x_wconf 78' lang='lat' dir='ltr'>possessio,</span> <span class='ocrx_word' id='word_1_95' title='bbox 889 1852 1020 1935; x_wconf 85' lang='lat' dir='ltr'>inquit,</span> <span class='ocrx_word' id='word_1_96' title='bbox 1042 1868 1106 1939; x_wconf 79' lang='lat' dir='ltr'>prr</span> <span class='ocrx_word' id='word_1_97' title='bbox 1129 1853 1305 1939; x_wconf 78' lang='lat' dir='ltr'>quemlibet</span> <span class='ocrx_word' id='word_1_98' title='bbox 1326 1853 1509 1921; x_wconf 74' lang='lat' dir='ltr'>uolentibus</span> 
     </span>
     <span class='ocr_line' id='line_1_13' title="bbox 335 1962 1510 2050; baseline 0 -23"><span class='ocrx_word' id='word_1_99' title='bbox 335 1964 425 2027; x_wconf 86' lang='lat' dir='ltr'>nabis</span> <span class='ocrx_word' id='word_1_100' title='bbox 447 1963 615 2050; x_wconf 80' lang='lat' dir='ltr'>possidere</span> <span class='ocrx_word' id='word_1_101' title='bbox 646 1968 856 2050; x_wconf 80' lang='lat' dir='ltr'>acquiritur.</span> <span class='ocrx_word' id='word_1_102' title='bbox 904 1964 969 2029; x_wconf 89' lang='lat' dir='ltr'>Sed</span> <span class='ocrx_word' id='word_1_103' title='bbox 991 1963 1053 2029; x_wconf 89' lang='lat' dir='ltr'>alia</span> <span class='ocrx_word' id='word_1_104' title='bbox 1067 1963 1209 2031; x_wconf 74' lang='lat' dir='ltr'>&#39;fuerunt</span> <span class='ocrx_word' id='word_1_105' title='bbox 1234 1965 1274 2029; x_wconf 90' lang='lat' dir='ltr'>de</span> <span class='ocrx_word' id='word_1_106' title='bbox 1298 1963 1421 2046; x_wconf 90' lang='lat' dir='ltr'>quibus</span> <span class='ocrx_word' id='word_1_107' title='bbox 1444 1962 1510 2027; x_wconf 93' lang='lat' dir='ltr'>dis·</span> 
     </span>
     <span class='ocr_line' id='line_1_14' title="bbox 334 2074 1511 2171; baseline 0 -33"><span class='ocrx_word' id='word_1_108' title='bbox 334 2088 485 2155; x_wconf 89' lang='lat' dir='ltr'>putatum</span> <span class='ocrx_word' id='word_1_109' title='bbox 517 2089 567 2140; x_wconf 91' lang='lat' dir='ltr'>est</span> <span class='ocrx_word' id='word_1_110' title='bbox 595 2074 682 2140; x_wconf 83' lang='lat' dir='ltr'>inter</span> <span class='ocrx_word' id='word_1_111' title='bbox 710 2089 839 2140; x_wconf 89' lang='lat' dir='ltr'>veteres</span> <span class='ocrx_word' id='word_1_112' title='bbox 865 2074 949 2159; x_wconf 81' lang='lat' dir='ltr'>J&#39;uris</span> <span class='ocrx_word' id='word_1_113' title='bbox 973 2077 1176 2171; x_wconf 25' lang='lat' dir='ltr'>auctores-⁸,</span> <span class='ocrx_word' id='word_1_114' title='bbox 1202 2090 1365 2157; x_wconf 89' lang='lat' dir='ltr'>quatenus</span> <span class='ocrx_word' id='word_1_115' title='bbox 1385 2074 1511 2141; x_wconf 88' lang='lat' dir='ltr'>scilicet</span> 
     </span>
     <span class='ocr_line' id='line_1_15' title="bbox 335 2184 1511 2270; baseline 0 -21"><span class='ocrx_word' id='word_1_116' title='bbox 335 2184 501 2267; x_wconf 87' lang='lat' dir='ltr'>possessio</span> <span class='ocrx_word' id='word_1_117' title='bbox 523 2186 599 2251; x_wconf 89' lang='lat' dir='ltr'>talis</span> <span class='ocrx_word' id='word_1_118' title='bbox 616 2185 843 2270; x_wconf 86' lang='lat' dir='ltr'>ignorantibus</span> <span class='ocrx_word' id='word_1_119' title='bbox 863 2184 960 2250; x_wconf 88' lang='lat' dir='ltr'>etiam</span> <span class='ocrx_word' id='word_1_120' title='bbox 971 2185 1068 2251; x_wconf 91' lang='lat' dir='ltr'>nobis</span> <span class='ocrx_word' id='word_1_121' title='bbox 1081 2185 1283 2267; x_wconf 88' lang='lat' dir='ltr'>acquiratur,</span> <span class='ocrx_word' id='word_1_122' title='bbox 1304 2199 1337 2250; x_wconf 91' lang='lat' dir='ltr'>et</span> <span class='ocrx_word' id='word_1_123' title='bbox 1346 2200 1511 2267; x_wconf 87' lang='lat' dir='ltr'>quatenus</span> 
     </span>
     <span class='ocr_line' id='line_1_16' title="bbox 334 2292 1510 2379; baseline 0 -19"><span class='ocrx_word' id='word_1_124' title='bbox 334 2296 507 2361; x_wconf 89' lang='lat' dir='ltr'>accedente</span> <span class='ocrx_word' id='word_1_125' title='bbox 525 2296 661 2363; x_wconf 90' lang='lat' dir='ltr'>scientia</span> <span class='ocrx_word' id='word_1_126' title='bbox 679 2295 835 2378; x_wconf 85' lang='lat' dir='ltr'>procedat</span> <span class='ocrx_word' id='word_1_127' title='bbox 853 2296 1025 2379; x_wconf 87' lang='lat' dir='ltr'>usucapio.</span> <span class='ocrx_word' id='word_1_128' title='bbox 1052 2296 1194 2363; x_wconf 88' lang='lat' dir='ltr'>Severus</span> <span class='ocrx_word' id='word_1_129' title='bbox 1212 2292 1223 2327; x_wconf 89' lang='lat'>⁷</span> <span class='ocrx_word' id='word_1_130' title='bbox 1243 2310 1350 2361; x_wconf 88' lang='lat' dir='ltr'>autem</span> <span class='ocrx_word' id='word_1_131' title='bbox 1372 2296 1510 2361; x_wconf 87' lang='lat' dir='ltr'>adhaec</span> 
     </span>
     <span class='ocr_line' id='line_1_17' title="bbox 335 2404 1519 2491; baseline 0.002 -21"><span class='ocrx_word' id='word_1_132' title='bbox 335 2404 431 2470; x_wconf 91' lang='lat' dir='ltr'>etiam</span> <span class='ocrx_word' id='word_1_133' title='bbox 445 2407 589 2491; x_wconf 85' lang='lat' dir='ltr'>regulam</span> <span class='ocrx_word' id='word_1_134' title='bbox 599 2406 774 2490; x_wconf 86' lang='lat' dir='ltr'>produxit,</span> <span class='ocrx_word' id='word_1_135' title='bbox 798 2409 1005 2489; x_wconf 76' lang='lat' dir='ltr'>nequesob,</span> <span class='ocrx_word' id='word_1_136' title='bbox 1026 2421 1063 2472; x_wconf 93' lang='lat' dir='ltr'>ut</span> <span class='ocrx_word' id='word_1_137' title='bbox 1073 2406 1201 2488; x_wconf 86' lang='lat' dir='ltr'>inquit,</span> <span class='ocrx_word' id='word_1_138' title='bbox 1222 2406 1375 2474; x_wconf 88' lang='lat' dir='ltr'>utilitatis</span> <span class='ocrx_word' id='word_1_139' title='bbox 1385 2406 1519 2473; x_wconf 87' lang='lat' dir='ltr'>ratione.</span> 
     </span>
     <span class='ocr_line' id='line_1_18' title="bbox 333 2516 1508 2602; baseline 0.002 -22"><span class='ocrx_word' id='word_1_140' title='bbox 333 2516 392 2581; x_wconf 88' lang='lat' dir='ltr'>sed</span> <span class='ocrx_word' id='word_1_141' title='bbox 412 2532 446 2581; x_wconf 90' lang='lat' dir='ltr'>et</span> <span class='ocrx_word' id='word_1_142' title='bbox 460 2517 746 2601; x_wconf 88' lang='lat' dir='ltr'>jurisprudentiae.</span> <span class='ocrx_word' id='word_1_143' title='bbox 791 2516 982 2599; x_wconf 90' lang='lat' dir='ltr'>Possessio,</span> <span class='ocrx_word' id='word_1_144' title='bbox 1008 2517 1096 2583; x_wconf 89' lang='lat' dir='ltr'>utin</span> <span class='ocrx_word' id='word_1_145' title='bbox 1116 2516 1280 2600; x_wconf 88' lang='lat' dir='ltr'>principio</span> <span class='ocrx_word' id='word_1_146' title='bbox 1300 2516 1508 2602; x_wconf 82' lang='lat' dir='ltr'>attigimus⁸‚</span> 
     </span>
     <span class='ocr_line' id='line_1_19' title="bbox 333 2626 1508 2712; baseline 0.002 -21"><span class='ocrx_word' id='word_1_147' title='bbox 333 2647 373 2692; x_wconf 82' lang='lat' dir='ltr'>ex</span> <span class='ocrx_word' id='word_1_148' title='bbox 395 2627 526 2694; x_wconf 90' lang='lat' dir='ltr'>duobus</span> <span class='ocrx_word' id='word_1_149' title='bbox 545 2643 608 2711; x_wconf 87' lang='lat' dir='ltr'>est,</span> <span class='ocrx_word' id='word_1_150' title='bbox 629 2627 794 2695; x_wconf 85' lang='lat' dir='ltr'>exanimo</span> <span class='ocrx_word' id='word_1_151' title='bbox 814 2642 847 2693; x_wconf 89' lang='lat' dir='ltr'>et</span> <span class='ocrx_word' id='word_1_152' title='bbox 866 2647 1012 2711; x_wconf 89' lang='lat' dir='ltr'>corpore.</span> <span class='ocrx_word' id='word_1_153' title='bbox 1038 2627 1094 2691; x_wconf 91' lang='lat' dir='ltr'>Ab</span> <span class='ocrx_word' id='word_1_154' title='bbox 1116 2626 1224 2693; x_wconf 87' lang='lat' dir='ltr'>animo</span> <span class='ocrx_word' id='word_1_155' title='bbox 1243 2627 1358 2712; x_wconf 84' lang='lat' dir='ltr'>agendi</span> <span class='ocrx_word' id='word_1_156' title='bbox 1378 2627 1508 2693; x_wconf 89' lang='lat' dir='ltr'>initium</span> 
     </span>
     <span class='ocr_line' id='line_1_20' title="bbox 334 2736 1510 2821; baseline -0.001 -18"><span class='ocrx_word' id='word_1_157' title='bbox 334 2758 403 2805; x_wconf 90' lang='lat' dir='ltr'>esse</span> <span class='ocrx_word' id='word_1_158' title='bbox 436 2739 556 2820; x_wconf 89' lang='lat' dir='ltr'>debet,</span> <span class='ocrx_word' id='word_1_159' title='bbox 588 2740 675 2806; x_wconf 89' lang='lat' dir='ltr'>unde</span> <span class='ocrx_word' id='word_1_160' title='bbox 706 2739 896 2805; x_wconf 87' lang='lat' dir='ltr'>naturaliter</span> <span class='ocrx_word' id='word_1_161' title='bbox 927 2759 986 2803; x_wconf 90' lang='lat' dir='ltr'>uec</span> <span class='ocrx_word' id='word_1_162' title='bbox 1016 2736 1122 2804; x_wconf 84' lang='lat' dir='ltr'>infans</span> <span class='ocrx_word' id='word_1_163' title='bbox 1144 2738 1266 2821; x_wconf 87' lang='lat' dir='ltr'>primae</span> <span class='ocrx_word' id='word_1_164' title='bbox 1288 2738 1425 2818; x_wconf 87' lang='lat' dir='ltr'>aetatis,</span> <span class='ocrx_word' id='word_1_165' title='bbox 1449 2757 1510 2803; x_wconf 89' lang='lat' dir='ltr'>nec</span> 
     </span>
     <span class='ocr_line' id='line_1_21' title="bbox 332 2848 1510 2934; baseline -0.002 -19"><span class='ocrx_word' id='word_1_166' title='bbox 332 2848 501 2931; x_wconf 84' lang='lat' dir='ltr'>furiosus,</span> <span class='ocrx_word' id='word_1_167' title='bbox 525 2872 584 2916; x_wconf 90' lang='lat' dir='ltr'>nec</span> <span class='ocrx_word' id='word_1_168' title='bbox 607 2852 782 2934; x_wconf 89' lang='lat' dir='ltr'>quisquam</span> <span class='ocrx_word' id='word_1_169' title='bbox 810 2850 947 2933; x_wconf 88' lang='lat' dir='ltr'>quinon</span> <span class='ocrx_word' id='word_1_170' title='bbox 965 2851 1060 2929; x_wconf 84' lang='lat' dir='ltr'>vult,</span> <span class='ocrx_word' id='word_1_171' title='bbox 1083 2848 1323 2930; x_wconf 88' lang='lat' dir='ltr'>possessionem</span> <span class='ocrx_word' id='word_1_172' title='bbox 1336 2848 1477 2932; x_wconf 87' lang='lat' dir='ltr'>acquirit</span> <span class='ocrx_word' id='word_1_173' title='bbox 1487 2860 1510 2913; x_wconf 80' lang='lat'>⁰.</span> 
     </span>
     <span class='ocr_line' id='line_1_22' title="bbox 332 2958 1511 3045; baseline 0 -20"><span class='ocrx_word' id='word_1_174' title='bbox 332 2961 457 3027; x_wconf 89' lang='lat' dir='ltr'>Animo</span> <span class='ocrx_word' id='word_1_175' title='bbox 487 2978 595 3031; x_wconf 88' lang='lat' dir='ltr'>autem</span> <span class='ocrx_word' id='word_1_176' title='bbox 626 2962 667 3031; x_wconf 86' lang='lat' dir='ltr'>ad</span> <span class='ocrx_word' id='word_1_177' title='bbox 700 2961 1001 3045; x_wconf 86' lang='lat' dir='ltr'>apprehendendam</span> <span class='ocrx_word' id='word_1_178' title='bbox 1039 2960 1281 3042; x_wconf 85' lang='lat' dir='ltr'>possessiouem</span> <span class='ocrx_word' id='word_1_179' title='bbox 1321 2958 1511 3027; x_wconf 87' lang='lat' dir='ltr'>naturaliter</span> 
     </span>
     <span class='ocr_line' id='line_1_23' title="bbox 332 3070 1510 3154; baseline 0 -18"><span class='ocrx_word' id='word_1_180' title='bbox 332 3072 514 3144; x_wconf 84' lang='lat' dir='ltr'>ministrare</span> <span class='ocrx_word' id='word_1_181' title='bbox 535 3091 656 3154; x_wconf 91' lang='lat' dir='ltr'>corpus</span> <span class='ocrx_word' id='word_1_182' title='bbox 677 3071 791 3137; x_wconf 91' lang='lat' dir='ltr'>debet:</span> <span class='ocrx_word' id='word_1_183' title='bbox 816 3091 882 3137; x_wconf 95' lang='lat' dir='ltr'>non</span> <span class='ocrx_word' id='word_1_184' title='bbox 905 3087 1012 3137; x_wconf 85' lang='lat' dir='ltr'>tamen</span> <span class='ocrx_word' id='word_1_185' title='bbox 1033 3070 1216 3139; x_wconf 88' lang='lat' dir='ltr'>necessario</span> <span class='ocrx_word' id='word_1_186' title='bbox 1238 3084 1399 3138; x_wconf 88' lang='lat' dir='ltr'>nostrum.</span> <span class='ocrx_word' id='word_1_187' title='bbox 1424 3071 1510 3137; x_wconf 89' lang='lat' dir='ltr'>Pau·</span> 
     </span>
     <span class='ocr_line' id='line_1_24' title="bbox 331 3168 1509 3272; baseline 0 -25"><span class='ocrx_word' id='word_1_188' title='bbox 331 3184 384 3250; x_wconf 88' lang='lat' dir='ltr'>lus</span> <span class='ocrx_word' id='word_1_189' title='bbox 405 3184 429 3223; x_wconf 85' lang='lat'>¹⁰</span> <span class='ocrx_word' id='word_1_190' title='bbox 447 3182 620 3268; x_wconf 90' lang='lat' dir='ltr'>Receptis:</span> <span class='ocrx_word' id='word_1_191' title='bbox 654 3168 888 3253; x_wconf 72' lang='lat' dir='ltr'>Possessioarm</span> <span class='ocrx_word' id='word_1_192' title='bbox 922 3185 1129 3272; x_wconf 81' lang='lat' dir='ltr'>acquirimus</span> <span class='ocrx_word' id='word_1_193' title='bbox 1157 3186 1267 3250; x_wconf 83' lang='lat' dir='ltr'>animo</span> <span class='ocrx_word' id='word_1_194' title='bbox 1287 3196 1318 3248; x_wconf 80' lang='lat' dir='ltr'>rt</span> <span class='ocrx_word' id='word_1_195' title='bbox 1350 3196 1509 3269; x_wconf 77' lang='lat' dir='ltr'>corpore:</span> 
     </span>
    </p>
   </div>
   <div class='ocr_carea' id='block_1_3' title="bbox 334 3378 530 3388">
    <p class='ocr_par' dir='ltr' id='par_1_3' title="bbox 334 3378 530 3388">
     <span class='ocr_line' id='line_1_25' title="bbox 334 3378 530 3388; baseline 0 -1"><span class='ocrx_word' id='word_1_196' title='bbox 334 3378 530 3388; x_wconf 69' lang='grc' dir='ltr'>..ι-</span> 
     </span>
    </p>
   </div>
   <div class='ocr_carea' id='block_1_4' title="bbox 330 3469 1510 4539">
    <p class='ocr_par' dir='ltr' id='par_1_4' title="bbox 330 3469 1510 4539">
     <span class='ocr_line' id='line_1_26' title="bbox 367 3469 1508 3542; baseline -0.002 -15"><span class='ocrx_word' id='word_1_197' title='bbox 367 3479 375 3510; x_wconf 89' lang='lat'>¹</span> <span class='ocrx_word' id='word_1_198' title='bbox 394 3482 411 3527; x_wconf 93' lang='lat'>1.</span> <span class='ocrx_word' id='word_1_199' title='bbox 426 3480 492 3528; x_wconf 87' lang='lat' dir='ltr'>liber</span> <span class='ocrx_word' id='word_1_200' title='bbox 509 3469 596 3527; x_wconf 88' lang='lat' dir='ltr'>homo.</span> <span class='ocrx_word' id='word_1_201' title='bbox 612 3478 638 3527; x_wconf 83' lang='lat' dir='ltr'>ff.</span> <span class='ocrx_word' id='word_1_202' title='bbox 653 3482 684 3528; x_wconf 90' lang='lat' dir='ltr'>de</span> <span class='ocrx_word' id='word_1_203' title='bbox 702 3494 758 3540; x_wconf 87' lang='lat' dir='ltr'>acq.</span> <span class='ocrx_word' id='word_1_204' title='bbox 774 3492 823 3527; x_wconf 90' lang='lat' dir='ltr'>rer.</span> <span class='ocrx_word' id='word_1_205' title='bbox 843 3481 911 3529; x_wconf 90' lang='lat' dir='ltr'>dom.</span> <span class='ocrx_word' id='word_1_206' title='bbox 929 3480 973 3542; x_wconf 90' lang='lat' dir='ltr'>[D.</span> <span class='ocrx_word' id='word_1_207' title='bbox 991 3494 1032 3541; x_wconf 92' lang='grc'>41.</span> <span class='ocrx_word' id='word_1_208' title='bbox 1050 3493 1071 3528; x_wconf 85' lang='lat'>1·</span> <span class='ocrx_word' id='word_1_209' title='bbox 1088 3480 1140 3541; x_wconf 77' lang='lat'>54]</span> <span class='ocrx_word' id='word_1_210' title='bbox 1157 3481 1174 3526; x_wconf 93' lang='lat' dir='ltr'>l.</span> <span class='ocrx_word' id='word_1_211' title='bbox 1191 3478 1321 3539; x_wconf 84' lang='lat' dir='ltr'>possessio</span> <span class='ocrx_word' id='word_1_212' title='bbox 1336 3478 1357 3539; x_wconf 50' lang='grc' dir='ltr'><em>ᾗ</em></span> <span class='ocrx_word' id='word_1_213' title='bbox 1373 3476 1417 3525; x_wconf 91' lang='lat' dir='ltr'>fin.</span> <span class='ocrx_word' id='word_1_214' title='bbox 1435 3478 1461 3525; x_wconf 82' lang='lat' dir='ltr'>ff.</span> <span class='ocrx_word' id='word_1_215' title='bbox 1476 3480 1508 3526; x_wconf 90' lang='lat' dir='ltr'>de</span> 
     </span>
     <span class='ocr_line' id='line_1_27' title="bbox 333 3567 1507 3635; baseline -0.001 -17"><span class='ocrx_word' id='word_1_216' title='bbox 333 3585 385 3631; x_wconf 86' lang='lat' dir='ltr'>aeq.</span> <span class='ocrx_word' id='word_1_217' title='bbox 401 3583 470 3631; x_wconf 87' lang='lat' dir='ltr'>poss.</span> <span class='ocrx_word' id='word_1_218' title='bbox 490 3570 534 3631; x_wconf 88' lang='lat' dir='ltr'>[D.</span> <span class='ocrx_word' id='word_1_219' title='bbox 556 3583 598 3630; x_wconf 87' lang='lat'>41.</span> <span class='ocrx_word' id='word_1_220' title='bbox 623 3584 646 3618; x_wconf 83' lang='lat'>2.</span> <span class='ocrx_word' id='word_1_221' title='bbox 670 3570 705 3635; x_wconf 88' lang='grc'>1.]</span> <span class='ocrx_word' id='word_1_222' title='bbox 727 3574 744 3619; x_wconf 92' lang='grc'>1.</span> <span class='ocrx_word' id='word_1_223' title='bbox 761 3585 784 3619; x_wconf 89' lang='grc'>1.</span> <span class='ocrx_word' id='word_1_224' title='bbox 803 3573 832 3619; x_wconf 90' lang='lat' dir='ltr'>C.</span> <span class='ocrx_word' id='word_1_225' title='bbox 847 3584 894 3631; x_wconf 87' lang='lat' dir='ltr'>per</span> <span class='ocrx_word' id='word_1_226' title='bbox 911 3584 972 3632; x_wconf 78' lang='lat' dir='ltr'>ques</span> <span class='ocrx_word' id='word_1_227' title='bbox 986 3582 1053 3631; x_wconf 90' lang='lat' dir='ltr'>pers.</span> <span class='ocrx_word' id='word_1_228' title='bbox 1070 3567 1129 3618; x_wconf 86' lang='lat' dir='ltr'>nob.</span> <span class='ocrx_word' id='word_1_229' title='bbox 1146 3582 1202 3630; x_wconf 86' lang='lat' dir='ltr'>aeq.</span> <span class='ocrx_word' id='word_1_230' title='bbox 1222 3567 1263 3632; x_wconf 90' lang='lat' dir='ltr'>[C.</span> <span class='ocrx_word' id='word_1_231' title='bbox 1281 3582 1307 3629; x_wconf 87' lang='lat'>4.</span> <span class='ocrx_word' id='word_1_232' title='bbox 1323 3568 1376 3629; x_wconf 85' lang='lat'>27.]</span> <span class='ocrx_word' id='word_1_233' title='bbox 1396 3570 1507 3629; x_wconf 67' lang='grc'><strong>111141-</strong></span> 
     </span>
     <span class='ocr_line' id='line_1_28' title="bbox 331 3654 1508 3724; baseline 0.001 -15"><span class='ocrx_word' id='word_1_234' title='bbox 331 3662 384 3709; x_wconf 88' lang='lat' dir='ltr'>tiis.</span> <span class='ocrx_word' id='word_1_235' title='bbox 408 3663 439 3709; x_wconf 90' lang='lat' dir='ltr'>C.</span> <span class='ocrx_word' id='word_1_236' title='bbox 457 3662 489 3709; x_wconf 87' lang='lat' dir='ltr'>de</span> <span class='ocrx_word' id='word_1_237' title='bbox 504 3674 561 3721; x_wconf 77' lang='lat' dir='ltr'>neg.</span> <span class='ocrx_word' id='word_1_238' title='bbox 574 3662 660 3721; x_wconf 81' lang='lat' dir='ltr'>gestis.</span> <span class='ocrx_word' id='word_1_239' title='bbox 676 3659 720 3724; x_wconf 87' lang='lat' dir='ltr'>[C.</span> <span class='ocrx_word' id='word_1_240' title='bbox 738 3676 762 3709; x_wconf 90' lang='grc'>1.</span> <span class='ocrx_word' id='word_1_241' title='bbox 783 3675 821 3723; x_wconf 83' lang='grc'>19.</span> <span class='ocrx_word' id='word_1_242' title='bbox 836 3661 889 3722; x_wconf 62' lang='grc'>11]</span> <span class='ocrx_word' id='word_1_243' title='bbox 909 3664 926 3709; x_wconf 94' lang='grc'>1.</span> <span class='ocrx_word' id='word_1_244' title='bbox 944 3662 1014 3721; x_wconf 90' lang='lat' dir='ltr'>quod</span> <span class='ocrx_word' id='word_1_245' title='bbox 1032 3674 1098 3707; x_wconf 88' lang='lat' dir='ltr'>meo.</span> <span class='ocrx_word' id='word_1_246' title='bbox 1113 3660 1140 3709; x_wconf 80' lang='lat' dir='ltr'>ff.</span> <span class='ocrx_word' id='word_1_247' title='bbox 1155 3661 1186 3708; x_wconf 89' lang='lat' dir='ltr'>de</span> <span class='ocrx_word' id='word_1_248' title='bbox 1202 3673 1258 3720; x_wconf 86' lang='lat' dir='ltr'>aeq.</span> <span class='ocrx_word' id='word_1_249' title='bbox 1274 3672 1344 3720; x_wconf 87' lang='lat' dir='ltr'>poss.</span> <span class='ocrx_word' id='word_1_250' title='bbox 1363 3654 1406 3721; x_wconf 87' lang='lat' dir='ltr'>[D.</span> <span class='ocrx_word' id='word_1_251' title='bbox 1422 3672 1463 3719; x_wconf 89' lang='lat'>41.</span> <span class='ocrx_word' id='word_1_252' title='bbox 1484 3672 1508 3711; x_wconf 81' lang='grc'>1.</span> 
     </span>
     <span class='ocr_line' id='line_1_29' title="bbox 332 3747 1508 3815; baseline -0.003 -15"><span class='ocrx_word' id='word_1_253' title='bbox 332 3750 383 3815; x_wconf 84' lang='grc'><strong>18.]</strong></span> <span class='ocrx_word' id='word_1_254' title='bbox 419 3747 465 3799; x_wconf 77' lang='lat'>²1.</span> <span class='ocrx_word' id='word_1_255' title='bbox 483 3766 505 3800; x_wconf 89' lang='lat'>1.</span> <span class='ocrx_word' id='word_1_256' title='bbox 522 3755 551 3801; x_wconf 88' lang='lat' dir='ltr'>C.</span> <span class='ocrx_word' id='word_1_257' title='bbox 569 3755 600 3801; x_wconf 88' lang='lat' dir='ltr'>de</span> <span class='ocrx_word' id='word_1_258' title='bbox 618 3766 673 3813; x_wconf 85' lang='lat' dir='ltr'>aeq.</span> <span class='ocrx_word' id='word_1_259' title='bbox 688 3766 757 3813; x_wconf 91' lang='lat' dir='ltr'>poss.</span> <span class='ocrx_word' id='word_1_260' title='bbox 775 3753 818 3813; x_wconf 90' lang='lat' dir='ltr'>[C.</span> <span class='ocrx_word' id='word_1_261' title='bbox 833 3764 858 3809; x_wconf 82' lang='lat'>7.</span> <span class='ocrx_word' id='word_1_262' title='bbox 875 3752 927 3814; x_wconf 68' lang='lat' dir='ltr'>aa]</span> <span class='ocrx_word' id='word_1_263' title='bbox 963 3749 973 3782; x_wconf 77' lang='lat'><strong>³</strong></span> <span class='ocrx_word' id='word_1_264' title='bbox 991 3754 1008 3799; x_wconf 93' lang='lat' dir='ltr'>l.</span> <span class='ocrx_word' id='word_1_265' title='bbox 1022 3764 1068 3811; x_wconf 86' lang='lat' dir='ltr'>per</span> <span class='ocrx_word' id='word_1_266' title='bbox 1084 3762 1285 3812; x_wconf 80' lang='lat' dir='ltr'>procuratorem.</span> <span class='ocrx_word' id='word_1_267' title='bbox 1304 3752 1334 3797; x_wconf 90' lang='lat' dir='ltr'>C.</span> <span class='ocrx_word' id='word_1_268' title='bbox 1353 3762 1384 3798; x_wconf 90' lang='lat' dir='ltr'>eo</span> <span class='ocrx_word' id='word_1_269' title='bbox 1401 3750 1443 3797; x_wconf 90' lang='lat' dir='ltr'>tit.</span> <span class='ocrx_word' id='word_1_270' title='bbox 1463 3750 1508 3811; x_wconf 63' lang='grc' dir='ltr'>[ὓ</span> 
     </span>
     <span class='ocr_line' id='line_1_30' title="bbox 331 3841 1508 3907; baseline -0.004 -15"><span class='ocrx_word' id='word_1_271' title='bbox 331 3855 356 3901; x_wconf 80' lang='lat'>7.</span> <span class='ocrx_word' id='word_1_272' title='bbox 379 3856 419 3900; x_wconf 75' lang='grc'>11.</span> <span class='ocrx_word' id='word_1_273' title='bbox 441 3842 477 3907; x_wconf 88' lang='grc'>8.]</span> <span class='ocrx_word' id='word_1_274' title='bbox 498 3846 514 3891; x_wconf 93' lang='grc'>1.</span> <span class='ocrx_word' id='word_1_275' title='bbox 535 3846 657 3905; x_wconf 77' lang='lat' dir='ltr'>solutum.</span> <span class='ocrx_word' id='word_1_276' title='bbox 675 3846 695 3901; x_wconf 70' lang='grc'>1.</span> <span class='ocrx_word' id='word_1_277' title='bbox 721 3856 742 3891; x_wconf 94' lang='grc'>1.</span> <span class='ocrx_word' id='word_1_278' title='bbox 763 3842 789 3890; x_wconf 82' lang='lat' dir='ltr'>ff.</span> <span class='ocrx_word' id='word_1_279' title='bbox 807 3844 838 3890; x_wconf 89' lang='lat' dir='ltr'>de</span> <span class='ocrx_word' id='word_1_280' title='bbox 859 3842 928 3902; x_wconf 80' lang='lat' dir='ltr'>pign.</span> <span class='ocrx_word' id='word_1_281' title='bbox 949 3852 998 3890; x_wconf 82' lang='lat' dir='ltr'>aet.</span> <span class='ocrx_word' id='word_1_282' title='bbox 1021 3843 1065 3903; x_wconf 92' lang='lat' dir='ltr'>[D.</span> <span class='ocrx_word' id='word_1_283' title='bbox 1086 3854 1124 3898; x_wconf 80' lang='lat'>1³-</span> <span class='ocrx_word' id='word_1_284' title='bbox 1139 3853 1163 3898; x_wconf 83' lang='lat'>7.</span> <span class='ocrx_word' id='word_1_285' title='bbox 1183 3841 1235 3902; x_wconf 92' lang='grc'><strong>11.]</strong></span> <span class='ocrx_word' id='word_1_286' title='bbox 1259 3842 1351 3889; x_wconf 87' lang='lat' dir='ltr'>Paulus</span> <span class='ocrx_word' id='word_1_287' title='bbox 1368 3842 1429 3893; x_wconf 77' lang='lat' dir='ltr'>Res.</span> <span class='ocrx_word' id='word_1_288' title='bbox 1442 3852 1508 3889; x_wconf 88' lang='lat' dir='ltr'>sent.</span> 
     </span>
     <span class='ocr_line' id='line_1_31' title="bbox 330 3930 1508 3997; baseline -0.003 -16"><span class='ocrx_word' id='word_1_289' title='bbox 330 3936 350 3982; x_wconf 95' lang='grc'>1.</span> <span class='ocrx_word' id='word_1_290' title='bbox 369 3946 391 3990; x_wconf 84' lang='lat' dir='ltr'>s.</span> <span class='ocrx_word' id='word_1_291' title='bbox 408 3946 426 3981; x_wconf 90' lang='lat' dir='ltr'>t.</span> <span class='ocrx_word' id='word_1_292' title='bbox 443 3947 466 3981; x_wconf 84' lang='grc'>1.</span> <span class='ocrx_word' id='word_1_293' title='bbox 481 3933 506 3980; x_wconf 90' lang='lat' dir='ltr'>in</span> <span class='ocrx_word' id='word_1_294' title='bbox 520 3947 559 3993; x_wconf 92' lang='lat' dir='ltr'>pr.</span> <span class='ocrx_word' id='word_1_295' title='bbox 593 3932 604 3966; x_wconf 88' lang='lat'><strong>⁴</strong></span> <span class='ocrx_word' id='word_1_296' title='bbox 621 3936 639 3981; x_wconf 93' lang='grc'>1.</span> <span class='ocrx_word' id='word_1_297' title='bbox 657 3946 831 3993; x_wconf 85' lang='lat' dir='ltr'>quaecunque.</span> <span class='ocrx_word' id='word_1_298' title='bbox 847 3931 872 3980; x_wconf 82' lang='lat' dir='ltr'>ff.</span> <span class='ocrx_word' id='word_1_299' title='bbox 890 3933 922 3980; x_wconf 92' lang='lat' dir='ltr'>de</span> <span class='ocrx_word' id='word_1_300' title='bbox 939 3932 1018 3992; x_wconf 76' lang='lat' dir='ltr'>oblig.</span> <span class='ocrx_word' id='word_1_301' title='bbox 1033 3932 1077 3993; x_wconf 93' lang='lat' dir='ltr'>[D.</span> <span class='ocrx_word' id='word_1_302' title='bbox 1092 3946 1132 3994; x_wconf 88' lang='lat'>44.</span> <span class='ocrx_word' id='word_1_303' title='bbox 1146 3944 1170 3989; x_wconf 67' lang='lat' dir='ltr'>a.</span> <span class='ocrx_word' id='word_1_304' title='bbox 1187 3930 1238 3997; x_wconf 92' lang='grc'><strong>11.]</strong></span> <span class='ocrx_word' id='word_1_305' title='bbox 1258 3933 1275 3979; x_wconf 92' lang='lat' dir='ltr'>l.</span> <span class='ocrx_word' id='word_1_306' title='bbox 1293 3931 1433 3992; x_wconf 83' lang='lat' dir='ltr'>stipulatio.</span> <span class='ocrx_word' id='word_1_307' title='bbox 1442 3931 1463 3993; x_wconf 75' lang='grc' dir='ltr'>ς.</span> <span class='ocrx_word' id='word_1_308' title='bbox 1473 3932 1508 3979; x_wconf 82' lang='lat' dir='ltr'>al-</span> 
     </span>
     <span class='ocr_line' id='line_1_32' title="bbox 331 4022 1510 4084; baseline -0.003 -12"><span class='ocrx_word' id='word_1_309' title='bbox 331 4026 388 4073; x_wconf 86' lang='lat' dir='ltr'>teri.</span> <span class='ocrx_word' id='word_1_310' title='bbox 412 4025 438 4073; x_wconf 82' lang='grc'>11.</span> <span class='ocrx_word' id='word_1_311' title='bbox 461 4026 492 4073; x_wconf 89' lang='lat' dir='ltr'>de</span> <span class='ocrx_word' id='word_1_312' title='bbox 515 4023 586 4073; x_wconf 89' lang='lat' dir='ltr'>verb.</span> <span class='ocrx_word' id='word_1_313' title='bbox 605 4023 657 4070; x_wconf 92' lang='lat' dir='ltr'>obl.</span> <span class='ocrx_word' id='word_1_314' title='bbox 681 4024 725 4084; x_wconf 92' lang='lat' dir='ltr'>[D.</span> <span class='ocrx_word' id='word_1_315' title='bbox 747 4036 788 4083; x_wconf 78' lang='lat'>45.</span> <span class='ocrx_word' id='word_1_316' title='bbox 814 4036 852 4080; x_wconf 81' lang='lat'>¹³·</span> <span class='ocrx_word' id='word_1_317' title='bbox 876 4024 898 4071; x_wconf 81' lang='lat'>8.</span> <span class='ocrx_word' id='word_1_318' title='bbox 924 4028 945 4081; x_wconf 71' lang='lat'>5.</span> <span class='ocrx_word' id='word_1_319' title='bbox 964 4024 1015 4084; x_wconf 86' lang='lat'>17.]</span> <span class='ocrx_word' id='word_1_320' title='bbox 1032 4026 1049 4070; x_wconf 95' lang='grc'>1.</span> <span class='ocrx_word' id='word_1_321' title='bbox 1069 4036 1089 4070; x_wconf 90' lang='grc'>1.</span> <span class='ocrx_word' id='word_1_322' title='bbox 1103 4026 1133 4070; x_wconf 89' lang='lat' dir='ltr'>C.</span> <span class='ocrx_word' id='word_1_323' title='bbox 1151 4036 1199 4083; x_wconf 87' lang='lat' dir='ltr'>per</span> <span class='ocrx_word' id='word_1_324' title='bbox 1215 4034 1275 4083; x_wconf 84' lang='lat' dir='ltr'>quas</span> <span class='ocrx_word' id='word_1_325' title='bbox 1290 4036 1358 4082; x_wconf 84' lang='lat' dir='ltr'>pers.</span> <span class='ocrx_word' id='word_1_326' title='bbox 1374 4022 1436 4070; x_wconf 87' lang='lat' dir='ltr'>nob.</span> <span class='ocrx_word' id='word_1_327' title='bbox 1452 4034 1510 4081; x_wconf 83' lang='lat' dir='ltr'>aeq.</span> 
     </span>
     <span class='ocr_line' id='line_1_33' title="bbox 334 4112 1508 4179; baseline -0.003 -15"><span class='ocrx_word' id='word_1_328' title='bbox 334 4118 377 4179; x_wconf 88' lang='lat' dir='ltr'>[C.</span> <span class='ocrx_word' id='word_1_329' title='bbox 391 4129 415 4176; x_wconf 90' lang='grc'>4.</span> <span class='ocrx_word' id='word_1_330' title='bbox 432 4115 484 4177; x_wconf 83' lang='lat'>27.]</span> <span class='ocrx_word' id='word_1_331' title='bbox 520 4114 531 4145; x_wconf 75' lang='lat'>⁵</span> <span class='ocrx_word' id='word_1_332' title='bbox 549 4117 566 4161; x_wconf 93' lang='lat' dir='ltr'>l.</span> <span class='ocrx_word' id='word_1_333' title='bbox 583 4127 700 4173; x_wconf 84' lang='lat' dir='ltr'>eaquae.</span> <span class='ocrx_word' id='word_1_334' title='bbox 716 4113 743 4161; x_wconf 84' lang='lat' dir='ltr'>ff.</span> <span class='ocrx_word' id='word_1_335' title='bbox 759 4116 790 4161; x_wconf 89' lang='lat' dir='ltr'>de</span> <span class='ocrx_word' id='word_1_336' title='bbox 809 4127 864 4174; x_wconf 85' lang='lat' dir='ltr'>aeq.</span> <span class='ocrx_word' id='word_1_337' title='bbox 878 4115 945 4162; x_wconf 89' lang='lat' dir='ltr'>dom.</span> <span class='ocrx_word' id='word_1_338' title='bbox 964 4112 1007 4177; x_wconf 91' lang='lat' dir='ltr'>[D.</span> <span class='ocrx_word' id='word_1_339' title='bbox 1025 4126 1067 4174; x_wconf 86' lang='lat'>41.</span> <span class='ocrx_word' id='word_1_340' title='bbox 1084 4126 1105 4160; x_wconf 90' lang='grc'>1.</span> <span class='ocrx_word' id='word_1_341' title='bbox 1120 4113 1173 4175; x_wconf 66' lang='lat' dir='ltr'>sa]</span> <span class='ocrx_word' id='word_1_342' title='bbox 1209 4112 1220 4145; x_wconf 81' lang='lat'>⁸</span> <span class='ocrx_word' id='word_1_343' title='bbox 1238 4115 1255 4161; x_wconf 92' lang='lat' dir='ltr'>l.</span> <span class='ocrx_word' id='word_1_344' title='bbox 1270 4112 1418 4173; x_wconf 80' lang='lat' dir='ltr'>possessio..</span> <span class='ocrx_word' id='word_1_345' title='bbox 1432 4112 1459 4160; x_wconf 82' lang='lat' dir='ltr'>ff.</span> <span class='ocrx_word' id='word_1_346' title='bbox 1475 4114 1508 4161; x_wconf 87' lang='lat' dir='ltr'>de</span> 
     </span>
     <span class='ocr_line' id='line_1_34' title="bbox 332 4202 1508 4269; baseline -0.003 -14"><span class='ocrx_word' id='word_1_347' title='bbox 332 4220 388 4266; x_wconf 87' lang='lat' dir='ltr'>acq.</span> <span class='ocrx_word' id='word_1_348' title='bbox 405 4220 474 4266; x_wconf 88' lang='lat' dir='ltr'>poss.</span> <span class='ocrx_word' id='word_1_349' title='bbox 493 4204 539 4269; x_wconf 93' lang='lat' dir='ltr'>[D.</span> <span class='ocrx_word' id='word_1_350' title='bbox 553 4218 594 4265; x_wconf 87' lang='lat'>41.</span> <span class='ocrx_word' id='word_1_351' title='bbox 614 4218 637 4253; x_wconf 93' lang='grc'>1.</span> <span class='ocrx_word' id='word_1_352' title='bbox 658 4202 692 4265; x_wconf 92' lang='grc'>1.]</span> <span class='ocrx_word' id='word_1_353' title='bbox 710 4207 727 4251; x_wconf 93' lang='grc'>1.</span> <span class='ocrx_word' id='word_1_354' title='bbox 741 4204 763 4253; x_wconf 80' lang='lat' dir='ltr'>si</span> <span class='ocrx_word' id='word_1_355' title='bbox 785 4217 834 4252; x_wconf 90' lang='lat' dir='ltr'>me.</span> <span class='ocrx_word' id='word_1_356' title='bbox 846 4205 877 4265; x_wconf 79' lang='lat'>.§.</span> <span class='ocrx_word' id='word_1_357' title='bbox 896 4206 940 4253; x_wconf 87' lang='lat' dir='ltr'>sed</span> <span class='ocrx_word' id='word_1_358' title='bbox 958 4204 979 4252; x_wconf 87' lang='lat' dir='ltr'>si</span> <span class='ocrx_word' id='word_1_359' title='bbox 997 4218 1049 4253; x_wconf 90' lang='lat' dir='ltr'>non</span> <span class='ocrx_word' id='word_1_360' title='bbox 1067 4203 1137 4253; x_wconf 90' lang='lat' dir='ltr'>mihi.</span> <span class='ocrx_word' id='word_1_361' title='bbox 1154 4218 1185 4252; x_wconf 93' lang='lat' dir='ltr'>eo</span> <span class='ocrx_word' id='word_1_362' title='bbox 1204 4204 1242 4252; x_wconf 91' lang='lat' dir='ltr'>tit.</span> <span class='ocrx_word' id='word_1_363' title='bbox 1262 4203 1306 4267; x_wconf 92' lang='lat' dir='ltr'>[D.</span> <span class='ocrx_word' id='word_1_364' title='bbox 1324 4218 1365 4265; x_wconf 88' lang='lat'>41.</span> <span class='ocrx_word' id='word_1_365' title='bbox 1385 4218 1408 4253; x_wconf 91' lang='grc'>1.</span> <span class='ocrx_word' id='word_1_366' title='bbox 1427 4216 1468 4264; x_wconf 78' lang='lat'>34.</span> <span class='ocrx_word' id='word_1_367' title='bbox 1486 4208 1508 4261; x_wconf 68' lang='grc' dir='ltr'>ς.</span> 
     </span>
     <span class='ocr_line' id='line_1_35' title="bbox 335 4294 1508 4359; baseline -0.005 -12"><span class='ocrx_word' id='word_1_368' title='bbox 335 4299 369 4359; x_wconf 88' lang='grc'>1.]</span> <span class='ocrx_word' id='word_1_369' title='bbox 404 4296 458 4346; x_wconf 88' lang='lat' dir='ltr'>⁷d.</span> <span class='ocrx_word' id='word_1_370' title='bbox 481 4299 498 4345; x_wconf 91' lang='grc'>1.</span> <span class='ocrx_word' id='word_1_371' title='bbox 523 4310 544 4344; x_wconf 92' lang='grc'>1.</span> <span class='ocrx_word' id='word_1_372' title='bbox 565 4298 594 4344; x_wconf 83' lang='lat' dir='ltr'>c.</span> <span class='ocrx_word' id='word_1_373' title='bbox 617 4308 746 4355; x_wconf 73' lang='lat' dir='ltr'>perquer</span> <span class='ocrx_word' id='word_1_374' title='bbox 769 4308 836 4356; x_wconf 80' lang='lat' dir='ltr'>pers.</span> <span class='ocrx_word' id='word_1_375' title='bbox 859 4295 902 4356; x_wconf 86' lang='lat' dir='ltr'>[c.</span> <span class='ocrx_word' id='word_1_376' title='bbox 925 4307 949 4356; x_wconf 87' lang='lat'>4.</span> <span class='ocrx_word' id='word_1_377' title='bbox 976 4296 1029 4356; x_wconf 77' lang='grc'><strong>17.]</strong></span> <span class='ocrx_word' id='word_1_378' title='bbox 1064 4294 1075 4325; x_wconf 79' lang='lat'>⁸</span> <span class='ocrx_word' id='word_1_379' title='bbox 1101 4297 1132 4344; x_wconf 87' lang='lat' dir='ltr'>ad</span> <span class='ocrx_word' id='word_1_380' title='bbox 1149 4298 1166 4343; x_wconf 94' lang='grc'>1.</span> <span class='ocrx_word' id='word_1_381' title='bbox 1184 4309 1206 4344; x_wconf 84' lang='lat'>2.</span> <span class='ocrx_word' id='word_1_382' title='bbox 1225 4308 1300 4355; x_wconf 85' lang='lat' dir='ltr'>supra</span> <span class='ocrx_word' id='word_1_383' title='bbox 1318 4309 1340 4343; x_wconf 89' lang='lat' dir='ltr'>c.</span> <span class='ocrx_word' id='word_1_384' title='bbox 1360 4309 1384 4344; x_wconf 88' lang='grc'>1.</span> <span class='ocrx_word' id='word_1_385' title='bbox 1402 4296 1475 4343; x_wconf 83' lang='lat' dir='ltr'>Adde</span> <span class='ocrx_word' id='word_1_386' title='bbox 1490 4296 1508 4343; x_wconf 94' lang='grc'>1.</span> 
     </span>
     <span class='ocr_line' id='line_1_36' title="bbox 332 4384 1509 4449; baseline -0.003 -14"><span class='ocrx_word' id='word_1_387' title='bbox 332 4390 471 4447; x_wconf 85' lang='lat' dir='ltr'>quemadm.</span> <span class='ocrx_word' id='word_1_388' title='bbox 493 4388 519 4435; x_wconf 83' lang='lat' dir='ltr'>ff.</span> <span class='ocrx_word' id='word_1_389' title='bbox 540 4389 573 4436; x_wconf 86' lang='lat' dir='ltr'>de</span> <span class='ocrx_word' id='word_1_390' title='bbox 593 4400 648 4446; x_wconf 80' lang='lat' dir='ltr'>aeq.</span> <span class='ocrx_word' id='word_1_391' title='bbox 671 4400 741 4446; x_wconf 88' lang='lat' dir='ltr'>poss.</span> <span class='ocrx_word' id='word_1_392' title='bbox 760 4387 804 4447; x_wconf 90' lang='lat' dir='ltr'>[D.</span> <span class='ocrx_word' id='word_1_393' title='bbox 822 4400 902 4447; x_wconf 87' lang='grc'><strong>41.1.</strong></span> <span class='ocrx_word' id='word_1_394' title='bbox 920 4384 954 4449; x_wconf 87' lang='grc'>8.]</span> <span class='ocrx_word' id='word_1_395' title='bbox 992 4385 1120 4434; x_wconf 66' lang='grc'>11.1.11.</span> <span class='ocrx_word' id='word_1_396' title='bbox 1139 4388 1170 4434; x_wconf 88' lang='lat' dir='ltr'>de</span> <span class='ocrx_word' id='word_1_397' title='bbox 1189 4399 1244 4445; x_wconf 80' lang='lat' dir='ltr'>aeq.</span> <span class='ocrx_word' id='word_1_398' title='bbox 1264 4398 1333 4445; x_wconf 87' lang='lat' dir='ltr'>poss.</span> <span class='ocrx_word' id='word_1_399' title='bbox 1351 4386 1372 4446; x_wconf 71' lang='lat'>5.</span> <span class='ocrx_word' id='word_1_400' title='bbox 1388 4384 1509 4435; x_wconf 81' lang='lat' dir='ltr'>furiosus.</span> 
     </span>
     <span class='ocr_line' id='line_1_37' title="bbox 332 4476 1395 4539; baseline -0.005 -11"><span class='ocrx_word' id='word_1_401' title='bbox 332 4491 357 4528; x_wconf 88' lang='lat' dir='ltr'>et</span> <span class='ocrx_word' id='word_1_402' title='bbox 375 4483 396 4537; x_wconf 71' lang='lat'>§-</span> <span class='ocrx_word' id='word_1_403' title='bbox 411 4491 610 4538; x_wconf 84' lang='lat' dir='ltr'>procuratorem.</span> <span class='ocrx_word' id='word_1_404' title='bbox 626 4479 669 4539; x_wconf 91' lang='lat' dir='ltr'>[D.</span> <span class='ocrx_word' id='word_1_405' title='bbox 687 4492 728 4539; x_wconf 86' lang='lat'>41.</span> <span class='ocrx_word' id='word_1_406' title='bbox 745 4492 767 4526; x_wconf 88' lang='lat'>2.</span> <span class='ocrx_word' id='word_1_407' title='bbox 787 4488 808 4526; x_wconf 93' lang='grc'>1.</span> <span class='ocrx_word' id='word_1_408' title='bbox 823 4478 845 4539; x_wconf 76' lang='lat'>5.</span> <span class='ocrx_word' id='word_1_409' title='bbox 862 4490 885 4535; x_wconf 81' lang='lat'>3·</span> <span class='ocrx_word' id='word_1_410' title='bbox 905 4490 928 4526; x_wconf 83' lang='lat' dir='ltr'>et</span> <span class='ocrx_word' id='word_1_411' title='bbox 946 4478 966 4539; x_wconf 86' lang='lat'>§.</span> <span class='ocrx_word' id='word_1_412' title='bbox 983 4479 1037 4539; x_wconf 86' lang='lat'>20.]</span> <span class='ocrx_word' id='word_1_413' title='bbox 1075 4476 1096 4511; x_wconf 83' lang='lat'>¹⁰</span> <span class='ocrx_word' id='word_1_414' title='bbox 1114 4481 1180 4527; x_wconf 89' lang='lat' dir='ltr'>sent.</span> <span class='ocrx_word' id='word_1_415' title='bbox 1193 4490 1245 4526; x_wconf 86' lang='lat' dir='ltr'>rec.</span> <span class='ocrx_word' id='word_1_416' title='bbox 1261 4479 1277 4524; x_wconf 93' lang='grc'>1.</span> <span class='ocrx_word' id='word_1_417' title='bbox 1291 4490 1318 4533; x_wconf 73' lang='grc'>1.</span> <span class='ocrx_word' id='word_1_418' title='bbox 1337 4488 1354 4523; x_wconf 87' lang='grc'>1.</span> <span class='ocrx_word' id='word_1_419' title='bbox 1373 4490 1395 4523; x_wconf 83' lang='grc'>1.</span> 
     </span>
    </p>
   </div>
   <div class='ocr_carea' id='block_1_5' title="bbox 0 0 1730 5434">
    <p class='ocr_par' dir='ltr' id='par_1_5' title="bbox 0 0 1730 5434">
     <span class='ocr_line' id='line_1_38' title="bbox 0 0 1730 5434; baseline 0 3"><span class='ocrx_word' id='word_1_420' title='bbox 0 0 1730 5434; x_wconf 95' lang='lat' dir='ltr'> </span> 
     </span>
    </p>
   </div>
  </div>
 </body>
</html>
