3450 5434
524 634 572 685 ur
594 638 689 706 June
715 639 903 689 annuunt.
927 641 1009 690 cnr.
1034 640 1098 689 ιιι.
1351 630 1391 709 83

221 793 284 859 dus
304 809 337 861 et
358 790 456 860 animi
479 791 640 877 intentio,
664 793 745 876 quin
769 794 901 878 utrique
921 794 1005 879 parti
1028 797 1140 865 adesse
1164 798 1295 883 possint
1318 802 1391 866 nul-

220 908 283 971 lam
304 906 402 972 habet
421 904 666 973 dubitationem.
712 906 828 972 Omnis
851 921 958 973 autem
991 908 1164 977 difficultas
1186 912 1217 977 in
1243 932 1279 977 ea
1300 927 1391 996 parte

220 1016 364 1097 residet,
378 1016 420 1082 de
442 1035 508 1098 qua
526 1035 615 1083 nunc
634 1017 770 1101 egimus.
794 1017 868 1084 Nec
887 1017 973 1083 enirn
997 1018 1067 1085 fieri
1086 1040 1183 1103 posse
1202 1022 1334 1089 videtur
1353 1037 1392 1089 ut

219 1125 264 1206 ei,
287 1125 347 1209 qui
359 1127 522 1211 iussuum
535 1126 925 1210 exsequitur,tamquam
946 1126 1096 1214 injuriam
1117 1129 1252 1197 facienti
1268 1132 1324 1217 jus
1347 1132 1390 1199 sit

218 1237 376 1305 resistere.
421 1237 606 1305 Discrimen
631 1238 732 1324 igitur
757 1240 943 1306 babendum
972 1255 1021 1306 est
1048 1240 1254 1310 subditorum
1277 1258 1309 1309 et
1329 1244 1389 1310 im·

216 1348 409 1432 perantium.
453 1347 540 1414 Nam
560 1348 594 1414 in
615 1349 685 1433 ipsa
707 1349 874 1432 republica
906 1370 964 1417 seu
995 1350 1187 1437 magistratu
1209 1353 1288 1420 belli
1312 1374 1388 1420 auc·

217 1476 288 1527 tore
318 1459 450 1527 facilius
482 1459 605 1528 accidet
629 1475 667 1527 ut
696 1460 815 1545 injuria
837 1460 1024 1545 utrimque,
1047 1480 1145 1545 quarn
1166 1477 1203 1529 ut
1220 1464 1276 1549 jus
1295 1465 1387 1532 inve-

216 1571 346 1654 niatur3
372 1586 410 1637 ut
429 1570 458 1636 si
477 1590 551 1637 cum
574 1570 723 1653 quinque
743 1571 922 1637 debeantur
940 1574 1021 1637 alter
1043 1571 1151 1638 decens
1173 1588 1284 1656 petat,
1308 1578 1388 1643 alter

215 1680 332 1749 offerat
357 1680 451 1747 nihil.
494 1680 581 1747 Nam
606 1680 691 1747 idem
723 1680 778 1747 hic
805 1696 856 1747 est
886 1681 974 1763 quod
1004 1681 1037 1747 in
1060 1683 1231 1751 contrariis
1256 1684 1385 1768 effatis,

215 1812 299 1875 quae
320 1791 418 1859 simul
438 1790 519 1857 falsa
542 1809 611 1856 esse
630 1805 791 1875 possunt,
816 1790 914 1857 simul
934 1812 1011 1857 vera
1031 1811 1098 1859 non
1119 1809 1270 1878 possunt.
1298 1796 1386 1863 Illud

214 1903 349 1986 quidem
371 1901 532 1987 contingit
550 1916 589 1967 ut
618 1901 743 1986 injure
765 1916 824 1967 aut
850 1902 939 1968 facto
959 1900 1123 1985 principes
1144 1903 1295 1971 labantur
1319 1910 1385 1995 ¹·et

214 2014 257 2080 sit
273 2013 406 2096 quidem
426 2032 514 2079 error
534 2012 748 2079 excusabilis:
771 2012 829 2079 sed
848 2013 913 2078 hoc
933 2013 1040 2098 ipsum
1059 2013 1093 2078 in
1115 2012 1186 2079 foro
1207 2014 1236 2081 si
1255 2016 1384 2082 contin·

213 2138 288 2210 gat,
305 2144 372 2191 non
387 2143 425 2189 eo
440 2123 544 2209 magls
561 2122 688 2189 dicetur
700 2123 774 2207 jure
790 2120 965 2209 litigatum.
1009 2124 1093 2190 Nam
1114 2123 1148 2190 in
1168 2124 1219 2191 his
1243 2126 1301 2209 qui
1323 2147 1383 2195 vo·

211 2233 352 2303 luntarie
375 2249 498 2319 agunt,
530 2248 568 2301 ut
592 2235 681 2318 juste
708 2248 826 2318 agant,
842 2252 989 2307 ,necesse
1018 2249 1069 2301 est
1099 2236 1259 2303 actionem
1282 2237 1317 2304 in
1349 2256 1382 2304 se

209 2346 338 2431 legibus
360 2364 431 2413 esse
451 2343 710 2411 convenientem.
748 2344 958 2431 Quapropter
979 2366 1092 2411 aarum
1113 2350 1172 2432 qui
1191 2347 1383 2415 uoluntaria
1393 2350 1501 2451 ‘⁰:ng

210 2470 319 2545 agunt
341 2470 513 2544 respectu,
535 2454 656 2521 ballum
682 2476 723 2519 arr
745 2468 894 2541 utraque
907 2469 1012 2542 parta
1022 2456 1155 2541 justum
1177 2455 1379 2524 pandatur.

211 2568 385 2635 Caeterum
409 2565 617 2633 administros
636 2579 763 2632 tantum
781 2564 809 2630 si
829 2565 1038 2647 consideres,
1062 2566 1240 2648 quominus
1258 2567 1379 2635 bellurn

210 2678 376 2762 utrimque
389 2678 515 2763 justum
532 2694 603 2742 esse
618 2675 725 2760 possit
740 2674 825 2741 nihil
841 2675 986 2759 impedit.
1000 2674 1116 2742 Omnis
1135 2677 1218 2743 enim
1232 2677 1379 2762 justitiae

207 2808 306 2855 causa
333 2788 486 2857 consistit
514 2806 580 2853 non
603 2786 637 2851 ln
660 2806 695 2851 re
717 2804 804 2867 una,
834 2786 892 2852 sed
918 2786 952 2851 in
972 2787 1068 2870 jussu
1088 2786 1292 2854 diversorum
1319 2788 1379 2854 im·

206 2899 389 2984 perantium
416 2897 579 2965 contrario
610 2911 643 2961 et
670 2896 816 2979 ipsorum
843 2895 1009 2980 opinione.
1062 2896 1161 2961 Facta
1193 2912 1299 2962 autem
1329 2898 1378 2963 di-

207 3030 375 3079 versorum
390 3008 552 3077 contraria
565 3028 601 3074 se
614 3021 732 3075 mutuo
746 3025 813 3073 non
829 3005 1034 3090 impediunt,
1054 3005 1140 3073 sicut
1155 3021 1187 3073 et
1206 3006 1378 3090 opiniones

206 3121 386 3187 contrariae
408 3135 442 3187 et
469 3134 629 3201 utraeque
650 3117 836 3203 probabiles
859 3116 971 3184 eadem
992 3116 1033 3182 de
1055 3137 1089 3182 re
1113 3116 1303 3183 hominibus
1327 3118 1377 3185 di·

205 3231 311 3299 versis
331 3228 499 3297 incidunt:

556 3338 638 3424 Quis
651 3341 782 3425 justius
803 3337 926 3405 induat
949 3358 1047 3403 arma

319 3450 414 3517 Scire
435 3450 552 3535 nefas:
576 3471 695 3537 magna
717 3448 880 3531 triadica
902 3450 1039 3534 quisque
1060 3461 1177 3514 tuctur
1198 3455 1223 3515 ¹.

248 3561 311 3629 Est
338 3575 371 3627 et
397 3581 494 3644 super
522 3561 636 3627 eodem
668 3573 858 3646 argumento
886 3557 970 3624 illud
1001 3557 1192 3625 Tullianum
1223 3559 1255 3623 ³:
1280 3558 1375 3624 Erat

205 3685 316 3737 autem
343 3673 528 3737 obscuritas
557 3668 742 3756 quaedam,
777 3681 853 3737 crat
872 3681 1039 3733 certamen
1059 3672 1151 3734 inter
1168 3668 1372 3734 clarissimos

202 3781 323 3847 duces:
346 3782 446 3850 multi
465 3780 668 3848 dubitabant
687 3780 771 3865 quid
791 3782 947 3865 optimum
969 3792 1067 3855 esset,
1091 3776 1191 3841 multi
1211 3776 1296 3862 quid
1310 3778 1375 3842 sibi

204 3892 398 3978 expediret,
421 3892 522 3957 multi
543 3890 627 3979 quid
644 3892 795 3972 ducaret,
819 3886 973 3954 nonnulli
1001 3888 1101 3951 atium
1132 3885 1218 3972 quid
1246 3886 1372 3952 liceret.

202 4000 249 4066 Hi
273 4017 351 4068 sunt
367 4002 468 4087 igitur
488 4002 546 4085 qui
559 4004 651 4087 justi
668 4003 773 4066 hostes
790 3998 911 4083 passim
928 4011 1105 4075 vocantur,
1130 3994 1184 4063 isti
1203 3996 1449 4079 nimiruum,-

203 4112 261 4195 qui
292 4113 383 4194 quod
409 4112 536 4179 faciunt
561 4111 739 4197 superioris
766 4107 894 4195 imperii
927 4107 1052 4175 faciunt
1085 4106 1227 4175 decreto.
1273 4104 1372 4172 Unde
1385 4078 1466 4123 'mm'

238 4430 246 4464 ¹
265 4430 333 4479 Vict.
350 4432 383 4480 de
399 4430 455 4488 iure
470 4429 540 4481 belli.
557 4446 582 4481 n.
600 4444 640 4511 sq.
673 4430 795 4481 ¹lucau.
813 4432 910 4493 [Phara.
928 4432 944 4480 l.
966 4443 988 4478 r.
1005 4442 1043 4479 vs.
1056 4424 1171 4487 126.rq.]
1206 4423 1217 4459 ³
1234 4438 1282 4485 pro
1292 4426 1371 4473 Marc.

202 4522 241 4583 [c-
262 4534 300 4570 ια
318 4525 340 4579 §-
354 4521 408 4583 sol

1162 4606 1202 4669 6*

1650 5143 1713 5399 l
