3450 5434
848 647 1056 690 nocumenti.

915 825 979 922 V.

662 1053 815 1111 Errsronn
839 1055 981 1113 Sunnrus
1003 1055 1238 1116 Manaccrusts.

788 1159 825 1215 A.
850 1158 934 1230 1603.
957 1158 1065 1217 Mnnr.
1086 1176 1115 1232 9.

848 1337 1042 1348 --...-

403 1456 471 1513 Mos
503 1468 546 1515 est
568 1473 666 1530 regum
687 1469 716 1515 et
738 1457 908 1531 Principum
929 1469 963 1515 ut
985 1457 1061 1515 inter
1083 1475 1111 1515 se
1133 1459 1334 1517 voluntatibus
1354 1469 1385 1516 et
1405 1461 1534 1518 consiliis

362 1557 549 1630 dissentiant,
570 1559 647 1618 unde
668 1559 850 1619 subditorum
871 1571 993 1634 corpora
1004 1571 1034 1618 et
1044 1560 1119 1618 bona
1131 1562 1286 1634 plurimum
1298 1561 1393 1620 damni
1404 1565 1535 1637 capiunt.

363 1662 493 1721 Fortuna
514 1676 543 1722 et
565 1677 676 1738 tempus
708 1665 856 1738 praefecto
886 1675 985 1722 vestro
1016 1663 1138 1722 favitet
1159 1668 1265 1723 laetum
1287 1665 1368 1723 eiad
1391 1667 1439 1724 has
1469 1683 1534 1724 oras

361 1756 419 1828 iter
439 1786 557 1842 parans,
578 1785 678 1826 navem
700 1769 857 1826 Macatinte
878 1768 1043 1826 venientem
1065 1768 1095 1824 in
1116 1784 1215 1826 manus
1236 1767 1371 1827 tradidit:
1393 1769 1443 1828 sed
1464 1771 1534 1828 haec

360 1873 486 1930 obscuro
519 1884 548 1930 et
580 1873 733 1944 incognito
764 1871 847 1928 nobis
879 1871 934 1928 Dei
966 1870 1089 1928 arbitrio
1120 1872 1318 1944 contigerunt.
1360 1873 1419 1930 Has
1449 1874 1535 1932 vobis

360 1978 488 2036 lautitias
518 1974 597 2033 dono
627 1976 785 2043 mittimus,
816 1985 849 2032 ut
880 1975 1005 2031 animum
1035 1986 1148 2046 gratum
1170 1986 1308 2033 testemur
1329 1976 1368 2033 ob
1390 1993 1438 2047 ea,
1459 1993 1534 2050 quae

360 2091 390 2137 et
412 2080 572 2152 praefectus
603 2091 698 2137 vester
718 2091 748 2137 et
769 2095 821 2136 vos
853 2078 907 2152 ipsi
939 2078 1087 2135 Lusitanis
1114 2078 1211 2136 verbis
1232 2080 1375 2151 polliciti,
1397 2096 1427 2139 re
1448 2079 1531 2138 fidem

360 2183 509 2240 servastis:
532 2182 615 2254 hujus
636 2183 712 2239 enim
733 2180 867 2238 beneficii
889 2181 1025 2238 memoria
1046 2182 1129 2238 nobis
1140 2198 1252 2254 semper
1263 2199 1394 2254 praesens
1405 2185 1532 2242 manebit

360 2297 389 2344 et
411 2286 513 2353 faciet,
534 2296 567 2343 ut
589 2286 612 2341 si
634 2282 754 2357 quando
776 2287 832 2341 tale
853 2283 924 2357 quid
946 2285 1123 2358 contigerit,
1144 2301 1196 2342 nos
1206 2285 1290 2342 vobis
1301 2285 1377 2343 idern
1389 2299 1533 2360 praestare

360 2389 491 2446 velimus.
534 2389 613 2445 Haec
635 2403 713 2445 nuuc
734 2384 850 2460 quidem
873 2385 1024 2445 sufficiant.
1065 2389 1142 2445 Deus
1163 2389 1347 2462 omnipotens
1368 2406 1420 2446 vos
1438 2393 1532 2448 salvos

359 2493 443 2551 faxit.
486 2492 616 2564 scriptae
648 2492 677 2548 in
711 2491 818 2559 Curia,
849 2507 931 2548 ame
964 2491 1055 2548 Paulo
1087 2489 1241 2548 Mendesio
1263 2492 1401 2562 Vascola,
1421 2493 1533 2564 scriba,

358 2595 387 2654 d.
407 2613 438 2670 9.
457 2613 496 2653 m.
516 2596 640 2664 Martii,
660 2611 736 2652 anno
761 2595 853 2666 1603,
874 2594 1034 2651 Malaccae.

766 2697 879 2770 Ruglos
902 2697 1095 2767 Frammanis,
1116 2697 1246 2756 Andreas
1269 2698 1451 2769 Fernandes,

746 2801 922 2874 Dommingo
944 2799 980 2858 de
1001 2800 1124 2872 Monte,
1146 2801 1225 2860 isaac
1246 2800 1283 2859 de
1304 2803 1452 2877 Gusgago.

402 2901 577 2982 (Inscriptio
608 2903 693 2978 hujus
724 2905 862 2978 epistolae
893 2916 973 2962 etat:
1002 2915 1128 2976 quatuor
1150 2903 1320 2977 Holiandis‚
1340 2908 1392 2979 qui
1413 2907 1535 2966 comites

360 3010 479 3069 fuerunt
499 3009 662 3068 Lusitanis:
684 3025 757 3082 quos
778 3009 857 3066 Deus
879 3008 972 3066 salvos
993 3005 1097 3086 faxit).

844 3191 1041 3200 ———...

903 3308 992 3407 Vl.

610 3543 765 3600 Errsrotn
788 3542 968 3602 Prnurrcrt
990 3545 1216 3604 Mntnccrusrs
1238 3561 1277 3602 nu

651 3646 796 3720 Jncorum
820 3647 1086 3707 Hrnsnuncruum.
1107 3665 1179 3706 noo.
1200 3665 1231 3707 n.

840 3828 1027 3838 ,..-.-.

396 3951 476 4007 Bella
498 3947 576 4005 varia
597 3956 626 4003 et
648 3943 735 4002 dubia
756 3957 843 4015 sunt,
866 3961 919 4003 nec
940 3946 1090 4019 quisquam
1112 3957 1226 4020 praeter
1248 3949 1341 4005 Deum
1363 3947 1398 4004 iis
1416 3947 1528 4006 exitum

356 4055 481 4112 faustum
503 4053 549 4108 vel
572 4049 729 4106 infaustum
751 4046 819 4106 dare
841 4059 958 4122 potest:
990 4049 1118 4106 homines
1138 4050 1216 4107 enirn
1236 4066 1313 4108 mera
1335 4050 1528 4108 instrumenta

354 4166 432 4215 sunt.
473 4154 563 4212 Felici
584 4170 651 4210 casu
673 4150 780 4210 accidit
801 4163 835 4210 ut
857 4154 937 4210 navis
960 4152 1091 4226 inprimis
1113 4157 1253 4227 opulenta
1274 4154 1329 4212 tibi
1340 4165 1528 4224 occurreret,

353 4262 462 4334 repleta
490 4257 696 4317 mercatoribus
726 4255 795 4313 belli
825 4257 931 4329 ignaris
953 4267 982 4313 et
1003 4258 1157 4315 mulierum
1179 4275 1213 4316 ac
1236 4274 1392 4332 puerorum
1424 4258 1528 4328 turba,

352 4379 427 4438 quae
448 4363 477 4420 iu
500 4362 639 4436 periculis
662 4363 728 4435 plus
749 4359 864 4429 obesse,
885 4376 969 4432 quarn
992 4358 1126 4434 prodesse
1147 4365 1230 4420 solet.
1252 4363 1353 4436 ltaque
1368 4374 1401 4420 tu
1413 4362 1528 4432 fruere,

352 4464 589 4542 quandoquidem
622 4465 700 4539 justo
731 4464 809 4522 bello
840 4474 941 4522 nactus
970 4480 1009 4522 es.
1051 4463 1107 4524 Sed
1128 4477 1222 4524 tamen
1244 4483 1327 4539 aegre
1347 4465 1427 4536 fero,
1447 4465 1526 4538 quod
