<?xml version="1.0" encoding="UTF-8"?>
<!DOCTYPE html PUBLIC "-//W3C//DTD XHTML 1.0 Transitional//EN"
    "http://www.w3.org/TR/xhtml1/DTD/xhtml1-transitional.dtd">
<html xmlns="http://www.w3.org/1999/xhtml" xml:lang="en" lang="en">
 <head>
  <title>
</title>
<meta http-equiv="Content-Type" content="text/html;charset=utf-8" />
  <meta name='ocr-system' content='tesseract 3.04.00' />
  <meta name='ocr-capabilities' content='ocr_page ocr_carea ocr_par ocr_line ocrx_word'/>
</head>
<body>
  <div class='ocr_page' id='page_1' title='image "./ledroitdeprised02hamagoog_0058.png"; bbox 0 0 3450 5434; ppageno 0'>
   <div class='ocr_carea' id='block_1_1' title="bbox 397 627 1260 705">
    <p class='ocr_par' dir='ltr' id='par_1_1' title="bbox 397 627 1260 705">
     <span class='ocr_line' id='line_1_1' title="bbox 397 627 1260 705; baseline -0.002 -17"><span class='ocrx_word' id='word_1_1' title='bbox 397 627 437 705; x_wconf 87' lang='lat'><em>36</em></span> <span class='ocrx_word' id='word_1_2' title='bbox 698 639 744 684; x_wconf 77' lang='lat' dir='ltr'><em>ne</em></span> <span class='ocrx_word' id='word_1_3' title='bbox 768 637 860 704; x_wconf 77' lang='lat' dir='ltr'><em>June</em></span> <span class='ocrx_word' id='word_1_4' title='bbox 887 634 1071 684; x_wconf 72' lang='lat' dir='ltr'><em>enmono.</em></span> <span class='ocrx_word' id='word_1_5' title='bbox 1096 637 1179 684; x_wconf 76' lang='lat' dir='ltr'><em>cnr.</em></span> <span class='ocrx_word' id='word_1_6' title='bbox 1204 637 1260 686; x_wconf 90' lang='lat'>111.</span> 
     </span>
    </p>
   </div>
   <div class='ocr_carea' id='block_1_2' title="bbox 231 791 1566 4106">
    <p class='ocr_par' dir='ltr' id='par_1_2' title="bbox 231 791 1566 4106">
     <span class='ocr_line' id='line_1_2' title="bbox 394 791 1566 879; baseline -0.003 -18"><span class='ocrx_word' id='word_1_7' title='bbox 394 800 513 876; x_wconf 82' lang='lat' dir='ltr'><em>tione,</em></span> <span class='ocrx_word' id='word_1_8' title='bbox 529 793 659 876; x_wconf 83' lang='lat' dir='ltr'><em>inquit,</em></span> <span class='ocrx_word' id='word_1_9' title='bbox 684 792 862 876; x_wconf 83' lang='lat' dir='ltr'><em>disciplina</em></span> <span class='ocrx_word' id='word_1_10' title='bbox 881 794 990 864; x_wconf 87' lang='lat' dir='ltr'><em>omnia</em></span> <span class='ocrx_word' id='word_1_11' title='bbox 1009 791 1095 857; x_wconf 87' lang='lat' dir='ltr'><em>bella</em></span> <span class='ocrx_word' id='word_1_12' title='bbox 1104 791 1280 878; x_wconf 81' lang='lat' dir='ltr'><em>culparet,</em></span> <span class='ocrx_word' id='word_1_13' title='bbox 1300 792 1478 879; x_wconf 82' lang='lat' dir='ltr'><em>isoepotius</em></span> <span class='ocrx_word' id='word_1_14' title='bbox 1490 813 1566 857; x_wconf 88' lang='lat' dir='ltr'><em>eon-</em></span> 
     </span>
     <span class='ocr_line' id='line_1_3' title="bbox 393 902 1566 990; baseline -0.003 -19"><span class='ocrx_word' id='word_1_15' title='bbox 393 907 504 972; x_wconf 87' lang='lat' dir='ltr'><em>silium</em></span> <span class='ocrx_word' id='word_1_16' title='bbox 524 905 644 970; x_wconf 87' lang='lat' dir='ltr'><em>solutis</em></span> <span class='ocrx_word' id='word_1_17' title='bbox 656 904 844 990; x_wconf 89' lang='lat' dir='ltr'><em>petentibus</em></span> <span class='ocrx_word' id='word_1_18' title='bbox 861 907 899 969; x_wconf 91' lang='lat' dir='ltr'><em>in</em></span> <span class='ocrx_word' id='word_1_19' title='bbox 917 903 1103 990; x_wconf 74' lang='lat' dir='ltr'><em>Evangelio</em></span> <span class='ocrx_word' id='word_1_20' title='bbox 1120 902 1311 984; x_wconf 79' lang='lat' dir='ltr'><em>diceretur,</em></span> <span class='ocrx_word' id='word_1_21' title='bbox 1328 917 1366 968; x_wconf 93' lang='lat' dir='ltr'><em>ut</em></span> <span class='ocrx_word' id='word_1_22' title='bbox 1383 904 1566 989; x_wconf 85' lang='lat' dir='ltr'><em>abjicerent</em></span> 
     </span>
     <span class='ocr_line' id='line_1_4' title="bbox 393 1014 1564 1103; baseline -0.004 -19"><span class='ocrx_word' id='word_1_23' title='bbox 393 1040 491 1084; x_wconf 85' lang='lat' dir='ltr'><em>ormo</em></span> <span class='ocrx_word' id='word_1_24' title='bbox 513 1039 607 1103; x_wconf 86' lang='lat' dir='ltr'><em>seque</em></span> <span class='ocrx_word' id='word_1_25' title='bbox 630 1016 774 1081; x_wconf 85' lang='lat' dir='ltr'><em>militiae</em></span> <span class='ocrx_word' id='word_1_26' title='bbox 796 1018 924 1080; x_wconf 91' lang='lat' dir='ltr'><em>omnino</em></span> <span class='ocrx_word' id='word_1_27' title='bbox 940 1015 1186 1081; x_wconf 85' lang='lat' dir='ltr'><em>subtraherent.</em></span> <span class='ocrx_word' id='word_1_28' title='bbox 1232 1014 1372 1079; x_wconf 85' lang='lat' dir='ltr'><em>Dictum</em></span> <span class='ocrx_word' id='word_1_29' title='bbox 1388 1028 1435 1080; x_wconf 85' lang='lat' dir='ltr'><em>est</em></span> <span class='ocrx_word' id='word_1_30' title='bbox 1454 1028 1564 1080; x_wconf 85' lang='lat' dir='ltr'><em>autem</em></span> 
     </span>
     <span class='ocr_line' id='line_1_5' title="bbox 393 1125 1564 1212; baseline 0.001 -21"><span class='ocrx_word' id='word_1_31' title='bbox 393 1129 460 1191; x_wconf 90' lang='lat' dir='ltr'><em>eis:</em></span> <span class='ocrx_word' id='word_1_32' title='bbox 492 1127 648 1190; x_wconf 89' lang='lat' dir='ltr'><em>neminem</em></span> <span class='ocrx_word' id='word_1_33' title='bbox 674 1129 925 1191; x_wconf 75' lang='lat' dir='ltr'><em>concusseritis:</em></span> <span class='ocrx_word' id='word_1_34' title='bbox 948 1138 1048 1190; x_wconf 89' lang='lat' dir='ltr'><em>estote</em></span> <span class='ocrx_word' id='word_1_35' title='bbox 1073 1129 1218 1192; x_wconf 89' lang='lat' dir='ltr'><em>contenti</em></span> <span class='ocrx_word' id='word_1_36' title='bbox 1239 1125 1410 1212; x_wconf 86' lang='lat' dir='ltr'><em>stipendiis</em></span> <span class='ocrx_word' id='word_1_37' title='bbox 1433 1130 1564 1193; x_wconf 78' lang='lat' dir='ltr'><em>restris.</em></span> 
     </span>
     <span class='ocr_line' id='line_1_6' title="bbox 395 1233 1565 1323; baseline 0.001 -23"><span class='ocrx_word' id='word_1_38' title='bbox 395 1233 520 1319; x_wconf 88' lang='lat' dir='ltr'><em>Quibus</em></span> <span class='ocrx_word' id='word_1_39' title='bbox 532 1240 709 1322; x_wconf 87' lang='lat' dir='ltr'><em>proprium</em></span> <span class='ocrx_word' id='word_1_40' title='bbox 721 1236 919 1322; x_wconf 77' lang='lat' dir='ltr'><em>stipendium</em></span> <span class='ocrx_word' id='word_1_41' title='bbox 930 1236 1193 1323; x_wconf 81' lang='lat' dir='ltr'><em>sufficeredebere</em></span> <span class='ocrx_word' id='word_1_42' title='bbox 1203 1241 1395 1323; x_wconf 86' lang='lat' dir='ltr'><em>proecepit,</em></span> <span class='ocrx_word' id='word_1_43' title='bbox 1414 1237 1565 1302; x_wconf 86' lang='lat' dir='ltr'><em>militare</em></span> 
     </span>
     <span class='ocr_line' id='line_1_7' title="bbox 392 1347 1564 1433; baseline 0 -21"><span class='ocrx_word' id='word_1_44' title='bbox 392 1351 507 1433; x_wconf 90' lang='lat' dir='ltr'><em>utique</em></span> <span class='ocrx_word' id='word_1_45' title='bbox 534 1367 597 1411; x_wconf 87' lang='lat' dir='ltr'><em>non</em></span> <span class='ocrx_word' id='word_1_46' title='bbox 622 1348 807 1433; x_wconf 83' lang='lat' dir='ltr'><em>prohibuit.</em></span> <span class='ocrx_word' id='word_1_47' title='bbox 853 1347 900 1414; x_wconf 87' lang='lat' dir='ltr'><em>Et</em></span> <span class='ocrx_word' id='word_1_48' title='bbox 922 1347 1129 1430; x_wconf 88' lang='lat' dir='ltr'><em>quodmodo</em></span> <span class='ocrx_word' id='word_1_49' title='bbox 1148 1347 1357 1429; x_wconf 88' lang='lat' dir='ltr'><em>dicebamus,</em></span> <span class='ocrx_word' id='word_1_50' title='bbox 1381 1367 1448 1414; x_wconf 91' lang='lat' dir='ltr'><em>non</em></span> <span class='ocrx_word' id='word_1_51' title='bbox 1468 1367 1564 1431; x_wconf 88' lang='lat' dir='ltr'><em>posse</em></span> 
     </span>
     <span class='ocr_line' id='line_1_8' title="bbox 231 1448 1563 1550; baseline 0 -26"><span class='ocrx_word' id='word_1_52' title='bbox 231 1448 378 1550; x_wconf 51' lang='lat' dir='ltr'><em>Plf&#39;gjg&#39;qf·</em></span> <span class='ocrx_word' id='word_1_53' title='bbox 393 1457 422 1524; x_wconf 88' lang='lat' dir='ltr'><em>ei</em></span> <span class='ocrx_word' id='word_1_54' title='bbox 441 1458 494 1524; x_wconf 88' lang='lat' dir='ltr'><em>cui</em></span> <span class='ocrx_word' id='word_1_55' title='bbox 523 1457 597 1524; x_wconf 90' lang='lat' dir='ltr'><em>finis</em></span> <span class='ocrx_word' id='word_1_56' title='bbox 624 1460 751 1541; x_wconf 89' lang='lat' dir='ltr'><em>placet,</em></span> <span class='ocrx_word' id='word_1_57' title='bbox 776 1459 869 1541; x_wconf 91' lang='lat' dir='ltr'><em>quod</em></span> <span class='ocrx_word' id='word_1_58' title='bbox 891 1459 932 1524; x_wconf 90' lang='lat' dir='ltr'><em>ad</em></span> <span class='ocrx_word' id='word_1_59' title='bbox 950 1457 1047 1525; x_wconf 88' lang='lat' dir='ltr'><em>finem</em></span> <span class='ocrx_word' id='word_1_60' title='bbox 1066 1459 1281 1526; x_wconf 88' lang='lat' dir='ltr'><em>necessarium</em></span> <span class='ocrx_word' id='word_1_61' title='bbox 1304 1474 1354 1525; x_wconf 87' lang='lat' dir='ltr'><em>est</em></span> <span class='ocrx_word' id='word_1_62' title='bbox 1372 1458 1563 1543; x_wconf 85' lang='lat' dir='ltr'><em>displicere,</em></span> 
     </span>
     <span class='ocr_line' id='line_1_9' title="bbox 391 1570 1562 1656; baseline 0.002 -22"><span class='ocrx_word' id='word_1_63' title='bbox 391 1589 456 1635; x_wconf 89' lang='lat' dir='ltr'><em>non</em></span> <span class='ocrx_word' id='word_1_64' title='bbox 476 1571 583 1636; x_wconf 90' lang='lat' dir='ltr'><em>minus</em></span> <span class='ocrx_word' id='word_1_65' title='bbox 610 1590 684 1636; x_wconf 89' lang='lat' dir='ltr'><em>cum</em></span> <span class='ocrx_word' id='word_1_66' title='bbox 704 1570 896 1638; x_wconf 89' lang='lat' dir='ltr'><em>auctoritate</em></span> <span class='ocrx_word' id='word_1_67' title='bbox 915 1591 1011 1655; x_wconf 89' lang='lat' dir='ltr'><em>quam</em></span> <span class='ocrx_word' id='word_1_68' title='bbox 1029 1591 1104 1638; x_wconf 89' lang='lat' dir='ltr'><em>cum</em></span> <span class='ocrx_word' id='word_1_69' title='bbox 1123 1570 1248 1638; x_wconf 86' lang='lat' dir='ltr'><em>ratione</em></span> <span class='ocrx_word' id='word_1_70' title='bbox 1268 1571 1424 1656; x_wconf 87' lang='lat' dir='ltr'><em>conjungi</em></span> <span class='ocrx_word' id='word_1_71' title='bbox 1442 1585 1562 1654; x_wconf 90' lang='lat' dir='ltr'><em>potest.</em></span> 
     </span>
     <span class='ocr_line' id='line_1_10' title="bbox 391 1681 1562 1767; baseline 0.001 -21"><span class='ocrx_word' id='word_1_72' title='bbox 391 1681 515 1748; x_wconf 88' lang='lat' dir='ltr'><em>Omnes</em></span> <span class='ocrx_word' id='word_1_73' title='bbox 544 1681 628 1748; x_wconf 88' lang='lat' dir='ltr'><em>enim</em></span> <span class='ocrx_word' id='word_1_74' title='bbox 656 1683 763 1767; x_wconf 87' lang='lat' dir='ltr'><em>leges,</em></span> <span class='ocrx_word' id='word_1_75' title='bbox 796 1702 881 1765; x_wconf 85' lang='lat' dir='ltr'><em>quae</em></span> <span class='ocrx_word' id='word_1_76' title='bbox 898 1684 1056 1750; x_wconf 90' lang='lat' dir='ltr'><em>hactenus</em></span> <span class='ocrx_word' id='word_1_77' title='bbox 1076 1682 1202 1766; x_wconf 85' lang='lat' dir='ltr'><em>positae</em></span> <span class='ocrx_word' id='word_1_78' title='bbox 1219 1697 1323 1765; x_wconf 89' lang='lat' dir='ltr'><em>sunt,</em></span> <span class='ocrx_word' id='word_1_79' title='bbox 1348 1682 1446 1750; x_wconf 80' lang='lat' dir='ltr'><em>sacris</em></span> <span class='ocrx_word' id='word_1_80' title='bbox 1467 1682 1562 1748; x_wconf 91' lang='lat' dir='ltr'><em>etiam</em></span> 
     </span>
     <span class='ocr_line' id='line_1_11' title="bbox 389 1792 1562 1878; baseline 0 -19"><span class='ocrx_word' id='word_1_81' title='bbox 389 1792 491 1859; x_wconf 89' lang='lat' dir='ltr'><em>literis</em></span> <span class='ocrx_word' id='word_1_82' title='bbox 511 1793 683 1877; x_wconf 88' lang='lat' dir='ltr'><em>inscriptae</em></span> <span class='ocrx_word' id='word_1_83' title='bbox 702 1793 919 1876; x_wconf 89' lang='lat' dir='ltr'><em>reperiuntur.</em></span> <span class='ocrx_word' id='word_1_84' title='bbox 963 1794 1049 1860; x_wconf 87' lang='lat' dir='ltr'><em>Nam</em></span> <span class='ocrx_word' id='word_1_85' title='bbox 1069 1794 1127 1877; x_wconf 93' lang='lat' dir='ltr'><em>qui</em></span> <span class='ocrx_word' id='word_1_86' title='bbox 1146 1793 1281 1878; x_wconf 88' lang='lat' dir='ltr'><em>diligere</em></span> <span class='ocrx_word' id='word_1_87' title='bbox 1300 1814 1360 1860; x_wconf 92' lang='lat' dir='ltr'><em>nos</em></span> <span class='ocrx_word' id='word_1_88' title='bbox 1378 1793 1562 1877; x_wconf 81' lang='lat' dir='ltr'><em>proximum</em></span> 
     </span>
     <span class='ocr_line' id='line_1_12' title="bbox 388 1904 1563 1990; baseline 0 -18"><span class='ocrx_word' id='word_1_89' title='bbox 388 1905 474 1973; x_wconf 89' lang='lat' dir='ltr'><em>sicut</em></span> <span class='ocrx_word' id='word_1_90' title='bbox 492 1919 620 1970; x_wconf 88' lang='lat' dir='ltr'><em>nosmet</em></span> <span class='ocrx_word' id='word_1_91' title='bbox 640 1904 729 1988; x_wconf 90' lang='lat' dir='ltr'><em>ipsos</em></span> <span class='ocrx_word' id='word_1_92' title='bbox 750 1906 845 1990; x_wconf 87' lang='lat' dir='ltr'><em>jubet</em></span> <span class='ocrx_word' id='word_1_93' title='bbox 864 1907 898 1987; x_wconf 86' lang='lat'><em>²,</em></span> <span class='ocrx_word' id='word_1_94' title='bbox 921 1926 1035 1972; x_wconf 88' lang='lat' dir='ltr'><em>verum</em></span> <span class='ocrx_word' id='word_1_95' title='bbox 1064 1905 1168 1972; x_wconf 87' lang='lat' dir='ltr'><em>nostri</em></span> <span class='ocrx_word' id='word_1_96' title='bbox 1195 1926 1336 1971; x_wconf 89' lang='lat' dir='ltr'><em>amorem</em></span> <span class='ocrx_word' id='word_1_97' title='bbox 1360 1905 1466 1989; x_wconf 90' lang='lat' dir='ltr'><em>primo</em></span> <span class='ocrx_word' id='word_1_98' title='bbox 1487 1907 1563 1972; x_wconf 92' lang='lat' dir='ltr'><em>loco</em></span> 
     </span>
     <span class='ocr_line' id='line_1_13' title="bbox 388 2015 1564 2102; baseline 0.002 -20"><span class='ocrx_word' id='word_1_99' title='bbox 388 2015 482 2100; x_wconf 90' lang='lat' dir='ltr'><em>ponit</em></span> <span class='ocrx_word' id='word_1_100' title='bbox 496 2032 534 2082; x_wconf 90' lang='lat' dir='ltr'><em>ut</em></span> <span class='ocrx_word' id='word_1_101' title='bbox 554 2019 750 2100; x_wconf 69' lang='lat' dir='ltr'><em>oporinum,</em></span> <span class='ocrx_word' id='word_1_102' title='bbox 777 2019 873 2102; x_wconf 87' lang='lat' dir='ltr'><em>cujus</em></span> <span class='ocrx_word' id='word_1_103' title='bbox 888 2021 1009 2093; x_wconf 73' lang='grc' dir='ltr'><em>ἔκτῠπος</em></span> <span class='ocrx_word' id='word_1_104' title='bbox 1023 2017 1067 2084; x_wconf 90' lang='lat' dir='ltr'><em>sit</em></span> <span class='ocrx_word' id='word_1_105' title='bbox 1082 2037 1173 2083; x_wconf 88' lang='lat' dir='ltr'><em>amor</em></span> <span class='ocrx_word' id='word_1_106' title='bbox 1191 2016 1345 2098; x_wconf 88' lang='lat' dir='ltr'><em>alterius,</em></span> <span class='ocrx_word' id='word_1_107' title='bbox 1367 2016 1423 2083; x_wconf 89' lang='lat' dir='ltr'><em>hic</em></span> <span class='ocrx_word' id='word_1_108' title='bbox 1439 2017 1564 2084; x_wconf 89' lang='lat' dir='ltr'><em>scilicet</em></span> 
     </span>
     <span class='ocr_line' id='line_1_14' title="bbox 382 2126 1562 2214; baseline 0.003 -23"><span class='ocrx_word' id='word_1_109' title='bbox 382 2131 599 2214; x_wconf 76' lang='lat' dir='ltr'><em>primitivus,</em></span> <span class='ocrx_word' id='word_1_110' title='bbox 623 2126 678 2193; x_wconf 88' lang='lat' dir='ltr'><em>ille</em></span> <span class='ocrx_word' id='word_1_111' title='bbox 697 2128 889 2214; x_wconf 81' lang='lat' dir='ltr'><em>effiguratos</em></span> <span class='ocrx_word' id='word_1_112' title='bbox 902 2126 924 2194; x_wconf 86' lang='lat'><em>².</em></span> <span class='ocrx_word' id='word_1_113' title='bbox 949 2127 1038 2194; x_wconf 89' lang='lat' dir='ltr'><em>Huic</em></span> <span class='ocrx_word' id='word_1_114' title='bbox 1052 2130 1230 2195; x_wconf 90' lang='lat' dir='ltr'><em>sententiae</em></span> <span class='ocrx_word' id='word_1_115' title='bbox 1249 2129 1277 2196; x_wconf 88' lang='lat' dir='ltr'><em>si</em></span> <span class='ocrx_word' id='word_1_116' title='bbox 1295 2142 1503 2212; x_wconf 85' lang='lat' dir='ltr'><em>praeceptum</em></span> <span class='ocrx_word' id='word_1_117' title='bbox 1521 2129 1562 2195; x_wconf 84' lang='lat' dir='ltr'><em>de</em></span> 
     </span>
     <span class='ocr_line' id='line_1_15' title="bbox 387 2234 1560 2325; baseline -0.001 -20"><span class='ocrx_word' id='word_1_118' title='bbox 387 2238 533 2305; x_wconf 89' lang='lat' dir='ltr'><em>dominio</em></span> <span class='ocrx_word' id='word_1_119' title='bbox 550 2239 580 2319; x_wconf 81' lang='lat'><em>⁸,</em></span> <span class='ocrx_word' id='word_1_120' title='bbox 598 2238 689 2320; x_wconf 91' lang='lat' dir='ltr'><em>quod</em></span> <span class='ocrx_word' id='word_1_121' title='bbox 704 2258 721 2303; x_wconf 92' lang='lat' dir='ltr'><em>a</em></span> <span class='ocrx_word' id='word_1_122' title='bbox 739 2239 895 2305; x_wconf 89' lang='lat' dir='ltr'><em>Creatore</em></span> <span class='ocrx_word' id='word_1_123' title='bbox 913 2239 1103 2306; x_wconf 87' lang='lat' dir='ltr'><em>hominibus</em></span> <span class='ocrx_word' id='word_1_124' title='bbox 1129 2240 1240 2306; x_wconf 85' lang='lat' dir='ltr'><em>datum</em></span> <span class='ocrx_word' id='word_1_125' title='bbox 1267 2255 1317 2305; x_wconf 88' lang='lat' dir='ltr'><em>est</em></span> <span class='ocrx_word' id='word_1_126' title='bbox 1341 2234 1560 2325; x_wconf 77' lang='lat' dir='ltr'><em>adjungatur,</em></span> 
     </span>
     <span class='ocr_line' id='line_1_16' title="bbox 387 2349 1560 2434; baseline 0.002 -20"><span class='ocrx_word' id='word_1_127' title='bbox 387 2349 472 2416; x_wconf 92' lang='lat' dir='ltr'><em>idem</em></span> <span class='ocrx_word' id='word_1_128' title='bbox 499 2349 711 2431; x_wconf 82' lang='lat' dir='ltr'><em>habebimus,</em></span> <span class='ocrx_word' id='word_1_129' title='bbox 747 2351 837 2432; x_wconf 92' lang='lat' dir='ltr'><em>quod</em></span> <span class='ocrx_word' id='word_1_130' title='bbox 867 2350 899 2415; x_wconf 92' lang='lat' dir='ltr'><em>in</em></span> <span class='ocrx_word' id='word_1_131' title='bbox 933 2353 1003 2434; x_wconf 88' lang='lat' dir='ltr'><em>lege</em></span> <span class='ocrx_word' id='word_1_132' title='bbox 1028 2370 1094 2417; x_wconf 91' lang='lat' dir='ltr'><em>non</em></span> <span class='ocrx_word' id='word_1_133' title='bbox 1116 2366 1241 2417; x_wconf 86' lang='lat' dir='ltr'><em>tantum</em></span> <span class='ocrx_word' id='word_1_134' title='bbox 1265 2350 1369 2434; x_wconf 89' lang='lat' dir='ltr'><em>prima</em></span> <span class='ocrx_word' id='word_1_135' title='bbox 1392 2365 1425 2416; x_wconf 86' lang='lat' dir='ltr'><em>et</em></span> <span class='ocrx_word' id='word_1_136' title='bbox 1445 2349 1560 2432; x_wconf 86' lang='lat' dir='ltr'><em>tertia,</em></span> 
     </span>
     <span class='ocr_line' id='line_1_17' title="bbox 386 2461 1560 2546; baseline -0.001 -19"><span class='ocrx_word' id='word_1_137' title='bbox 386 2482 500 2528; x_wconf 87' lang='lat' dir='ltr'><em>verum</em></span> <span class='ocrx_word' id='word_1_138' title='bbox 528 2461 624 2527; x_wconf 90' lang='lat' dir='ltr'><em>etiam</em></span> <span class='ocrx_word' id='word_1_139' title='bbox 650 2461 789 2528; x_wconf 89' lang='lat' dir='ltr'><em>secunda</em></span> <span class='ocrx_word' id='word_1_140' title='bbox 821 2477 855 2527; x_wconf 89' lang='lat' dir='ltr'><em>et</em></span> <span class='ocrx_word' id='word_1_141' title='bbox 873 2477 987 2544; x_wconf 85' lang='lat' dir='ltr'><em>quarta</em></span> <span class='ocrx_word' id='word_1_142' title='bbox 1010 2481 1194 2546; x_wconf 84' lang='lat' dir='ltr'><em>expressum</em></span> <span class='ocrx_word' id='word_1_143' title='bbox 1219 2477 1278 2528; x_wconf 81' lang='lat' dir='ltr'><em>est</em></span> <span class='ocrx_word' id='word_1_144' title='bbox 1326 2462 1412 2529; x_wconf 91' lang='lat' dir='ltr'><em>Cum</em></span> <span class='ocrx_word' id='word_1_145' title='bbox 1440 2481 1560 2528; x_wconf 85' lang='lat' dir='ltr'><em>veroa</em></span> 
     </span>
     <span class='ocr_line' id='line_1_18' title="bbox 385 2571 1556 2656; baseline 0.002 -19"><span class='ocrx_word' id='word_1_146' title='bbox 385 2571 459 2638; x_wconf 87' lang='lat' dir='ltr'><em>Deo</em></span> <span class='ocrx_word' id='word_1_147' title='bbox 486 2573 714 2638; x_wconf 86' lang='lat' dir='ltr'><em>admoneamur</em></span> <span class='ocrx_word' id='word_1_148' title='bbox 744 2573 867 2656; x_wconf 88' lang='lat' dir='ltr'><em>eripere</em></span> <span class='ocrx_word' id='word_1_149' title='bbox 898 2594 977 2656; x_wconf 87' lang='lat' dir='ltr'><em>eos,</em></span> <span class='ocrx_word' id='word_1_150' title='bbox 1010 2574 1069 2656; x_wconf 89' lang='lat' dir='ltr'><em>qui</em></span> <span class='ocrx_word' id='word_1_151' title='bbox 1096 2572 1138 2638; x_wconf 86' lang='lat' dir='ltr'><em>ad</em></span> <span class='ocrx_word' id='word_1_152' title='bbox 1164 2573 1299 2640; x_wconf 79' lang='lat' dir='ltr'><em>exitium</em></span> <span class='ocrx_word' id='word_1_153' title='bbox 1326 2574 1501 2640; x_wconf 86' lang='lat' dir='ltr'><em>trahuntur</em></span> <span class='ocrx_word' id='word_1_154' title='bbox 1521 2582 1556 2654; x_wconf 91' lang='lat'><em>⁴,</em></span> 
     </span>
     <span class='ocr_line' id='line_1_19' title="bbox 385 2683 1555 2770; baseline 0.002 -22"><span class='ocrx_word' id='word_1_155' title='bbox 385 2685 489 2749; x_wconf 91' lang='lat' dir='ltr'><em>multo</em></span> <span class='ocrx_word' id='word_1_156' title='bbox 506 2683 606 2769; x_wconf 91' lang='lat' dir='ltr'><em>magis</em></span> <span class='ocrx_word' id='word_1_157' title='bbox 624 2702 685 2750; x_wconf 90' lang='lat' dir='ltr'><em>nos</em></span> <span class='ocrx_word' id='word_1_158' title='bbox 703 2683 791 2767; x_wconf 90' lang='lat' dir='ltr'><em>ipsos</em></span> <span class='ocrx_word' id='word_1_159' title='bbox 810 2683 932 2767; x_wconf 88' lang='lat' dir='ltr'><em>eripere</em></span> <span class='ocrx_word' id='word_1_160' title='bbox 949 2686 1123 2752; x_wconf 78' lang='lat' dir='ltr'><em>debemus:</em></span> <span class='ocrx_word' id='word_1_161' title='bbox 1144 2700 1177 2751; x_wconf 89' lang='lat' dir='ltr'><em>et</em></span> <span class='ocrx_word' id='word_1_162' title='bbox 1192 2684 1368 2751; x_wconf 90' lang='lat' dir='ltr'><em>subvenire</em></span> <span class='ocrx_word' id='word_1_163' title='bbox 1385 2684 1555 2770; x_wconf 86' lang='lat' dir='ltr'><em>egentibus</em></span> 
     </span>
     <span class='ocr_line' id='line_1_20' title="bbox 381 2794 1555 2881; baseline 0.001 -21"><span class='ocrx_word' id='word_1_164' title='bbox 381 2795 535 2879; x_wconf 87' lang='lat' dir='ltr'><em>jubemur</em></span> <span class='ocrx_word' id='word_1_165' title='bbox 550 2794 579 2860; x_wconf 78' lang='lat'><em>⁵:</em></span> <span class='ocrx_word' id='word_1_166' title='bbox 606 2815 683 2881; x_wconf 88' lang='lat' dir='ltr'><em>ergo</em></span> <span class='ocrx_word' id='word_1_167' title='bbox 709 2810 741 2861; x_wconf 93' lang='lat' dir='ltr'><em>et</em></span> <span class='ocrx_word' id='word_1_168' title='bbox 770 2811 943 2881; x_wconf 85' lang='lat' dir='ltr'><em>egestatem</em></span> <span class='ocrx_word' id='word_1_169' title='bbox 959 2816 977 2861; x_wconf 84' lang='lat' dir='ltr'><em>a</em></span> <span class='ocrx_word' id='word_1_170' title='bbox 996 2795 1092 2864; x_wconf 89' lang='lat' dir='ltr'><em>nobis</em></span> <span class='ocrx_word' id='word_1_171' title='bbox 1112 2798 1311 2879; x_wconf 83' lang='lat' dir='ltr'><em>propulsare.</em></span> <span class='ocrx_word' id='word_1_172' title='bbox 1349 2796 1457 2881; x_wconf 86' lang='lat' dir='ltr'><em>Leges</em></span> <span class='ocrx_word' id='word_1_173' title='bbox 1477 2816 1555 2863; x_wconf 91' lang='lat' dir='ltr'><em>vero</em></span> 
     </span>
     <span class='ocr_line' id='line_1_21' title="bbox 385 2906 1557 2989; baseline 0.001 -18"><span class='ocrx_word' id='word_1_174' title='bbox 385 2906 499 2989; x_wconf 90' lang='lat' dir='ltr'><em>quinta</em></span> <span class='ocrx_word' id='word_1_175' title='bbox 519 2922 551 2973; x_wconf 92' lang='lat' dir='ltr'><em>et</em></span> <span class='ocrx_word' id='word_1_176' title='bbox 570 2922 660 2972; x_wconf 87' lang='lat' dir='ltr'><em>sexta</em></span> <span class='ocrx_word' id='word_1_177' title='bbox 681 2907 752 2973; x_wconf 88' lang='lat' dir='ltr'><em>istis</em></span> <span class='ocrx_word' id='word_1_178' title='bbox 772 2907 881 2974; x_wconf 89' lang='lat' dir='ltr'><em>verbis</em></span> <span class='ocrx_word' id='word_1_179' title='bbox 906 2907 1134 2974; x_wconf 88' lang='lat' dir='ltr'><em>continentur:</em></span> <span class='ocrx_word' id='word_1_180' title='bbox 1158 2908 1356 2973; x_wconf 83' lang='lat' dir='ltr'><em>Mensorum</em></span> <span class='ocrx_word' id='word_1_181' title='bbox 1381 2920 1413 2972; x_wconf 92' lang='lat' dir='ltr'><em>et</em></span> <span class='ocrx_word' id='word_1_182' title='bbox 1431 2928 1557 2973; x_wconf 90' lang='lat' dir='ltr'><em>mensu·</em></span> 
     </span>
     <span class='ocr_line' id='line_1_22' title="bbox 384 3015 1557 3103; baseline -0.002 -19"><span class='ocrx_word' id='word_1_183' title='bbox 384 3039 483 3099; x_wconf 87' lang='lat' dir='ltr'><em>ram,</em></span> <span class='ocrx_word' id='word_1_184' title='bbox 506 3017 633 3102; x_wconf 90' lang='lat' dir='ltr'><em>pondus</em></span> <span class='ocrx_word' id='word_1_185' title='bbox 660 3031 691 3083; x_wconf 90' lang='lat' dir='ltr'><em>et</em></span> <span class='ocrx_word' id='word_1_186' title='bbox 707 3017 835 3103; x_wconf 87' lang='lat' dir='ltr'><em>pondus</em></span> <span class='ocrx_word' id='word_1_187' title='bbox 865 3016 935 3083; x_wconf 90' lang='lat' dir='ltr'><em>odit</em></span> <span class='ocrx_word' id='word_1_188' title='bbox 962 3017 1125 3084; x_wconf 84' lang='lat' dir='ltr'><em>Dominus</em></span> <span class='ocrx_word' id='word_1_189' title='bbox 1153 3018 1176 3084; x_wconf 82' lang='lat'><em>⁸.</em></span> <span class='ocrx_word' id='word_1_190' title='bbox 1225 3015 1300 3102; x_wconf 83' lang='lat' dir='ltr'><em>Quo</em></span> <span class='ocrx_word' id='word_1_191' title='bbox 1324 3038 1379 3087; x_wconf 76' lang='lat' dir='ltr'><em>uos</em></span> <span class='ocrx_word' id='word_1_192' title='bbox 1401 3038 1557 3084; x_wconf 88' lang='lat' dir='ltr'><em>mensura</em></span> 
     </span>
     <span class='ocr_line' id='line_1_23' title="bbox 384 3127 1557 3212; baseline 0.001 -19"><span class='ocrx_word' id='word_1_193' title='bbox 384 3133 485 3194; x_wconf 87' lang='lat' dir='ltr'><em>mensi</em></span> <span class='ocrx_word' id='word_1_194' title='bbox 509 3129 587 3193; x_wconf 89' lang='lat' dir='ltr'><em>aliis</em></span> <span class='ocrx_word' id='word_1_195' title='bbox 601 3127 763 3212; x_wconf 73' lang='lat' dir='ltr'><em>feceritis,</em></span> <span class='ocrx_word' id='word_1_196' title='bbox 786 3127 896 3194; x_wconf 89' lang='lat' dir='ltr'><em>eudem</em></span> <span class='ocrx_word' id='word_1_197' title='bbox 916 3129 1005 3197; x_wconf 78' lang='lat' dir='ltr'><em>robis</em></span> <span class='ocrx_word' id='word_1_198' title='bbox 1024 3133 1219 3195; x_wconf 81' lang='lat' dir='ltr'><em>remetietur</em></span> <span class='ocrx_word' id='word_1_199' title='bbox 1237 3131 1262 3197; x_wconf 88' lang='lat'><em>⁷.</em></span> <span class='ocrx_word' id='word_1_200' title='bbox 1289 3131 1381 3203; x_wconf 84' lang='lat' dir='ltr'><em>Quae</em></span> <span class='ocrx_word' id='word_1_201' title='bbox 1397 3130 1461 3194; x_wconf 88' lang='lat' dir='ltr'><em>tibi</em></span> <span class='ocrx_word' id='word_1_202' title='bbox 1475 3129 1557 3197; x_wconf 74' lang='lat' dir='ltr'><em>uelis</em></span> 
     </span>
     <span class='ocr_line' id='line_1_24' title="bbox 379 3239 1556 3326; baseline -0.002 -20"><span class='ocrx_word' id='word_1_203' title='bbox 379 3239 477 3324; x_wconf 83' lang='lat' dir='ltr'><em>fieri,</em></span> <span class='ocrx_word' id='word_1_204' title='bbox 494 3239 598 3304; x_wconf 87' lang='lat' dir='ltr'><em>alteri</em></span> <span class='ocrx_word' id='word_1_205' title='bbox 608 3239 777 3324; x_wconf 81' lang='lat' dir='ltr'><em>feceris⁸:</em></span> <span class='ocrx_word' id='word_1_206' title='bbox 794 3260 879 3325; x_wconf 87' lang='lat' dir='ltr'><em>quoe</em></span> <span class='ocrx_word' id='word_1_207' title='bbox 895 3241 1000 3321; x_wconf 88' lang='lat' dir='ltr'><em>nolis,</em></span> <span class='ocrx_word' id='word_1_208' title='bbox 1021 3262 1061 3306; x_wconf 90' lang='lat' dir='ltr'><em>ne</em></span> <span class='ocrx_word' id='word_1_209' title='bbox 1072 3239 1197 3324; x_wconf 86' lang='lat' dir='ltr'><em>feceris</em></span> <span class='ocrx_word' id='word_1_210' title='bbox 1210 3247 1231 3307; x_wconf 82' lang='lat'><em>⁰.</em></span> <span class='ocrx_word' id='word_1_211' title='bbox 1256 3241 1302 3306; x_wconf 89' lang='lat' dir='ltr'><em>Et</em></span> <span class='ocrx_word' id='word_1_212' title='bbox 1318 3243 1374 3326; x_wconf 87' lang='lat' dir='ltr'><em>jus</em></span> <span class='ocrx_word' id='word_1_213' title='bbox 1391 3259 1461 3306; x_wconf 87' lang='lat' dir='ltr'><em>esse</em></span> <span class='ocrx_word' id='word_1_214' title='bbox 1479 3259 1556 3325; x_wconf 90' lang='lat' dir='ltr'><em>gen·</em></span> 
     </span>
     <span class='ocr_line' id='line_1_25' title="bbox 382 3349 1556 3435; baseline 0 -19"><span class='ocrx_word' id='word_1_215' title='bbox 382 3350 464 3417; x_wconf 90' lang='lat' dir='ltr'><em>tium</em></span> <span class='ocrx_word' id='word_1_216' title='bbox 491 3365 529 3417; x_wconf 87' lang='lat' dir='ltr'><em>ut</em></span> <span class='ocrx_word' id='word_1_217' title='bbox 555 3351 637 3416; x_wconf 88' lang='lat' dir='ltr'><em>bene</em></span> <span class='ocrx_word' id='word_1_218' title='bbox 662 3349 858 3419; x_wconf 86' lang='lat' dir='ltr'><em>facientibus</em></span> <span class='ocrx_word' id='word_1_219' title='bbox 888 3353 969 3418; x_wconf 91' lang='lat' dir='ltr'><em>bene</em></span> <span class='ocrx_word' id='word_1_220' title='bbox 995 3351 1052 3418; x_wconf 81' lang='lat' dir='ltr'><em>fiat</em></span> <span class='ocrx_word' id='word_1_221' title='bbox 1076 3352 1230 3419; x_wconf 89' lang='lat' dir='ltr'><em>Christus</em></span> <span class='ocrx_word' id='word_1_222' title='bbox 1251 3352 1417 3435; x_wconf 89' lang='lat' dir='ltr'><em>ostendit,</em></span> <span class='ocrx_word' id='word_1_223' title='bbox 1442 3351 1500 3433; x_wconf 89' lang='lat' dir='ltr'><em>qui</em></span> <span class='ocrx_word' id='word_1_224' title='bbox 1523 3365 1556 3417; x_wconf 87' lang='lat' dir='ltr'><em>et</em></span> 
     </span>
     <span class='ocr_line' id='line_1_26' title="bbox 384 3460 1556 3548; baseline 0.001 -21"><span class='ocrx_word' id='word_1_225' title='bbox 384 3461 491 3546; x_wconf 83' lang='lat' dir='ltr'><em>gladio</em></span> <span class='ocrx_word' id='word_1_226' title='bbox 518 3460 671 3528; x_wconf 90' lang='lat' dir='ltr'><em>ferientes</em></span> <span class='ocrx_word' id='word_1_227' title='bbox 699 3462 806 3546; x_wconf 90' lang='lat' dir='ltr'><em>gladio</em></span> <span class='ocrx_word' id='word_1_228' title='bbox 835 3460 1001 3529; x_wconf 88' lang='lat' dir='ltr'><em>feriendos</em></span> <span class='ocrx_word' id='word_1_229' title='bbox 1032 3463 1077 3528; x_wconf 89' lang='lat' dir='ltr'><em>ait</em></span> <span class='ocrx_word' id='word_1_230' title='bbox 1104 3461 1148 3528; x_wconf 79' lang='lat'><em>¹⁰:</em></span> <span class='ocrx_word' id='word_1_231' title='bbox 1172 3463 1263 3546; x_wconf 89' lang='lat' dir='ltr'><em>quod</em></span> <span class='ocrx_word' id='word_1_232' title='bbox 1295 3463 1402 3547; x_wconf 87' lang='lat' dir='ltr'><em>ipsum</em></span> <span class='ocrx_word' id='word_1_233' title='bbox 1427 3463 1461 3528; x_wconf 90' lang='lat' dir='ltr'><em>in</em></span> <span class='ocrx_word' id='word_1_234' title='bbox 1486 3464 1556 3548; x_wconf 92' lang='lat' dir='ltr'><em>lege</em></span> 
     </span>
     <span class='ocr_line' id='line_1_27' title="bbox 381 3573 1557 3658; baseline 0.001 -19"><span class='ocrx_word' id='word_1_235' title='bbox 381 3573 485 3639; x_wconf 90' lang='lat' dir='ltr'><em>veteri</em></span> <span class='ocrx_word' id='word_1_236' title='bbox 510 3593 656 3655; x_wconf 90' lang='lat' dir='ltr'><em>eousque</em></span> <span class='ocrx_word' id='word_1_237' title='bbox 680 3593 866 3656; x_wconf 88' lang='lat' dir='ltr'><em>expressum</em></span> <span class='ocrx_word' id='word_1_238' title='bbox 890 3593 959 3655; x_wconf 89' lang='lat' dir='ltr'><em>est,</em></span> <span class='ocrx_word' id='word_1_239' title='bbox 992 3589 1029 3640; x_wconf 92' lang='lat' dir='ltr'><em>ut</em></span> <span class='ocrx_word' id='word_1_240' title='bbox 1060 3575 1212 3642; x_wconf 89' lang='lat' dir='ltr'><em>destricte</em></span> <span class='ocrx_word' id='word_1_241' title='bbox 1238 3575 1468 3658; x_wconf 85' lang='lat' dir='ltr'><em>prohibeamur</em></span> <span class='ocrx_word' id='word_1_242' title='bbox 1496 3593 1557 3640; x_wconf 90' lang='lat' dir='ltr'><em>no·</em></span> 
     </span>
     <span class='ocr_line' id='line_1_28' title="bbox 381 3684 1554 3770; baseline 0.001 -20"><span class='ocrx_word' id='word_1_243' title='bbox 381 3685 523 3751; x_wconf 88' lang='lat' dir='ltr'><em>centium</em></span> <span class='ocrx_word' id='word_1_244' title='bbox 540 3684 787 3752; x_wconf 87' lang='lat' dir='ltr'><em>miserescere¹¹.</em></span> <span class='ocrx_word' id='word_1_245' title='bbox 811 3685 917 3767; x_wconf 88' lang='lat' dir='ltr'><em>Atqui</em></span> <span class='ocrx_word' id='word_1_246' title='bbox 935 3705 1030 3768; x_wconf 89' lang='lat' dir='ltr'><em>saepe</em></span> <span class='ocrx_word' id='word_1_247' title='bbox 1053 3685 1171 3752; x_wconf 91' lang='lat' dir='ltr'><em>accidit</em></span> <span class='ocrx_word' id='word_1_248' title='bbox 1192 3701 1231 3752; x_wconf 90' lang='lat' dir='ltr'><em>ut</em></span> <span class='ocrx_word' id='word_1_249' title='bbox 1250 3706 1310 3752; x_wconf 92' lang='lat' dir='ltr'><em>nos</em></span> <span class='ocrx_word' id='word_1_250' title='bbox 1329 3685 1419 3770; x_wconf 91' lang='lat' dir='ltr'><em>ipsos</em></span> <span class='ocrx_word' id='word_1_251' title='bbox 1438 3705 1554 3768; x_wconf 88' lang='lat' dir='ltr'><em>resque</em></span> 
     </span>
     <span class='ocr_line' id='line_1_29' title="bbox 380 3795 1556 3882; baseline -0.002 -18"><span class='ocrx_word' id='word_1_252' title='bbox 380 3811 507 3864; x_wconf 88' lang='lat' dir='ltr'><em>nostras</em></span> <span class='ocrx_word' id='word_1_253' title='bbox 529 3795 714 3878; x_wconf 90' lang='lat' dir='ltr'><em>vindicare,</em></span> <span class='ocrx_word' id='word_1_254' title='bbox 747 3796 893 3863; x_wconf 89' lang='lat' dir='ltr'><em>debitum</em></span> <span class='ocrx_word' id='word_1_255' title='bbox 920 3813 1137 3880; x_wconf 78' lang='lat' dir='ltr'><em>extorquere,</em></span> <span class='ocrx_word' id='word_1_256' title='bbox 1170 3817 1292 3882; x_wconf 86' lang='lat' dir='ltr'><em>poenas</em></span> <span class='ocrx_word' id='word_1_257' title='bbox 1320 3818 1491 3882; x_wconf 87' lang='lat' dir='ltr'><em>reposcere</em></span> <span class='ocrx_word' id='word_1_258' title='bbox 1512 3798 1556 3863; x_wconf 92' lang='lat' dir='ltr'><em>ob</em></span> 
     </span>
     <span class='ocr_line' id='line_1_30' title="bbox 380 3906 1555 3993; baseline 0.001 -19"><span class='ocrx_word' id='word_1_259' title='bbox 380 3906 555 3976; x_wconf 88' lang='lat' dir='ltr'><em>adversarii</em></span> <span class='ocrx_word' id='word_1_260' title='bbox 576 3907 753 3992; x_wconf 86' lang='lat' dir='ltr'><em>potentiam</em></span> <span class='ocrx_word' id='word_1_261' title='bbox 773 3907 836 3973; x_wconf 91' lang='lat' dir='ltr'><em>nisi</em></span> <span class='ocrx_word' id='word_1_262' title='bbox 853 3928 951 3975; x_wconf 89' lang='lat' dir='ltr'><em>manu</em></span> <span class='ocrx_word' id='word_1_263' title='bbox 978 3924 1098 3974; x_wconf 84' lang='lat' dir='ltr'><em>armata</em></span> <span class='ocrx_word' id='word_1_264' title='bbox 1123 3928 1190 3976; x_wconf 91' lang='lat' dir='ltr'><em>non</em></span> <span class='ocrx_word' id='word_1_265' title='bbox 1210 3909 1384 3993; x_wconf 88' lang='lat' dir='ltr'><em>possimus.</em></span> <span class='ocrx_word' id='word_1_266' title='bbox 1430 3909 1555 3976; x_wconf 83' lang='lat' dir='ltr'><em>Bellarc</em></span> 
     </span>
     <span class='ocr_line' id='line_1_31' title="bbox 379 4018 1556 4106; baseline 0 -20"><span class='ocrx_word' id='word_1_267' title='bbox 379 4019 481 4106; x_wconf 91' lang='lat' dir='ltr'><em>igitur</em></span> <span class='ocrx_word' id='word_1_268' title='bbox 510 4019 595 4085; x_wconf 89' lang='lat' dir='ltr'><em>licet.</em></span> <span class='ocrx_word' id='word_1_269' title='bbox 640 4018 748 4086; x_wconf 90' lang='lat' dir='ltr'><em>Etiam</em></span> <span class='ocrx_word' id='word_1_270' title='bbox 777 4020 864 4104; x_wconf 88' lang='lat' dir='ltr'><em>leges</em></span> <span class='ocrx_word' id='word_1_271' title='bbox 884 4035 1025 4086; x_wconf 85' lang='lat' dir='ltr'><em>caeterae</em></span> <span class='ocrx_word' id='word_1_272' title='bbox 1047 4020 1081 4086; x_wconf 91' lang='lat' dir='ltr'><em>in</em></span> <span class='ocrx_word' id='word_1_273' title='bbox 1104 4019 1202 4087; x_wconf 84' lang='lat' dir='ltr'><em>sacris</em></span> <span class='ocrx_word' id='word_1_274' title='bbox 1221 4020 1342 4088; x_wconf 89' lang='lat' dir='ltr'><em>tabulis</em></span> <span class='ocrx_word' id='word_1_275' title='bbox 1359 4019 1442 4086; x_wconf 83' lang='lat' dir='ltr'><em>fixae</em></span> <span class='ocrx_word' id='word_1_276' title='bbox 1465 4041 1556 4105; x_wconf 92' lang='lat' dir='ltr'><em>repe·</em></span> 
     </span>
    </p>
   </div>
   <div class='ocr_carea' id='block_1_3' title="bbox 379 4280 1555 4618">
    <p class='ocr_par' dir='ltr' id='par_1_3' title="bbox 379 4280 1555 4618">
     <span class='ocr_line' id='line_1_32' title="bbox 414 4280 1553 4346; baseline 0 -15"><span class='ocrx_word' id='word_1_277' title='bbox 414 4282 523 4333; x_wconf 89' lang='lat' dir='ltr'><em>¹Levit.</em></span> <span class='ocrx_word' id='word_1_278' title='bbox 551 4295 588 4344; x_wconf 92' lang='grc'><strong>19.</strong></span> <span class='ocrx_word' id='word_1_279' title='bbox 616 4283 655 4331; x_wconf 79' lang='lat' dir='ltr'><em>rb.</em></span> <span class='ocrx_word' id='word_1_280' title='bbox 679 4281 888 4344; x_wconf 78' lang='lat' dir='ltr'><em>Matth.19.19.</em></span> <span class='ocrx_word' id='word_1_281' title='bbox 921 4280 1016 4332; x_wconf 75' lang='lat' dir='ltr'><em>’scot</em></span> <span class='ocrx_word' id='word_1_282' title='bbox 1035 4297 1076 4346; x_wconf 86' lang='lat'><em>29.</em></span> <span class='ocrx_word' id='word_1_283' title='bbox 1093 4283 1152 4333; x_wconf 85' lang='lat' dir='ltr'><em>dist.</em></span> <span class='ocrx_word' id='word_1_284' title='bbox 1170 4296 1211 4340; x_wconf 77' lang='lat' dir='ltr'><em>st.</em></span> <span class='ocrx_word' id='word_1_285' title='bbox 1228 4296 1254 4343; x_wconf 89' lang='lat' dir='ltr'><em>q.</em></span> <span class='ocrx_word' id='word_1_286' title='bbox 1271 4283 1357 4332; x_wconf 79' lang='lat' dir='ltr'><em>unica.</em></span> <span class='ocrx_word' id='word_1_287' title='bbox 1373 4293 1400 4331; x_wconf 83' lang='lat' dir='ltr'><em>et</em></span> <span class='ocrx_word' id='word_1_288' title='bbox 1417 4283 1510 4332; x_wconf 72' lang='lat' dir='ltr'><em>Tuom</em></span> <span class='ocrx_word' id='word_1_289' title='bbox 1528 4296 1553 4331; x_wconf 90' lang='grc'><strong>9.</strong></span> 
     </span>
     <span class='ocr_line' id='line_1_33' title="bbox 380 4370 1555 4437; baseline 0.001 -16"><span class='ocrx_word' id='word_1_290' title='bbox 380 4387 404 4422; x_wconf 92' lang='grc'><strong>9.</strong></span> <span class='ocrx_word' id='word_1_291' title='bbox 420 4388 446 4434; x_wconf 89' lang='lat' dir='ltr'><em>q.</em></span> <span class='ocrx_word' id='word_1_292' title='bbox 464 4374 504 4423; x_wconf 84' lang='grc'><strong>96.</strong></span> <span class='ocrx_word' id='word_1_293' title='bbox 522 4385 567 4422; x_wconf 85' lang='lat' dir='ltr'><em>art.</em></span> <span class='ocrx_word' id='word_1_294' title='bbox 585 4386 610 4434; x_wconf 89' lang='lat'><em>4.</em></span> <span class='ocrx_word' id='word_1_295' title='bbox 642 4370 735 4422; x_wconf 73' lang='lat' dir='ltr'><em>&#39;Gen</em></span> <span class='ocrx_word' id='word_1_296' title='bbox 756 4385 777 4420; x_wconf 89' lang='grc'><em>1.</em></span> <span class='ocrx_word' id='word_1_297' title='bbox 796 4375 836 4421; x_wconf 82' lang='grc'><strong>98.</strong></span> <span class='ocrx_word' id='word_1_298' title='bbox 853 4384 879 4421; x_wconf 91' lang='lat' dir='ltr'><em>et</em></span> <span class='ocrx_word' id='word_1_299' title='bbox 895 4387 935 4436; x_wconf 92' lang='grc'><em>99.</em></span> <span class='ocrx_word' id='word_1_300' title='bbox 968 4371 1073 4424; x_wconf 84' lang='lat' dir='ltr'><em>⁴Pr0v.</em></span> <span class='ocrx_word' id='word_1_301' title='bbox 1091 4388 1131 4437; x_wconf 78' lang='lat'><em>24.</em></span> <span class='ocrx_word' id='word_1_302' title='bbox 1152 4387 1190 4423; x_wconf 86' lang='lat'><em>11.</em></span> <span class='ocrx_word' id='word_1_303' title='bbox 1223 4373 1555 4434; x_wconf 60' lang='lat' dir='ltr'><em>‘conmutatocapite</em></span> 
     </span>
     <span class='ocr_line' id='line_1_34' title="bbox 379 4461 1553 4527; baseline 0 -13"><span class='ocrx_word' id='word_1_304' title='bbox 379 4467 443 4526; x_wconf 83' lang='lat' dir='ltr'><em>Eph.</em></span> <span class='ocrx_word' id='word_1_305' title='bbox 468 4479 493 4527; x_wconf 72' lang='lat'><em>4</em></span> <span class='ocrx_word' id='word_1_306' title='bbox 518 4468 558 4514; x_wconf 82' lang='lat'><em>28.</em></span> <span class='ocrx_word' id='word_1_307' title='bbox 591 4463 703 4512; x_wconf 69' lang='lat' dir='ltr'><em>‘Prom</em></span> <span class='ocrx_word' id='word_1_308' title='bbox 729 4476 770 4512; x_wconf 86' lang='grc' dir='ltr'><strong>9ο.</strong></span> <span class='ocrx_word' id='word_1_309' title='bbox 798 4476 835 4512; x_wconf 91' lang='grc' dir='ltr'><em>1ο.</em></span> <span class='ocrx_word' id='word_1_310' title='bbox 869 4461 988 4514; x_wconf 85' lang='lat' dir='ltr'><em>⁷Matth.</em></span> <span class='ocrx_word' id='word_1_311' title='bbox 1004 4477 1027 4522; x_wconf 83' lang='lat'><em>7.</em></span> <span class='ocrx_word' id='word_1_312' title='bbox 1046 4479 1069 4513; x_wconf 92' lang='grc'><strong>9.</strong></span> <span class='ocrx_word' id='word_1_313' title='bbox 1102 4465 1193 4514; x_wconf 68' lang='lat' dir='ltr'><em>’Lae</em></span> <span class='ocrx_word' id='word_1_314' title='bbox 1209 4465 1235 4513; x_wconf 82' lang='lat'><em>6.</em></span> <span class='ocrx_word' id='word_1_315' title='bbox 1252 4477 1293 4522; x_wconf 76' lang='lat'><em>³1.</em></span> <span class='ocrx_word' id='word_1_316' title='bbox 1327 4463 1492 4522; x_wconf 61' lang='lat' dir='ltr'><em>&#39;Manen</em></span> <span class='ocrx_word' id='word_1_317' title='bbox 1514 4477 1553 4514; x_wconf 90' lang='grc'><strong>19.</strong></span> 
     </span>
     <span class='ocr_line' id='line_1_35' title="bbox 381 4553 1401 4618; baseline 0 -14"><span class='ocrx_word' id='word_1_318' title='bbox 381 4555 509 4604; x_wconf 66' lang='grc' dir='ltr'><em>11’Μ11111</em></span> <span class='ocrx_word' id='word_1_319' title='bbox 528 4556 568 4604; x_wconf 82' lang='grc'><strong>96.</strong></span> <span class='ocrx_word' id='word_1_320' title='bbox 587 4567 627 4612; x_wconf 80' lang='lat' dir='ltr'><em>sa.</em></span> <span class='ocrx_word' id='word_1_321' title='bbox 661 4553 681 4586; x_wconf 85' lang='lat'><em>¹¹</em></span> <span class='ocrx_word' id='word_1_322' title='bbox 700 4556 775 4603; x_wconf 85' lang='lat' dir='ltr'><em>Deut.</em></span> <span class='ocrx_word' id='word_1_323' title='bbox 796 4568 834 4604; x_wconf 91' lang='grc'><strong>19.</strong></span> <span class='ocrx_word' id='word_1_324' title='bbox 849 4554 875 4604; x_wconf 88' lang='lat' dir='ltr'><em>in</em></span> <span class='ocrx_word' id='word_1_325' title='bbox 894 4554 952 4604; x_wconf 86' lang='lat' dir='ltr'><em>fine.</em></span> <span class='ocrx_word' id='word_1_326' title='bbox 969 4557 999 4606; x_wconf 87' lang='lat' dir='ltr'><em>V.</em></span> <span class='ocrx_word' id='word_1_327' title='bbox 1009 4556 1096 4606; x_wconf 79' lang='lat' dir='ltr'><em>Ambe.</em></span> <span class='ocrx_word' id='word_1_328' title='bbox 1115 4557 1146 4606; x_wconf 93' lang='lat' dir='ltr'><em>de</em></span> <span class='ocrx_word' id='word_1_329' title='bbox 1162 4556 1206 4605; x_wconf 78' lang='lat' dir='ltr'><em>off.</em></span> <span class='ocrx_word' id='word_1_330' title='bbox 1223 4558 1241 4604; x_wconf 86' lang='lat' dir='ltr'><em>l.</em></span> <span class='ocrx_word' id='word_1_331' title='bbox 1261 4569 1283 4604; x_wconf 88' lang='lat'><em>1.</em></span> <span class='ocrx_word' id='word_1_332' title='bbox 1302 4555 1401 4618; x_wconf 65' lang='grc'><strong>[999]</strong></span> 
     </span>
    </p>
   </div>
   <div class='ocr_carea' id='block_1_4' title="bbox 0 0 1730 5434">
    <p class='ocr_par' dir='ltr' id='par_1_4' title="bbox 0 0 1730 5434">
     <span class='ocr_line' id='line_1_36' title="bbox 0 0 1730 5434; baseline 0 3"><span class='ocrx_word' id='word_1_333' title='bbox 0 0 1730 5434; x_wconf 95' lang='lat' dir='ltr'><em> </em></span> 
     </span>
    </p>
   </div>
  </div>
 </body>
</html>
