3450 5434
368 635 431 698 334
689 635 736 681 ne
760 635 854 701 June
882 633 1066 681 rnnsnnn.
1091 632 1171 679 cnr.
1196 633 1254 680 xv.

365 789 507 873 turpiter
529 790 715 872 quaesitum
740 805 798 854 est.
846 788 932 854 Nam
958 804 989 855 ct
1012 807 1072 855 nos
1095 788 1173 855 huic
1199 786 1379 854 sententiae
1403 788 1541 853 libenter

365 900 586 982 assentimus,
610 901 677 966 imo
699 901 795 966 etiam
817 900 845 967 si
870 899 940 965 fieri
963 915 1096 984 posset,
1116 917 1153 966 ut
1166 900 1304 985 injustas
1316 899 1540 982 possessiones

364 1027 514 1078 tueretur
548 1011 680 1078 fortuna
711 1028 743 1077 et
773 1011 865 1096 longi
889 1010 1046 1094 temporis
1070 1011 1213 1077 firmaret
1234 1011 1436 1090 auctoritas,
1459 1012 1542 1076 utiie

364 1137 472 1190 tamen
503 1143 574 1191 esse
593 1144 750 1209 negamus
779 1122 947 1205 quidquid
973 1124 1014 1187 ab
1038 1123 1178 1188 honesto
1202 1137 1234 1187 et
1254 1124 1346 1205 justo
1368 1122 1540 1204 discrepat.

363 1235 448 1301 Cum
470 1256 550 1302 vero
574 1236 607 1301 in
629 1237 689 1302 hac
713 1236 909 1318 quaestione
930 1249 1043 1299 contra
1062 1253 1099 1299 se
1119 1253 1183 1299 rem
1209 1234 1328 1299 habere
1351 1233 1542 1298 certissimis

363 1347 548 1415 rationibus
567 1349 633 1432 jam
657 1363 732 1412 ante
755 1347 1001 1429 comprobatum
1028 1346 1094 1427 sit,
1118 1363 1250 1410 necesse
1274 1359 1324 1413 est
1348 1344 1436 1411 illam
1460 1364 1541 1426 qua-

364 1461 562 1540 lemcunque
596 1459 845 1541 conceptionem
878 1459 973 1522 velut
999 1459 1167 1524 subtracto
1186 1454 1402 1521 fundamento
1426 1455 1541 1520 dilabi.

364 1569 492 1636 Contra
524 1570 610 1636 enim
642 1569 851 1636 verissimum
885 1582 936 1635 est
967 1569 1073 1634 nullas
1108 1565 1175 1632 fere
1209 1568 1436 1650 possessiones
1470 1585 1541 1632 esse

363 1681 590 1763 antiquiores,
616 1701 713 1764 quam
737 1699 822 1763 quae
852 1699 892 1746 ex
916 1681 1003 1745 bello
1034 1679 1264 1759 obvenerunt,
1289 1695 1321 1744 ct
1345 1679 1378 1744 in
1401 1678 1454 1744 his
1475 1676 1541 1744 fere

364 1792 512 1876 gentium
536 1793 682 1860 omnium
706 1792 916 1858 securitatem
939 1790 1141 1873 consistere,
1166 1804 1204 1855 ut
1222 1789 1256 1856 in
1277 1789 1408 1857 Officiis
1421 1795 1430 1828 ¹
1444 1789 1540 1855 etiarn

365 1902 503 1971 Tullius
535 1905 748 1971 demonstrat.
803 1905 921 1985 Itaque
954 1922 1050 1986 saepe
1083 1902 1171 1984 apud
1201 1917 1352 1967 auctores
1375 1902 1541 1982 occurrit,

361 2018 451 2101 juste
482 2015 644 2099 possideri
673 2015 838 2097 quidquid
869 2014 968 2080 armis
998 2014 1042 2078 sit
1073 2028 1203 2096 captum
1237 2016 1277 2079 ab
1312 2014 1483 2080 hostibus:
1507 2015 1541 2078 id

362 2128 454 2211 justo
477 2127 602 2207 titulo,
626 2127 660 2191 id
680 2128 770 2211 justa
792 2145 890 2192 causa
912 2125 952 2192 ad
974 2143 1181 2191 successores
1202 2125 1391 2190 transmitti.
1440 2126 1541 2213 Quod

364 2237 474 2320 ipsum
496 2251 529 2301 et
549 2237 691 2302 Romani
717 2239 758 2302 ad
782 2238 962 2303 Auruncos
985 2237 1025 2302 de
1048 2255 1126 2321 agro
1147 2237 1384 2302 Ecetranorum
1406 2257 1541 2319 respon·
1599 2226 1602 2231 ’

365 2349 505 2428 derunt3
540 2346 600 2429 qui
632 2363 665 2412 ct
687 2347 823 2414 Volscis
855 2349 965 2413 dixere
995 2365 1061 2412 non
1083 2347 1192 2414 minus
1215 2350 1294 2413 haec
1317 2363 1428 2414 nostra
1447 2367 1540 2429 csse,

365 2479 463 2541 quam
482 2478 568 2541 quae
590 2459 678 2525 dono
701 2458 905 2542 accepimus:
929 2459 993 2524 boc
1017 2456 1102 2524 forte
1124 2459 1257 2540 intuiti,
1278 2460 1371 2540 quod
1391 2459 1451 2541 qui
1465 2461 1541 2525 belli

364 2572 465 2636 aleam
501 2570 667 2652 utrimque
704 2571 850 2636 subeunt
882 2571 926 2634 ita
960 2569 1055 2651 quasi
1091 2571 1280 2636 contrahere
1302 2569 1479 2647 videntur,
1505 2586 1542 2635 ut

364 2697 458 2765 capta
490 2683 609 2748 cedant
640 2680 872 2764 capientibus,
905 2701 965 2746 nec
988 2681 1032 2746 sit
1056 2681 1205 2763 iniquum
1230 2701 1305 2746 eum
1329 2681 1387 2764 qui
1410 2681 1542 2748 vincere

366 2793 537 2875 voluerit,
571 2794 599 2860 si
631 2808 747 2859 contra
779 2792 957 2875 ceciderit,
981 2792 1062 2858 victi
1085 2790 1168 2858 ferre
1191 2791 1368 2858 fortunam.
1414 2794 1542 2877 Operae

365 2905 505 2987 pretium
538 2920 588 2970 est
620 2905 690 2987 ipsa
712 2925 798 2987 quae
820 2907 904 2970 hanc
931 2905 965 2969 in
988 2923 1054 2969 rem
1079 2919 1216 2986 usurpat
1238 2904 1424 2988 Dionysius
1446 2905 1542 2969 Hali-

365 3035 557 3083 canrasseus
585 3014 597 3050 ²
626 3016 728 3082 verba
760 3016 964 3082 describere:
1000 3015 1034 3079 in
1067 3015 1216 3082 oratione
1240 3015 1312 3080 Titi
1338 3016 1476 3101 Largii,
1498 3017 1541 3085 ότι

363 3135 498 3210 Ῥωμαῖοι
526 3133 693 3205 καλλόστας
716 3131 969 3211 ὑπολαμβάνομεν
999 3133 1114 3207 κτήσεις
1145 3129 1217 3196 εἶναι
1250 3129 1302 3196 καὶ
1334 3131 1542 3203 δικαιοτάτας,

362 3238 400 3315 ἃς
422 3243 459 3310 ἂν
481 3244 683 3326 κατάσχοιμεν
709 3243 829 3324 πολέμῳ
853 3241 996 3322 λαβόντες
1017 3241 1067 3307 καὶ
1090 3241 1186 3324 νόμῳ,
1211 3243 1260 3307 καὶ
1281 3245 1333 3308 οὐκ
1363 3240 1400 3306 ἂν
1423 3242 1543 3320 ὑπομεί-

363 3379 465 3432 ναιμεν
495 3355 592 3436 μωρία
623 3355 677 3428 σὺν
704 3355 808 3434 αἱρετὴν
835 3353 1003 3436 ὶφανόσαι,
1035 3353 1211 3434 παραδόντες
1231 3354 1312 3419 αὐτοὶ
1342 3361 1402 3424 τοῖς
1422 3354 1542 3417 αἰπολο-

364 3463 474 3530 λειιόσι·
505 3463 678 3538 κανονιστέον
697 3489 732 3528 τε
753 3467 829 3528 πᾶσι
849 3465 900 3528 καὶ
923 3473 983 3537 τοῖς
1006 3465 1039 3529 ἐκ
1058 3467 1164 3531 τούτων
1186 3465 1345 3544 γενομένοις
1367 3473 1544 3529 καταλιπεῖν

364 3574 574 3652 ἀγωνιούμεθα.
609 3579 658 3638 νῦν
683 3575 713 3641 δὲ
743 3574 929 3656 ὑπαρχόντων
960 3576 1011 3650 ἤδη
1042 3575 1238 3656 στερησόμεθα
1267 3577 1316 3640 καὶ
1344 3577 1463 3647 ἑαυτοὺς
1484 3571 1542 3639 ὅσα

364 3685 520 3763 πολεμίας
541 3685 721 3766 βλαψομενς
757 3683 905 3748 Romani
926 3661 1170 3749 honestissimas
1189 3685 1464 3768 justissimasqua
1486 3703 1541 3746 aas

365 3791 531 3857 credimus
544 3800 782 3879 possessiones,
807 3815 890 3880 qaas
913 3795 992 3860 belli
1016 3795 1085 3881 laga
1102 3808 1220 3880 captas
1239 3795 1417 3875 habemas,
1439 3815 1542 3879 atque

365 3924 443 3973 tero
466 3903 584 3969 iaduat'
600 3920 797 3991 passumus,
821 3921 860 3971 at
883 3907 992 3972 stulta
1007 3906 1187 3991 facilitate
1209 3906 1374 3972 deleamus
1396 3910 1540 3974 uirtutis

366 4017 591 4096 monimenta,
623 4016 735 4083 eadem
765 4017 837 4083 tttis
869 4018 1064 4098 reddentes,
1088 4019 1207 4104 quibas
1231 4017 1329 4083 semel
1348 4021 1539 4103 perierunt.

368 4122 436 4207 Qui
458 4147 536 4213 argo
558 4130 596 4191 ia
619 4131 677 4192 hoc
699 4134 863 4194 commatri
886 4146 942 4217 ope
963 4130 1161 4195 certandum
1185 4129 1375 4208 credimus,
1400 4141 1438 4193 ut
1455 4130 1539 4213 ejas·

365 4235 454 4304 modi
478 4238 634 4322 plurima
668 4239 716 4305 ad
741 4255 891 4326 posteras
919 4241 1193 4327 transferamus,
1218 4263 1305 4305 nanc
1327 4261 1413 4325 quaa
1431 4253 1538 4326 parta

400 4486 407 4518 ¹
426 4486 472 4534 lib.
490 4500 511 4534 ι.
546 4484 618 4533 ²nb.
637 4487 661 4534 6.
680 4486 719 4546 [p.
738 4487 795 4547 ³⁶9·
810 4500 848 4536 vs.
868 4487 921 4547 ομ]
