3450 5434
221 1725 293 1771 artic.
329 1758 337 1773 .

220 1780 331 1841 parata

368 618 430 685 152
690 623 739 670 DE
760 623 856 691 JURE
880 624 1064 671 PRAEDAB.
1088 622 1169 672 CAP.
1193 624 1227 671 X·
1281 681 1290 689 ο

365 774 521 859 assignati
543 788 622 841 sunt
641 780 672 858 ¹,
695 774 849 843 instituto
870 776 1030 856 Romuli,
1054 777 1146 859 quod
1167 774 1330 860 posterior
1352 788 1441 839 aetas
1463 770 1539 837 diu-

365 883 490 951 tissime
517 900 631 952 secuta
659 901 723 955 est.
765 888 855 953 Ante
873 886 1147 969 acquisitionem,
1173 904 1330 970 personae
1352 898 1458 949 certae
1481 896 1538 947 aut

366 994 527 1061 incertae:
561 1010 690 1078 certae,
721 1012 760 1063 ut
792 998 920 1081 siquis
949 998 1100 1065 tabernas
1126 996 1290 1065 Romanas
1312 996 1352 1061 ab
1371 993 1538 1059 Annibale

366 1104 518 1187 emisset,
551 1121 589 1171 ut
618 1106 744 1173 Doloni
776 1106 853 1190 equi
885 1107 1029 1174 Achillis
1047 1106 1081 1173 'a
1113 1108 1277 1188 incertae,
1313 1108 1397 1188 quae
1431 1118 1539 1169 tamen

365 1215 516 1312 certaosit
534 1215 667 1300 futura,
690 1233 777 1283 recte
798 1218 935 1299 donari,
958 1218 1095 1286 missilia
1117 1232 1308 1304 argumento
1330 1230 1430 1296 sunt,
1454 1232 1539 1296 quae

364 1329 482 1406 consul
509 1347 548 1392 eo
570 1328 680 1395 animo
702 1327 858 1414 projicit,
891 1343 931 1395 ut
951 1329 980 1395 ei
1002 1330 1233 1412 acquirantur,
1263 1326 1454 1410 quicunque
1484 1344 1538 1390 ce-

364 1435 465 1520 perit,
489 1436 551 1503 etsi
570 1438 699 1525 ignoret
716 1438 786 1521 ipse
804 1439 888 1522 quid
906 1438 950 1507 sit
969 1439 1111 1522 quisque
1132 1454 1345 1523 excepturus:
1369 1434 1538 1520 quomodo

364 1547 461 1612 etiam
483 1547 678 1616 convivator
700 1549 793 1616 cibos
815 1552 1031 1617 convivarum
1054 1548 1143 1618 lacit.
1190 1550 1246 1616 Sic
1268 1548 1370 1635 igitur
1392 1562 1449 1612 aut
1470 1564 1539 1611 res·

220 1672 296 1718 cmc
302 1672 351 1773 1151
363 1658 495 1740 publica
525 1657 567 1725 fit
596 1659 749 1743 domina,
781 1674 844 1725 aut
867 1664 896 1729 is
918 1664 975 1726 cui
1001 1659 1168 1746 praedam
1199 1656 1442 1745 acquirendam
1472 1655 1539 1721 illa

363 1771 563 1856 assignarit.
606 1769 795 1854 Dupliciter
822 1771 888 1836 hoc
917 1769 988 1837 fieri
1018 1785 1151 1855 potest,
1185 1784 1242 1835 aut
1272 1767 1429 1853 singulari
1458 1784 1538 1833 con-

363 1880 531 1963 cessione,
563 1895 621 1947 aut
650 1882 724 1966 lege
755 1896 931 1965 perpetua:
966 1900 1075 1963 neque
1107 1880 1192 1947 caim
1221 1879 1359 1946 dubium
1383 1891 1433 1945 cst
1454 1874 1537 1959 quin

361 1991 416 2056 lex
437 1990 604 2059 dominum
628 1990 736 2059 saciat.
781 1992 947 2078 Singulari
970 1991 1205 2075 concessione,
1229 2004 1268 2056 ut
1290 1988 1420 2073 quoties
1443 1986 1540 2071 signo

363 2100 440 2166 dato
462 2102 503 2167 ad
524 2101 740 2185 direptionem
762 2102 1016 2169 discurrebatur.
1039 2103 1129 2170 Idem
1153 2117 1187 2169 et
1207 2102 1281 2187 lege
1301 2099 1370 2165 lieri
1385 2095 1539 2182 potest⁸z

362 2230 423 2276 nec
454 2211 519 2278 alio
550 2211 709 2279 differunt
739 2213 822 2293 ista,
853 2213 918 2281 nisi
951 2214 1045 2295 quod
1075 2212 1158 2298 legis
1189 2226 1345 2295 perpetua
1377 2208 1538 2291 quaedam

232 2328 304 2377 Nm
314 2330 352 2378 n·
363 2321 448 2389 ratio
467 2336 538 2403 est,
563 2321 711 2405 aequitas
735 2322 875 2391 scilicet.
922 2323 1086 2406 Aequitas
1106 2323 1140 2389 in
1161 2342 1201 2389 eo
1220 2321 1374 2389 consistit
1392 2333 1429 2385 ut
1447 2320 1539 2385 lucra

231 2386 339 2434 claretis.

363 2452 439 2500 cum
471 2432 597 2499 damnis
627 2450 894 2516 compensentur.
941 2434 1028 2501 Sunt
1059 2448 1168 2500 autem
1200 2434 1316 2500 damna
1349 2450 1415 2498 non
1437 2429 1539 2497 unius

364 2542 492 2628 generis
514 2563 589 2611 cum
612 2543 676 2609 alia
697 2544 907 2624 nolentibus,
931 2545 993 2611 alia
1014 2545 1207 2613 volentibus
1225 2542 1386 2610 accidant.
1410 2542 1539 2608 Nolen-

362 2653 454 2720 tibus
482 2654 602 2721 accidit
627 2674 736 2721 rerum
755 2655 796 2721 ab
815 2654 967 2722 hostibus
988 2668 1171 2739 ereptarum
1191 2654 1335 2721 amissio.
1377 2654 1540 2719 Volentes

362 2778 420 2830 aut
438 2784 570 2848 operam
589 2780 647 2831 aut
666 2785 747 2849 opes
768 2764 998 2849 impendimus.
1039 2767 1177 2833 Certum
1197 2780 1303 2832 autem
1326 2778 1376 2832 est
1398 2762 1538 2847 obligari

361 2875 582 2942 mandatorem
603 2874 803 2943 mandatario
825 2876 869 2941 ob
888 2875 1045 2960 jacturam
1068 2897 1154 2960 quae
1175 2894 1240 2944 non
1264 2874 1415 2958 quolibet
1438 2890 1539 2955 casu,

362 2986 423 3051 scd
441 2987 612 3054 occasione
634 2987 778 3054 mandati
801 2985 942 3071 contigit
960 2990 984 3052 ⁴.
1007 2987 1059 3053 De
1082 2986 1179 3054 factis
1199 2985 1382 3066 sumtibus,
1403 2984 1484 3067 quin
1506 2997 1541 3047 et

363 3096 399 3162 iri
415 3111 648 3181 recuperentur
662 3096 804 3163 mandati
824 3098 976 3182 judicio,
994 3118 1172 3181 numquam
1193 3096 1378 3163 dubitatum
1398 3108 1459 3161 est.
1482 3092 1541 3159 Ad

364 3226 482 3289 operae
501 3207 679 3274 mercedem
700 3209 793 3289 quod
813 3207 947 3285 attinet,
975 3228 1013 3275 ca
1036 3208 1169 3292 quidem
1189 3209 1263 3292 J'ure
1281 3207 1431 3273 Romam
1451 3203 1540 3291 exigi

363 3336 430 3382 non
460 3332 569 3400 potest
597 3317 663 3384 nisi
692 3331 787 3401 pacta
817 3317 885 3401 sit,
917 3318 1070 3387 sednon
1101 3339 1141 3386 eo
1168 3318 1277 3385 minus
1306 3318 1381 3405 jure
1403 3330 1539 3383 naturae

399 3595 783 3663 ¹1.ltemalvcrbecatum.§
803 3600 1062 3651 r.tl⁸.dcrelvind.
1080 3599 1126 3667 [D.
1143 3602 1168 3651 6.
1189 3616 1211 3651 ι.
1233 3601 1284 3664 rs.]
1304 3603 1321 3649 l.
1338 3599 1443 3651 Lucius.
1460 3600 1487 3649 tt.
1506 3602 1540 3649 de

361 3686 440 3738 evict.
465 3687 510 3749 [D.
535 3700 575 3736 ar.
601 3702 625 3737 a.
649 3688 701 3755 ιι.]
724 3692 741 3738 l.
766 3690 793 3740 ln
809 3691 885 3752 agris.
902 3691 928 3740 ff.
948 3694 980 3742 de
997 3705 1052 3753 aeq.
1070 3706 1120 3741 rer.
1138 3694 1207 3741 dom.
1227 3688 1271 3755 [D.
1288 3704 1332 3752 4ι.
1354 3704 1376 3740 ι.
1396 3688 1447 3754 ι6.]
1466 3690 1541 3738 Lam·

360 3780 428 3841 prld.
447 3781 522 3828 Alex.
546 3780 605 3829 sev.
631 3777 669 3843 [c.
693 3778 746 3844 sb]
781 3776 793 3812 ¹
809 3782 871 3830 last.
888 3783 920 3831 dc
938 3796 987 3830 rer.
1005 3782 1058 3831 div.
1075 3782 1096 3845 ς
1113 3784 1164 3831 lroc
1182 3780 1289 3843 amplior
1309 3781 1341 3844 [1.
1359 3793 1383 3829 a.
1404 3795 1427 3831 ι.
1444 3781 1466 3843 ς.
1483 3778 1539 3845 46]

361 3868 373 3903 ⁸
395 3869 475 3919 Willr.
499 3870 591 3919 Matala.
614 3870 653 3919 De
675 3870 746 3919 bello
769 3870 840 3928 justo
863 3882 889 3919 et
914 3870 997 3922 licito.
1020 3885 1073 3933 req
1099 3886 1123 3923 a.
1145 3888 1173 3935 p.
1191 3884 1215 3929 s.
1247 3870 1295 3921 ⁴1.
1314 3884 1374 3921 curu
1391 3871 1498 3921 duobus.
1516 3870 1541 3931 ς.

361 3962 460 4011 damna.
483 3959 510 4008 θ’.
533 3973 582 4020 pro
605 3959 686 4009 socio.
712 3958 757 4024 [D.
784 3974 822 4019 ιγ.
848 3974 872 4010 a.
900 3974 940 4017 sa.
958 3961 980 4024 ς.
999 3962 1035 4024 n]
1053 3964 1072 4011 1.
1088 3962 1112 4013 rl
1129 3966 1293 4013 mandassem.
1310 3962 1338 4011 ll.
1354 3961 1473 4011 tatami.
1494 3959 1542 4025 [D.

364 4063 403 4124 ιγ.
422 4063 444 4099 ι.
464 4048 516 4114 ιε]
535 4051 624 4099 luuoc.
648 4050 676 4099 in
694 4064 717 4099 c.
734 4050 810 4101 elcut.
827 4051 854 4099 in
874 4049 941 4114 linc,
964 4054 996 4101 de
1017 4051 1123 4111 iureiur.
1143 4052 1283 4118 [Decretal.
1302 4067 1325 4102 a.
1344 4067 1385 4115 a4.
1404 4051 1458 4117 ap]
1478 4052 1542 4101 silv.

361 4142 388 4191 in
407 4157 432 4192 v.
449 4144 556 4191 Bellum.
576 4156 598 4192 ι.
620 4145 642 4201 5.
666 4153 691 4200 7.
714 4144 798 4191 concl.
817 4156 855 4191 ro
875 4154 899 4192 ct
916 4146 938 4203 ς.
955 4156 994 4192 ιι.
1012 4146 1098 4193 concl.
1116 4157 1140 4192 a.
1157 4156 1182 4193 et
1200 4148 1222 4205 ς.
1243 4158 1281 4203 rs.
1300 4158 1325 4193 ct
1344 4145 1370 4194 in
1389 4160 1415 4194 v.
1432 4144 1540 4192 Manda-

360 4244 424 4283 tum.
445 4233 467 4294 ς
491 4233 516 4281 6.
539 4234 557 4281 1.
579 4232 603 4283 ri
625 4245 698 4282 vero.
724 4235 745 4292 ς.
760 4232 782 4281 si
804 4232 868 4281 milri
885 4233 1051 4283 mandaveris.
1070 4234 1114 4295 [D.
1135 4246 1173 4292 ¹7·
1194 4246 1215 4283 ι.
1236 4247 1275 4284 aa.
1292 4238 1315 4295 5.
1331 4231 1369 4299 9.]
1388 4238 1407 4283 1.
1423 4233 1468 4295 qui
1484 4246 1541 4282 mu·

353 4336 437 4373 tuam.
454 4327 477 4384 ς.
495 4322 540 4373 tin.
560 4322 590 4388 [l.
608 4324 648 4381 56.
666 4326 689 4383 5.
707 4337 732 4386 4.
752 4325 785 4373 D.
803 4335 835 4371 eo
851 4320 906 4385 tiu]
926 4324 944 4371 l.
961 4322 983 4371 si
1001 4323 1058 4384 qult
1073 4324 1160 4375 alicui.
1177 4326 1199 4387 ς.
1218 4324 1355 4385 impendia.
1379 4324 1405 4372 ff.
1420 4322 1541 4372 mandati.

352 4410 394 4476 .[l.
413 4425 454 4471 ιι.
474 4417 498 4474 ς.
519 4427 544 4475 4
567 4416 600 4464 D.
623 4428 657 4465 co
680 4412 733 4479 rin]
760 4414 838 4463 Marc.
859 4414 939 4463 Laud.
963 4427 989 4475 q.
1013 4416 1038 4465 6.
1055 4426 1080 4463 ec
1096 4427 1139 4475 4ι.
1156 4415 1219 4465 silv.
1237 4417 1262 4465 d.
1279 4419 1334 4475 §.7
1362 4416 1448 4463 concl.
1468 4426 1493 4471 7.
1513 4425 1540 4461 et

360 4502 383 4565 §-
405 4516 444 4563 υ.
961 4560 981 4593 5
