3450 5434
432 660 494 737 276
724 677 771 720 uu
794 676 889 740 Junu
916 674 1315 722 runuuna.cnr.xr11.

432 828 587 894 civilibus
611 828 740 912 prodita
764 845 836 909 est,
861 830 905 895 ob
929 828 1124 913 legationem
1147 829 1354 895 violatam1‘3
1380 829 1474 916 Quid
1497 845 1609 896 autem

432 955 481 1007 est
504 941 666 1005 concitare
691 940 840 1005 bellum?
866 939 953 1004 Mari
977 956 1010 1005 et
1032 941 1194 1023 portubus
1219 959 1285 1005 non
1310 939 1511 1006 admittere?
1536 941 1609 1010 Lu-

431 1051 528 1116 sitani
564 1066 724 1132 quantum
759 1051 792 1114 in
828 1050 908 1133 ipsis
944 1066 1015 1131 est,
1057 1051 1152 1116 etiam
1187 1051 1396 1133 depulerunt.
1445 1051 1609 1117 Homines

432 1162 573 1244 capere?
598 1162 645 1226 At
669 1161 717 1226 illi
742 1177 855 1244 captos
878 1181 918 1227 ne
941 1161 1057 1226 redimi
1081 1161 1214 1243 quidem
1231 1163 1317 1244 passi
1331 1177 1419 1228 sunt.
1446 1162 1609 1227 Homines

431 1273 606 1339 occidere?
631 1273 734 1359 Quod
746 1273 811 1338 illis
822 1293 937 1354 parum
950 1271 1038 1352 fuit,
1062 1271 1125 1338 nisi
1139 1287 1213 1337 ante
1225 1272 1425 1338 cruciatibus
1437 1271 1608 1337 laniarent.

391 1375 395 1382 ’
431 1384 524 1449 bello
546 1403 743 1465 quemquam
776 1382 955 1465 appetere?
998 1382 1133 1468 Quanto
1166 1399 1273 1448 autem
1307 1383 1437 1450 saevius
1471 1385 1609 1450 allectos

432 1495 538 1578 specie
560 1495 650 1577 pacis
678 1493 893 1559 atrocioribus
916 1494 1034 1573 malis,
1059 1513 1155 1575 quam
1168 1495 1255 1559 bella
1266 1509 1412 1575 norunt,
1437 1495 1607 1578 affligere?

272 1621 314 1665 nx
337 1601 499 1672 namrsSed
521 1626 587 1672 non
612 1606 755 1670 onerabo
767 1606 894 1670 chartas
907 1605 1090 1687 repetendis
1113 1619 1265 1686 quaeant
1278 1605 1608 1687 ennarratione,aut

268 1686 294 1734 p.
320 1674 356 1720 II.
375 1688 420 1736 per

273 1738 412 1826 roff-cml
433 1737 472 1782 ex
492 1716 612 1799 privati
637 1715 714 1782 belli
737 1716 885 1780 examine
898 1715 1021 1782 hauriri
1033 1729 1196 1798 possunt,
1210 1735 1283 1781 cum
1298 1715 1432 1781 omnino
1446 1715 1532 1781 idem
1552 1718 1608 1800 jus

272 1835 418 1934 {33:232}-
433 1827 524 1911 quod
546 1827 636 1894 cives
659 1826 858 1905 habuerint,
883 1826 1034 1891 habuerit
1056 1847 1116 1908 pro
1140 1826 1271 1892 civibus
1293 1826 1490 1908 respublica.
1527 1826 1607 1909 Jure

286 1941 327 2041 fri.
346 1945 417 2041 2352:
433 1938 535 2023 igitur
557 1939 669 2004 hostes
690 1937 848 2002 Hollandi
872 1938 995 2002 habent
1018 1953 1050 2000 et
1073 1936 1276 2026 Philippum,
1289 1951 1321 2002 et
1345 1936 1554 2002 Castellanos
1576 1951 1608 2001 et

285 2049 321 2094 11·
432 2049 635 2129 Lusitanos,
666 2049 737 2114 suis
770 2068 936 2129 quemque
970 2048 1011 2113 de
1035 2049 1165 2128 causis,
1189 2048 1232 2113 ob
1257 2047 1394 2131 injurias
1418 2048 1544 2128 quibus
1566 2049 1606 2112 ab

432 2159 512 2240 ipsis
531 2159 638 2225 affecti
661 2175 750 2224 sunt.
775 2158 847 2242 Jam
870 2179 951 2226 vero
975 2157 1101 2224 etiamsi
1125 2158 1158 2224 in
1183 2158 1363 2223 Lusitanos
1374 2159 1484 2222 nullae
1498 2174 1608 2224 essent

431 2269 581 2352 propriae
613 2288 751 2349 causae,
783 2284 892 2334 tamen
922 2269 1067 2335 hostium
1100 2271 1174 2334 loco
1207 2289 1276 2334 esse
1309 2268 1607 2334 demonstravimus

266 2391 416 2504 paim:
431 2371 576 2445 hostium
599 2395 656 2445 aut
681 2380 811 2460 socios,
834 2395 892 2444 aut
922 2379 1088 2446 subditos.
1136 2381 1283 2445 Fuerunt
1317 2394 1424 2444 autem
1450 2379 1605 2446 Lusitani

271 2495 319 2543 nr.
429 2491 554 2557 subditi
576 2491 722 2574 Philippi
744 2491 889 2556 Secundi
914 2491 1000 2575 regis
1024 2505 1056 2554 et
1078 2509 1166 2557 nunc
1195 2505 1272 2556 sunt
1299 2489 1424 2555 subditi
1456 2489 1604 2572 Philippi

430 2601 562 2681 Tertii,
594 2602 653 2684 qui
683 2603 767 2685 patri
789 2601 823 2668 in
843 2621 979 2685 regnum
1011 2615 1044 2666 et
1062 2602 1184 2666 bellum
1206 2600 1396 2667 Batavicnm
1418 2601 1604 2667 successit:

285 2717 415 2783 ¹³²l1'1‘0r·
429 2713 469 2778 ad
492 2714 584 2794 quod
610 2714 733 2778 bellum
769 2713 865 2778 etiam
887 2712 1010 2776 tributa
1034 2711 1165 2775 illorum
1187 2709 1415 2776 conferuntur.
1463 2711 1551 2776 Sunt
1575 2727 1607 2776 et

429 2825 510 2891 socii
542 2824 804 2890 Castellanorum
832 2843 996 2904 opemque
1026 2837 1173 2887 mutuam
1204 2821 1362 2886 adversus
1383 2820 1527 2888 Batavos
1550 2838 1607 2887 aut

427 2949 613 3018 praestant,
637 2949 694 2999 aut
716 2933 916 3016 implorant,
941 2948 978 2998 ut
1002 2934 1034 2999 in
1059 2933 1161 2998 classe
1186 2932 1364 3015 Hispanica
1384 2932 1496 3015 patuit
1520 2949 1553 2998 et
1573 2935 1606 2998 in

428 3047 527 3112 rebus
556 3045 678 3111 Indicis
706 3058 871 3110 narratum
894 3058 955 3110 est.
1003 3043 1106 3130 Quod
1128 3058 1238 3108 autem
1262 3042 1402 3108 dicimus
1423 3043 1607 3109 Lusitanos

427 3158 539 3222 hostes
572 3175 665 3236 esse,
700 3155 733 3220 id
764 3173 831 3220 non
867 3154 976 3221 minus
999 3155 1039 3219 de
1063 3154 1224 3237 singulis,
1249 3172 1345 3236 quarn
1371 3152 1411 3218 de
1435 3154 1605 3236 republica

428 3267 677 3350 intelligendum
699 3266 842 3348 rationes
863 3265 1027 3330 declarant
1050 3264 1149 3330 toties
1169 3267 1236 3348 jam
1248 3263 1418 3347 positae¹‚
1444 3278 1483 3328 ut
1496 3264 1603 3329 iterari

289 3395 325 3439 a:
345 3396 494 3461 eugamon
526 3377 677 3442 debeant.
723 3377 849 3440 Bellum
881 3391 988 3440 autem
1022 3374 1061 3439 ab
1096 3373 1272 3440 Hollandis
1303 3388 1337 3438 et
1369 3374 1403 3439 in
1433 3375 1603 3441 Albanum

267 3448 325 3547 ἤι’
343 3461 414 3494 “¹¹⁶⁰
428 3508 502 3552 cum
516 3486 735 3565 Castellanis,
760 3501 792 3551 et
802 3507 879 3551 mox
892 3486 923 3551 in
938 3485 1148 3568 Philippum,
1173 3501 1206 3551 et
1218 3485 1251 3549 in
1265 3485 1447 3550 Lusitanos
1460 3485 1603 3567 denique

425 3601 516 3683 justo
551 3598 674 3678 modo,
710 3617 750 3663 ex
784 3595 987 3662 necessitatis
1022 3596 1148 3662 scilicet
1181 3598 1275 3680 lege,
1312 3611 1505 3678 susceptum
1542 3613 1600 3663 est.

268 3725 386 3825 nassouf.
395 3723 414 3770 1.
429 3709 643 3775 Ostendimus
663 3709 748 3773 enim
771 3709 800 3772 ei
824 3707 883 3788 qui
903 3707 988 3772 bello
1008 3707 1098 3789 prior
1119 3707 1310 3789 impetitur,
1334 3725 1396 3771 nec
1415 3706 1602 3791 clarigatio-

268 3790 341 3824 Μ’
373 3811 380 3823 '
427 3840 524 3899 nem,
558 3839 617 3884 nec
648 3818 813 3884 decretum
845 3835 916 3882 esse
948 3816 1178 3882 necessarium.
1227 3815 1334 3898 Atqui
1360 3817 1600 3898 apertissimum

429 3947 479 3997 cst
507 3931 676 3995 Albanum
704 3948 778 3993 cum
803 3928 951 3992 exercitu
974 3926 1238 3994 licentiosissimo
1262 3927 1480 3993 intervenisse
1507 3930 1601 3992 rebus

428 4062 467 4107 eo
491 4056 635 4123 tempore
655 4039 801 4121 pacatis,
827 4052 859 4102 et
872 4037 1061 4121 Philippum
1083 4058 1170 4102 arma
1190 4038 1344 4103 intulisse
1364 4037 1600 4119 batavis,cum

265 2770 335 2870 &IL
344 2783 415 2816 aruc.

461 4328 550 4373 ¹Sam.
568 4340 590 4372 a.
607 4337 630 4372 c.
652 4337 689 4371 10.
707 4335 732 4371 et
748 4325 816 4382 apud
841 4335 929 4370 omncs
954 4323 1101 4370 historicos.
1126 4324 1141 4369 l.
1162 4325 1207 4370 ult.
1232 4322 1258 4369 ff.
1284 4323 1315 4369 de
1339 4325 1415 4380 legat.
1444 4322 1489 4382 [D.
1508 4335 1547 4376 50.
1564 4319 1597 4382 7.]

424 4415 436 4448 ¹
460 4418 490 4464 ad
514 4419 539 4464 d.
562 4417 634 4463 artic.
660 4427 685 4462 a.
710 4417 740 4461 Et
766 4428 791 4461 v.
810 4426 887 4472 supra
912 4427 934 4459 c.
955 4425 993 4460 ra.
1012 4425 1116 4460 examen
1136 4425 1167 4460 cx
1186 4414 1277 4460 eodem
1295 4411 1424 4470 articulo,
1443 4423 1468 4458 ct
1488 4411 1552 4459 infra
1569 4424 1597 4458 er

426 4510 510 4555 conci.
529 4519 553 4564 7.
571 4506 642 4554 artic.
662 4517 684 4562 ³·
704 4518 762 4553 cum
779 4505 871 4552 coroll.
