3450 5434
321 625 362 701 84
591 637 637 683 nn
660 638 754 702 June.
782 636 964 682 rannone.
990 635 1070 681 car.
1094 636 1173 680 xrrr.

297 791 441 874 Principi
475 811 541 856 non
585 805 764 874 paruerunt
791 792 826 869 ¹,
871 789 948 870 quia
993 789 1219 855 auctoritatem
1252 811 1269 855 a
1301 792 1468 874 republica

298 902 475 986 profectam
498 902 626 967 violant
649 917 681 966 et
703 901 737 966 in
761 900 861 966 unius
882 919 1021 983 persona
1042 919 1109 966 non
1133 921 1256 983 unum,
1286 904 1344 970 sed
1367 919 1467 969 totam

297 1015 432 1080 laedunt
451 1015 651 1080 societatem.
676 1013 809 1095 Ipsique
832 1012 979 1077 diversae
1002 1011 1181 1077 sententiae
1205 1027 1355 1077 auctores
1373 1017 1385 1053 ²
1404 1013 1468 1096 ¹lroc

298 1145 364 1190 uno
395 1125 535 1208 probant
564 1125 687 1189 nullam
704 1126 825 1208 justam
845 1141 914 1189 esse
934 1141 1063 1187 causam
1085 1122 1241 1189 adversus
1260 1123 1466 1205 Principem,

299 1236 377 1318 quia
407 1237 497 1300 nulla
529 1235 573 1301 sit
601 1236 690 1318 justa
719 1234 877 1299 adversus
899 1233 1056 1316 patriam,
1090 1235 1276 1316 respublica
1306 1249 1412 1299 autem
1437 1248 1469 1298 et

298 1347 452 1429 Princeps
477 1346 560 1409 inter
591 1364 626 1409 se
658 1344 725 1409 sint
757 1344 1039 1428 conjunctissima.
1086 1345 1233 1412 Rebellis
1267 1345 1367 1428 igitur
1399 1363 1469 1408 esse

297 1472 368 1522 tota
386 1455 569 1538 respublica
588 1475 654 1520 non
673 1454 776 1539 magis
793 1470 882 1520 recte
902 1455 1044 1537 dicitur,
1070 1475 1167 1538 quam
1187 1455 1287 1522 horno
1307 1455 1468 1538 quispiam

298 1568 361 1636 sibi
385 1567 448 1651 ipsi
468 1565 573 1632 facere
596 1565 783 1650 injuriam³.
806 1566 921 1648 Atque
947 1566 1051 1648 adeo,
1074 1567 1102 1632 si
1126 1567 1208 1633 tanti
1233 1581 1342 1647 esset,
1367 1567 1468 1632 multa

299 1678 419 1772 referre
451 1697 579 1760 possem
615 1697 654 1743 ex
687 1676 776 1742 omni
811 1675 947 1742 historia
980 1678 1127 1760 exempla
1158 1680 1380 1760 populorum,
1410 1677 1470 1759 qui

299 1790 437 1872 imperio
461 1789 600 1872 alicujus
625 1807 762 1853 excusso
783 1787 817 1852 in
829 1787 1012 1852 libertatem
1026 1807 1059 1853 se
1072 1804 1304 1869 asseruerunt,
1329 1809 1469 1871 quorum

298 1917 405 1966 tamen
437 1900 564 1967 nullum
596 1900 749 1965 rebellem
784 1898 909 1964 dictum
942 1898 1088 1965 invenias
1106 1901 1129 1964 ⁴.
1176 1899 1277 1984 Quod
1300 1915 1407 1966 autern
1431 1921 1471 1965 ex

297 2013 371 2095 jure
394 2009 570 2076 Pontificio
592 2010 743 2075 nonnulli
764 2010 830 2075 huc
850 2009 1013 2090 afferunt,
1038 2011 1120 2075 effici
1139 2011 1233 2076 nullo
1253 2011 1351 2076 modo
1375 2030 1471 2093 posse

300 2137 375 2188 uta
393 2118 498 2204 capite
522 2121 663 2186 membra
687 2121 878 2200 discedant,
903 2120 1104 2203 ineptissime
1129 2122 1169 2187 ad
1192 2121 1275 2186 illud
1299 2122 1470 2204 imperium

301 2232 586 2311 accommodatur,
621 2231 713 2313 quod
743 2233 783 2296 ab
815 2231 1006 2298 hominibus
1033 2230 1216 2315 profectum
1241 2247 1311 2314 est,
1336 2253 1409 2298 cum
1434 2249 1471 2298 ut

300 2361 389 2411 recte
420 2343 589 2425 Vasquius
608 2344 620 2378 ⁸
640 2358 774 2408 annotat
804 2342 837 2410 in
867 2363 905 2410 eo
939 2343 1021 2408 nilril
1045 2346 1176 2425 obstet,
1202 2345 1381 2426 quominus
1403 2360 1473 2410 tota

299 2455 484 2539 respublica
515 2473 611 2520 suurn
644 2453 701 2519 fiat
732 2469 842 2537 caput.
891 2455 1093 2537 Respublica
1124 2455 1194 2520 sine
1227 2456 1378 2540 Principe
1402 2475 1471 2524 esse

299 2583 427 2652 potest:
451 2582 484 2633 at
506 2565 688 2649 Principem
711 2566 794 2631 nihil
817 2566 908 2631 aliud
932 2586 1029 2647 quarn
1062 2565 1260 2648 reipublicae
1291 2587 1472 2633 consensus

299 2679 387 2745 flacit.
433 2680 571 2768 Caetera
591 2698 692 2757 vero,
710 2696 794 2759 quae
817 2691 928 2742 contra
951 2679 1109 2760 populare
1132 2678 1275 2762 regimen
1299 2679 1473 2744 declamari

301 2792 425 2870 solent,
446 2790 528 2855 nihil
551 2791 618 2855 huc
639 2789 824 2871 pertinent,
848 2807 923 2852 cum
946 2807 1005 2854 nec
1029 2808 1124 2854 omne
1147 2790 1290 2874 regimen
1312 2793 1472 2873 populare

300 2901 456 2968 vitiosum
495 2903 562 2980 sit,
601 2920 662 2966 nec
701 2920 796 2966 omne
836 2899 907 2966 sine
939 2900 1090 2983 Principe
1122 2901 1265 2985 regimen
1298 2902 1471 2988 populare.

300 3014 416 3078 Altera
447 3027 555 3078 autern
577 3010 745 3076 distinctio
766 3012 805 3075 ab
839 3011 918 3094 ipsis
940 3025 1008 3092 est,
1031 3011 1088 3093 qni
1107 3011 1317 3095 Principibus
1337 3012 1473 3077 omnino

300 3139 333 3190 et
352 3143 477 3206 semper
495 3123 600 3205 pareri
619 3123 754 3187 volunt:
778 3121 895 3186 dicunt
923 3121 1007 3186 eninr
1034 3121 1096 3187 lroc
1115 3123 1223 3187 locunt
1243 3142 1308 3188 non
1328 3123 1473 3203 habere,

299 3235 362 3300 nisi
382 3253 455 3299 cum
475 3253 598 3297 merum
618 3246 717 3314 atque
735 3250 897 3297 summum
909 3246 959 3297 est
969 3232 1141 3316 imperium
1152 3233 1333 3316 Principis:
1359 3253 1472 3312 secus,

299 3346 328 3410 si
356 3345 417 3410 alia
445 3358 606 3427 potestate
634 3345 743 3427 legum
764 3359 822 3409 aut
842 3343 1089 3429 magistratuum
1111 3359 1305 3428 temperetur
1324 3343 1349 3412 ⁶.
1396 3347 1473 3433 Qua

301 3457 340 3521 de
352 3453 600 3521 causaRonrani
611 3452 775 3537 Volscos,
800 3454 961 3535 Latinos,
986 3457 1175 3546 Hispanos,
1199 3457 1351 3538 Poenos,
1376 3459 1472 3524 etiam

300 3583 370 3633 tum
402 3585 475 3630 curn
507 3565 652 3647 ipsorum
683 3579 789 3631 essent
818 3565 1022 3648 stipendiarii
1045 3583 1077 3632 et
1096 3566 1220 3634 tributa
1239 3569 1417 3651 penderent
1438 3585 1472 3635 et

300 3679 499 3762 majestatem
526 3677 642 3761 populi
670 3677 811 3742 Romani
841 3677 1017 3743 observare
1037 3693 1248 3760 tenerentur,
1273 3682 1313 3745 ab
1335 3680 1473 3763 irnperio

299 3789 520 3856 desciscentes
552 3808 618 3853 non
651 3803 688 3853 ut
719 3788 882 3868 rebelles,
916 3789 974 3856 sed
997 3805 1035 3855 ut
1057 3791 1224 3875 legitimos
1249 3794 1385 3874 hostes,
1418 3793 1475 3858 de·

301 3901 453 3968 nuntiato
477 3899 668 3981 indictoque
692 3900 780 3964 bello
803 3900 969 3982 persecuti
994 3916 1081 3967 sunt.
1127 3903 1217 3968 Pone
1239 3923 1279 3968 en
1301 3923 1365 3968 una
1384 3919 1474 3986 parte

299 4015 441 4098 ephoros
472 4010 774 4090 Lacedaemonios,
811 4027 960 4077 senatum
995 4012 1180 4078 Romanurn
1222 4029 1255 4078 et
1289 3996 1484 4080 Venetum?

304 4187 485 4200 ......—-—-

336 4298 392 4344 ¹V.
410 4300 427 4345 l.
443 4298 489 4345 ult.
507 4293 533 4342 u.
547 4296 578 4342 ad
596 4295 613 4341 1.
629 4295 677 4355 Jul.
696 4291 796 4351 majest.
816 4295 860 4355 [D.
873 4297 915 4355 48.
928 4294 966 4356 4.]
1004 4293 1109 4358 ’Ayala
1125 4299 1203 4347 lib.1.
1221 4313 1244 4347 c.
1263 4313 1327 4348 an.
1343 4313 1384 4350 aa.
1417 4299 1477 4350 8ν.

301 4389 379 4437 Arist.
394 4389 426 4435 de
443 4386 536 4435 morib.
551 4385 596 4433 lib.
614 4397 637 4440 s.
652 4397 675 4432 c.
694 4398 732 4434 ιι.
751 4385 776 4433 in
796 4384 855 4434 fine.
875 4387 915 4447 [p.
940 4389 1011 4445 1136.
1028 4389 1053 4436 b.
1070 4403 1109 4438 vs.
1126 4390 1179 4454 54⁴
1198 4390 1209 4422 ⁴
1227 4393 1258 4439 V.
1275 4392 1353 4453 vaeq.
1371 4407 1394 4442 c.
1412 4397 1435 4442 8.
1452 4409 1478 4442 n.

301 4493 340 4528 21.
358 4489 382 4525 et
401 4491 454 4537 seq.
488 4476 723 4538 ⁸d.c.8a.n.9.
756 4474 867 4536 ‘Ayala
885 4477 929 4527 lib.
954 4493 1014 4529 r.c.
1035 4493 1057 4528 a.
1074 4495 1099 4529 n.
1117 4483 1157 4531 26.
1176 4483 1201 4531 in
1220 4482 1281 4532 line.
