3450 5434
506 635 552 681 DE
575 635 669 700 June
696 634 879 681 Pannona.
905 636 984 682 can.
1009 636 1069 682 XV.
1312 637 1374 701 317

372 787 807 856 IV.Urrenrnncc1eur
834 809 1019 857 enonessr
1047 809 1170 856 socrrs.

373 927 416 991 V.
448 924 573 991 Urna
595 945 804 992 PRAEOEPUE
831 947 981 993 nocane
1008 946 1196 993 nosrmus.

373 1060 575 1128 VLUrrer.
601 1081 696 1132 ouon
723 1082 873 1129 rncrcn.

199 1199 296 1264 Pans
312 1198 357 1264 ΙΙ.
372 1197 530 1264 Urinam
552 1218 635 1264 esse
661 1219 835 1265 renense
862 1220 976 1286 rruJus
1000 1220 1276 1268 POSSESSIONEM.

689 1335 889 1401 Eernocus.

243 1643 314 1727 Jam
336 1643 376 1708 de
395 1642 469 1707 utili
489 1643 659 1709 videamus
683 1646 758 1710 loco
780 1660 959 1728 postremo.
1005 1647 1083 1711 Non
1106 1646 1222 1712 dubito
1246 1663 1375 1730 autem,

205 1753 285 1836 quin
305 1753 456 1819 futurum
479 1753 522 1819 sit
541 1770 579 1820 ut
597 1755 710 1822 multis
728 1757 807 1821 haec
825 1756 975 1822 tractatio
994 1777 1194 1841 supervacua
1207 1756 1376 1839 videatur,

205 1867 262 1948 qui
283 1887 356 1932 cum
379 1866 554 1933 utilitatem
575 1866 675 1932 lucris
697 1867 896 1948 metiantur,
916 1868 1076 1934 neminem
1099 1869 1263 1951 putabunt
1284 1869 1377 1954 igno-

204 1999 295 2060 rare,
320 1999 417 2061 quam
448 1978 493 2044 sit
523 1978 612 2044 utilis
641 1979 778 2061 praedae
800 1981 1024 2064 comparatio,
1049 1981 1137 2046 unde
1158 1981 1204 2046 rei
1226 1979 1377 2047 familiari

204 2104 329 2157 tantum
362 2090 507 2156 accedat.
552 2090 677 2156 Verum
709 2111 794 2176 ego,
828 2092 886 2175 qui
919 2092 964 2158 ita
987 2093 1120 2176 accepi,
1156 2113 1224 2158 eam
1247 2093 1377 2159 demum
1390 2102 1487 2148 Parss·

203 2222 312 2267 veram
346 2221 415 2267 esse
450 2201 649 2282 utilitatem,
674 2224 758 2285 quae
789 2205 828 2268 ab
860 2206 1000 2272 honesto
1029 2220 1061 2271 et
1086 2205 1177 2291 justo
1200 2225 1377 2287 numquam

203 2314 408 2398 sejungitur,
433 2313 520 2379 sicut
531 2313 591 2380 ista
603 2313 630 2380 si
644 2316 817 2397 abessent,
841 2317 983 2383 hominis
997 2317 1211 2385 existimarem
1225 2317 1378 2403 profliga-

205 2425 321 2490 tissimi
344 2425 518 2491 utilitatem
539 2441 727 2508 ostentare,
753 2428 799 2493 ita
821 2449 908 2494 nunc
927 2449 1002 2494 cum
1026 2429 1157 2511 adsint,
1183 2432 1265 2495 hanc
1282 2428 1377 2495 etiam

204 2557 270 2604 non
305 2537 457 2619 aliunde,
491 2559 586 2620 quam
620 2559 658 2604 ex
689 2539 754 2604 illis
787 2540 1002 2606 derivaverim
1023 2545 1045 2607 ¹.
1092 2540 1178 2604 Nam
1209 2556 1242 2605 et
1267 2541 1378 2606 alibi²

204 2649 409 2716 ostendimus
439 2651 604 2716 hominem
632 2651 759 2735 justum
783 2654 836 2717 vel
862 2651 1035 2735 praecipue
1057 2651 1120 2718 sibi
1146 2651 1260 2718 utilem
1285 2669 1536 2733 emmerammi.

204 2763 290 2827 unde
320 2777 352 2827 et
381 2762 474 2828 Plato
498 2762 699 2848 injustitiae
722 2763 876 2830 laudibus
898 2770 909 2804 ³
932 2783 998 2830 non
1028 2765 1125 2828 modo
1150 2763 1285 2848 gloriam
1308 2764 1378 2830 sive

203 2877 349 2955 εὐδοξίαν,
381 2875 493 2940 sedet
515 2876 717 2957 voluptatem
744 2874 814 2940 sive
842 2875 1017 2941 utilitatem
1040 2876 1247 2959 spectandam
1270 2891 1378 2959 putat.

205 2985 363 3051 Similiter
383 2986 424 3051 ad
443 2987 617 3052 honestum
636 2988 727 3068 quod
746 2987 885 3068 attinet,
904 2988 975 3054 sive
994 2989 1057 3054 hoc
1077 2987 1184 3071 ipsum
1205 3007 1279 3054 cum
1304 2988 1378 3053 utili
1392 3015 1513 3062 Probum

204 3097 385 3164 necessario
407 3099 622 3183 conjunctum
645 3118 797 3181 perversa
821 3101 978 3181 quaedam
1002 3116 1034 3166 et
1055 3121 1132 3166 vere
1157 3100 1301 3165 humano
1326 3120 1378 3185 ge·
1393 3073 1424 3114 '¹'

205 3208 275 3274 neri
298 3209 430 3276 funesta
453 3211 536 3276 ratio
560 3211 722 3291 divulsit,
746 3211 870 3278 sivein
893 3213 1021 3278 cunctis
1042 3232 1124 3294 quae
1148 3212 1242 3277 utilia
1264 3212 1377 3278 dicun-

206 3338 283 3402 tur,
307 3323 342 3388 id
365 3324 456 3405 quod
477 3323 653 3390 honestum
676 3338 726 3390 est
746 3323 877 3389 excellit
900 3325 1037 3390 maxime
1067 3339 1100 3390 et
1121 3325 1378 3408 praeponderat,

206 3435 289 3500 illud
319 3453 395 3500 sane
419 3435 504 3501 inter
531 3455 668 3516 omnes,
702 3436 761 3518 qui
794 3436 900 3502 bonos
923 3458 957 3504 se
985 3436 1096 3502 haberi
1118 3438 1259 3517 volunt,
1283 3434 1380 3502 facile

206 3547 392 3626 constabit,
416 3567 476 3613 nec
509 3547 689 3630 quidquam
720 3549 811 3630 quod
834 3564 929 3631 turpe
953 3562 1024 3629 est,
1048 3569 1159 3614 revera
1183 3549 1264 3614 utile
1288 3567 1378 3630 esse,

205 3677 264 3724 nec
297 3659 478 3741 quidquam
512 3661 603 3742 quod
634 3661 809 3725 honestum
838 3674 910 3739 est,
939 3680 1004 3725 non
1036 3661 1099 3725 hoc
1123 3661 1195 3742 ipso
1217 3660 1378 3743 expedire.

206 3771 313 3856 Quam
344 3770 377 3835 in
408 3787 530 3855 partem
562 3772 702 3856 plurima
726 3793 744 3836 a
768 3771 885 3836 Tullio
913 3771 1105 3836 Officiorum
1137 3770 1260 3837 libris*
1292 3771 1378 3837 dicta

205 3898 305 3962 sunt,
341 3884 428 3966 apud
451 3904 548 3967 quem
573 3899 606 3950 et
628 3885 708 3949 haec
732 3883 900 3951 invenitur
924 3882 1179 3968 argumentatio:
1215 3882 1382 3968 quidquid

195 3997 328 4079 justum
362 4011 408 4061 est
440 3995 479 4061 id
509 3997 615 4062 utile:
649 3996 738 4082 quod
764 4011 875 4062 autem
900 3998 1067 4062 honestum
1091 3995 1175 4062 idem
1200 4008 1230 4060 et
1245 3996 1378 4080 justum

206 4122 274 4172 est:
299 4129 339 4172 ex
363 4129 426 4193 quo
449 4110 589 4196 efficitur
613 4124 651 4173 ut
675 4109 843 4194 quidquid
863 4111 1031 4174 honestum
1046 4121 1112 4188 est,
1132 4106 1378 4174 idemtitutil.

207 4303 397 4312 —-—-—..

241 4406 300 4454 ¹ex
327 4419 383 4467 cap.
411 4420 450 4454 12.
474 4419 513 4463 ¹³·
530 4418 556 4456 et
575 4419 613 4468 14
647 4405 749 4467 ²supra
766 4406 791 4454 in
810 4421 866 4466 cap.
887 4420 908 4454 1.
925 4418 949 4455 et
969 4407 1052 4467 princ.
1073 4419 1130 4466 cap.
1146 4419 1170 4454 a.
1205 4401 1260 4453 ’in
1277 4403 1379 4465 dialogo

208 4499 240 4546 de
257 4495 334 4555 justo.
368 4497 379 4530 ⁴
396 4497 442 4546 lib.
457 4510 482 4556 a.
498 4497 590 4560 passim
608 4509 633 4546 et
649 4497 695 4546 lib.
712 4511 736 4557 3.
755 4500 787 4546 de
805 4496 878 4545 finib.
897 4497 934 4559 [c.
952 4511 993 4546 ar.
1010 4501 1032 4556 5.
1049 4497 1103 4558 71.]
