3450 5434
373 656 434 716 114
670 650 717 697 DE
740 648 834 716 JURE
859 646 1043 694 PRAEDAE.
1067 644 1146 693 CAP.
1171 644 1252 693 vlll.

369 829 465 873 usum
486 807 630 884 habent,
650 803 740 869 hosti
762 800 979 867 transmiserit
999 806 1032 881 ¹,
1054 802 1181 885 justum
1206 803 1331 873 bellum
1353 804 1478 887 gerenti
1491 819 1546 868 ea-

369 932 465 983 tenus
488 915 676 1000 oingatur,
700 929 864 996 quatenus
887 911 990 978 videri
1012 927 1121 995 potest
1142 928 1200 978 aut
1220 914 1337 979 damno
1359 914 1547 996 insequenti

370 1046 499 1093 causam
522 1025 673 1104 dedisse,
697 1039 754 1089 aut
774 1026 845 1107 eius
864 1022 958 1104 quod
977 1038 1052 1089 ante
1071 1022 1183 1088 datum
1204 1039 1272 1089 erat
1291 1022 1547 1091 satisfactionem

370 1136 597 1219 impedivisse.
645 1135 731 1200 Cum
761 1133 847 1199 enim
873 1133 998 1199 facturn
1021 1132 1125 1215 ipsius
1148 1134 1235 1199 bello
1260 1133 1303 1199 sit
1326 1134 1550 1199 accommoda-

370 1265 465 1329 tum,
498 1267 563 1311 non
597 1260 646 1311 cst
677 1260 767 1310 extra
802 1248 955 1327 culpam,
987 1244 1045 1325 qui
1078 1264 1194 1309 causae
1225 1244 1365 1327 injustae
1397 1244 1551 1325 quamvis

372 1357 560 1440 imprudens
577 1355 748 1421 adstitit²:
767 1354 882 1421 similis
902 1354 952 1420 illi
968 1354 1117 1434 scilicet,
1142 1355 1200 1435 qui
1223 1354 1404 1420 debitorem
1425 1354 1551 1421 miseri·

372 1469 482 1534 cordia
503 1483 614 1533 motus
636 1466 758 1532 carceri
780 1465 922 1545 exemit,
942 1480 1000 1530 aut
1022 1486 1076 1529 reo
1089 1464 1198 1549 fugam
1209 1464 1423 1547 monstravit,
1443 1480 1501 1531 aut
1516 1465 1551 1531 iu

372 1583 507 1665 causa†
519 1626 883 1643 .................
894 1574 963 1641 litis
976 1575 1160 1658 patrono³,
1184 1595 1269 1657 quos
1281 1596 1394 1643 omnes
1405 1576 1446 1642 ad
1456 1577 1553 1643 resti·

373 1690 534 1755 tutionem
555 1687 747 1769 simpliciter
769 1685 907 1770 obligari
932 1700 1084 1753 constans
1107 1685 1308 1752 eruditorum
1318 1686 1480 1752 sententia
1491 1702 1551 1755 est

373 1800 421 1864 Et
439 1799 504 1865 hoc
524 1813 572 1865 est
593 1797 684 1879 quod
704 1797 944 1862 Amalasuntha
965 1795 1186 1881 *Justiniano
1209 1797 1384 1879 respondet
1405 1798 1551 1863 hostium

373 1911 449 1975 loco
482 1927 574 1988 esse,
607 1907 664 1989 qui
696 1906 785 1972 hosti
818 1906 858 1972 ad
888 1908 1011 1972 bellurn
1043 1906 1223 1971 necessaria
1255 1906 1507 1975 subministrant
1525 1909 1551 1974 ⁴.

376 2019 435 2085 Sin
463 2036 586 2083 merces
618 2016 780 2101 ejusmodi
811 2015 956 2099 fuerint,
990 2038 1073 2099 quae
1104 2038 1162 2100 per
1189 2036 1224 2083 se
1245 2018 1332 2083 bello
1359 2037 1424 2083 non
1450 2018 1553 2085 inser-

334 2170 345 2185 --
375 2128 496 2209 viunt,
530 2127 586 2193 sed
623 2142 730 2192 tamen
764 2128 848 2210 parti
883 2127 1024 2211 injustae
1058 2127 1135 2193 belli
1171 2127 1204 2193 in
1239 2130 1375 2212 longum
1409 2126 1553 2195 ducendi

377 2251 541 2322 praestant
561 2236 787 2318 occasionem,
811 2237 840 2302 si
861 2238 993 2318 quidem
1016 2252 1177 2304 travector
1209 2237 1290 2302 scire
1321 2239 1384 2304 hoc
1417 2237 1554 2319 debuit,

379 2347 466 2414 idern
487 2348 659 2414 dicendum
681 2363 739 2413 est.
784 2347 922 2430 Alioqui
943 2367 1009 2413 non
1030 2363 1080 2415 est
1099 2348 1265 2431 putandus
1286 2347 1320 2413 in
1341 2351 1436 2431 culpa
1461 2368 1554 2429 esse,

377 2457 442 2524 nisi
465 2478 482 2523 a
505 2458 672 2539 republica
701 2459 829 2543 justum
860 2459 984 2524 bellum
1013 2474 1143 2543 gerente
1173 2460 1238 2525 hoc
1269 2458 1375 2542 ipsum
1407 2458 1554 2525 illitum

375 2567 524 2651 justitiae
546 2568 822 2637 demonstratione
843 2569 1069 2635 denuntiatum
1092 2570 1169 2637 sit⁸.
1191 2571 1429 2655 Argumentum
1452 2572 1555 2654 hujus

379 2676 602 2743 distinctionis
635 2678 761 2746 illustre
791 2700 831 2746 ex
854 2680 977 2746 Seneca
996 2676 1008 2712 ⁸
1028 2679 1139 2764 colligi
1161 2695 1295 2764 potest,
1318 2680 1376 2763 qui
1400 2679 1556 2765 ingratia

378 2818 575 2830 -n———un-

413 2884 421 2916 ¹
441 2887 473 2933 V.
493 2899 517 2935 c.
536 2885 572 2933 ita
588 2890 763 2946 quorumdam.
777 2900 803 2937 et
819 2901 843 2937 c.
858 2891 890 2937 ad
907 2888 1071 2938 liberandam.
1088 2890 1120 2939 de
1137 2886 1247 2951 Judaeis.
1267 2886 1405 2951 [Decretal.
1424 2900 1447 2945 s.
1462 2888 1520 2939 do.
1530 2900 1556 2936 et

380 2987 404 3031 ⁵·
423 2974 514 3037 6.17.]
534 2977 552 3022 l.
570 2989 594 3023 a.
612 2977 642 3024 C.
659 2990 724 3036 quae
741 2990 781 3025 res
800 2990 901 3038 export.
920 2992 972 3027 non
991 2979 1049 3027 deb.
1069 2976 1111 3041 [c.
1120 2992 1144 3040 4.
1154 2976 1208 3041 4r.]
1244 2974 1325 3027 ’Silu
1334 2978 1361 3027 io
1371 2994 1396 3027 v.
1405 2978 1557 3028 Restitutio.

379 3080 405 3125 p.
424 3078 447 3122 s.
465 3068 488 3123 ς.
508 3078 548 3112 ιι.
563 3076 673 3113 sextum.
692 3077 716 3112 et
733 3067 878 3124 septimum.
913 3066 925 3098 ⁸
942 3068 1004 3116 Silv.
1020 3068 1046 3116 in
1061 3068 1334 3129 v.Advocatus.§.16.
1351 3067 1556 3128 ⁴Procop.Bell.

380 3156 468 3202 Gotth.
483 3156 502 3200 l.
520 3165 544 3201 1.
564 3152 631 3216 [voi.
655 3164 676 3200 t.
694 3167 719 3212 p.
739 3166 796 3209 315·
813 3168 836 3203 c.
855 3153 893 3217 d.]
929 3154 939 3186 ⁵
956 3157 988 3203 V.
1006 3169 1029 3204 c.
1047 3155 1210 3217 significavit.
1230 3170 1287 3206 cum
1305 3170 1328 3205 c.
1346 3160 1416 3217 quod
1434 3158 1505 3206 olim.
1523 3160 1556 3207 de

379 3245 438 3306 Jud.
458 3242 596 3305 [Decretal.
615 3254 639 3298 5.
657 3244 683 3290 ό.
704 3256 742 3291 ιι.
759 3255 785 3291 et
805 3244 857 3305 ra]
877 3255 902 3292 et
921 3246 1025 3295 Extrav.
1040 3248 1071 3294 de
1088 3247 1146 3308 Jud.
1166 3247 1282 3308 [Extrav.
1293 3250 1315 3295 8.
1328 3248 1362 3309 1.]
1386 3249 1416 3296 C.
1433 3262 1498 3308 quae
1515 3260 1556 3298 res

381 3345 440 3381 ven.
460 3344 512 3379 non
533 3344 603 3391 poss.
625 3343 650 3380 et
670 3346 735 3392 quae
750 3346 790 3382 res
809 3346 909 3394 export.
929 3348 954 3383 et
972 3338 1004 3384 de
1022 3336 1193 3385 commerciis.
1211 3351 1258 3399 per
1274 3349 1344 3387 totos
1360 3338 1449 3387 titulos
1469 3336 1513 3401 [C.
1531 3352 1558 3399 4.

379 3433 523 3483 40.41.et
541 3420 596 3485 om]
616 3421 695 3470 Wilb.
713 3424 793 3471 Math.
811 3423 929 3472 debello
946 3423 1024 3483 justo.
1042 3440 1095 3487 req.
1115 3440 1138 3475 a.
1156 3440 1181 3487 p.
1200 3440 1224 3475 a.
1243 3427 1254 3461 ⁶
1272 3429 1304 3476 dc
1321 3428 1406 3477 benef.
1423 3431 1440 3476 1.
1450 3440 1473 3486 7.
1483 3441 1506 3476 c.
1516 3441 1558 3483 ιο.

414 3512 429 3572 †
449 3510 519 3575 [Hoc
534 3513 594 3559 loco
610 3511 659 3559 tria
674 3515 717 3561 vel
733 3525 842 3573 quatuor
858 3515 938 3564 verba
954 3514 980 3563 in
999 3516 1163 3575 manuscripti
1181 3518 1291 3577 margine
1307 3520 1390 3566 deleta
1404 3530 1470 3567 sunt.
1488 3516 1558 3582 Quid

383 3600 487 3650 Grotius
504 3599 634 3661 scripserit
649 3615 663 3650 e
677 3602 777 3652 levibus
793 3617 856 3664 quae
871 3616 1006 3665 supersunt
1021 3606 1135 3666 vestigiis
1150 3606 1266 3666 expediri
1281 3620 1333 3654 non
1348 3618 1441 3667 potest.
1458 3610 1559 3657 Auctor

381 3690 438 3751 ipse
460 3690 488 3738 in
510 3704 589 3751 opere
611 3692 641 3740 ds
658 3691 721 3754 jura
740 3692 798 3742 belli
819 3702 846 3742 et
865 3694 953 3758 paris,
981 3708 1037 3743 ιιι.
1063 3708 1084 3743 1.
1108 3708 1131 3752 s.
1154 3696 1180 3744 in
1203 3696 1332 3746 consimili
1353 3710 1427 3745 causa
1442 3700 1560 3758 exempla

381 3780 468 3838 affert,
486 3780 578 3839 quibus
592 3782 636 3829 hic
650 3796 753 3843 quoque
766 3783 860 3842 utitur,
879 3784 1002 3833 debitoris
1018 3784 1114 3833 carceri
1123 3786 1217 3834 exemti
1225 3798 1252 3833 et
1259 3786 1296 3834 rei
1306 3785 1348 3835 coi
1355 3785 1414 3846 fuga
1421 3798 1560 3836 monstrata

382 3883 435 3932 est,
451 3872 498 3919 sed
511 3883 568 3920 curn
580 3871 682 3919 tertium
694 3876 837 3934 exemplum
852 3873 980 3936 omiserit,
999 3875 1042 3923 illa
1056 3876 1132 3924 nobis
1147 3878 1230 3924 lucem
1245 3878 1339 3924 nullam
1360 3875 1481 3935 praebere
1499 3889 1560 3937 pos·

381 3972 449 4010 sunt.
468 3961 602 4021 Silvester,
619 3958 692 4017 cujus
707 3966 831 4011 Summam
846 3963 951 4013 Grotius
966 3968 1055 4025 allegat
1069 3964 1096 4013 in
1111 3981 1136 4015 v.
1150 3968 1308 4014 Advocatus.
1322 3969 1344 4024 ς.
1363 3966 1561 4017 16.haecverba

381 4051 472 4111 habet,
483 4063 548 4111 quae
564 4051 668 4100 Grotius
682 4065 810 4113 spectasse
824 4053 941 4104 videtur:
955 4056 1093 4105 advocatus
1102 4064 1203 4105 tenetur
1210 4056 1245 4103 ad
1250 4055 1434 4105 restitutionem
1443 4057 1563 4116 omnium,

383 4154 446 4203 quae
460 4139 515 4198 illi,
530 4150 620 4189 contra
636 4155 696 4203 quos
710 4143 867 4205 aduocabat,
881 4153 989 4209 propter
1004 4146 1083 4209 ipsius
1094 4146 1262 4210 patrocinium
1275 4144 1369 4207 injuste
1381 4146 1543 4211 amiternen]

416 4229 430 4258 ⁸
450 4230 643 4291 [amalasuntha
659 4234 725 4292 apud
742 4234 898 4295 Procopium
914 4248 968 4284 non
986 4236 1049 4286 dicit
1066 4236 1147 4285 hostis
1165 4239 1225 4285 loco
1244 4248 1315 4297 esse,
1331 4236 1374 4296 qui
1392 4237 1460 4285 hosti
1469 4250 1561 4287 neces·

381 4319 446 4368 saria
472 4320 661 4382 subministret,
679 4324 724 4371 sed
748 4335 837 4371 contra
854 4324 921 4386 socii
940 4336 965 4373 et
985 4325 1060 4374 amici
1077 4325 1180 4374 nomine
1197 4326 1299 4387 dignum
1315 4324 1416 4384 videri,
1435 4325 1478 4387 qui
1497 4330 1560 4377 alte-

381 4422 437 4458 rum
459 4409 486 4457 in
510 4411 580 4459 bello
604 4411 657 4460 suis
680 4412 773 4473 opibus
793 4412 875 4470 iuvet.
909 4416 966 4475 lpsa
988 4415 1056 4464 enim
1070 4415 1211 4478 Justiniano
1228 4418 1279 4464 hoc
1293 4418 1371 4465 modo
1386 4417 1515 4466 adstiterat
1533 4418 1560 4465 in

382 4500 451 4547 bello
468 4498 523 4557 eius
537 4504 656 4552 adversus
676 4502 828 4566 vandalos]
