<?xml version="1.0" encoding="UTF-8"?>
<!DOCTYPE html PUBLIC "-//W3C//DTD XHTML 1.0 Transitional//EN"
    "http://www.w3.org/TR/xhtml1/DTD/xhtml1-transitional.dtd">
<html xmlns="http://www.w3.org/1999/xhtml" xml:lang="en" lang="en">
 <head>
  <title>
</title>
<meta http-equiv="Content-Type" content="text/html;charset=utf-8" />
  <meta name='ocr-system' content='tesseract 3.04.00' />
  <meta name='ocr-capabilities' content='ocr_page ocr_carea ocr_par ocr_line ocrx_word'/>
</head>
<body>
  <div class='ocr_page' id='page_1' title='image "./ledroitdeprised02hamagoog_0277.png"; bbox 0 0 3450 5434; ppageno 0'>
   <div class='ocr_carea' id='block_1_1' title="bbox 500 636 1371 709">
    <p class='ocr_par' dir='ltr' id='par_1_1' title="bbox 500 636 1371 709">
     <span class='ocr_line' id='line_1_1' title="bbox 500 636 1371 709; baseline -0.001 -21"><span class='ocrx_word' id='word_1_1' title='bbox 500 642 549 689; x_wconf 83' lang='lat' dir='ltr'><strong>DE</strong></span> <span class='ocrx_word' id='word_1_2' title='bbox 571 641 666 709; x_wconf 70' lang='lat' dir='ltr'><strong>June</strong></span> <span class='ocrx_word' id='word_1_3' title='bbox 691 640 874 688; x_wconf 72' lang='lat' dir='ltr'><strong>PRABDAE.</strong></span> <span class='ocrx_word' id='word_1_4' title='bbox 899 642 979 689; x_wconf 80' lang='lat' dir='ltr'><strong>CAP.</strong></span> <span class='ocrx_word' id='word_1_5' title='bbox 1003 640 1068 689; x_wconf 86' lang='lat' dir='ltr'><strong>xu.</strong></span> <span class='ocrx_word' id='word_1_6' title='bbox 1308 636 1371 704; x_wconf 72' lang='lat'><strong>255</strong></span> 
     </span>
    </p>
   </div>
   <div class='ocr_carea' id='block_1_2' title="bbox 191 795 1531 3787">
    <p class='ocr_par' dir='ltr' id='par_1_2' title="bbox 191 795 1531 3231">
     <span class='ocr_line' id='line_1_2' title="bbox 191 795 1529 901; baseline -0.001 -39"><span class='ocrx_word' id='word_1_7' title='bbox 191 795 336 862; x_wconf 86' lang='lat' dir='ltr'><strong>barbaris</strong></span> <span class='ocrx_word' id='word_1_8' title='bbox 359 796 471 863; x_wconf 88' lang='lat' dir='ltr'><strong>datum</strong></span> <span class='ocrx_word' id='word_1_9' title='bbox 492 811 554 866; x_wconf 89' lang='lat' dir='ltr'><strong>est.</strong></span> <span class='ocrx_word' id='word_1_10' title='bbox 597 796 726 861; x_wconf 86' lang='lat' dir='ltr'><strong>Ultima</strong></span> <span class='ocrx_word' id='word_1_11' title='bbox 747 810 796 862; x_wconf 91' lang='lat' dir='ltr'><strong>est</strong></span> <span class='ocrx_word' id='word_1_12' title='bbox 816 816 939 879; x_wconf 84' lang='lat' dir='ltr'><strong>poenae</strong></span> <span class='ocrx_word' id='word_1_13' title='bbox 958 796 1151 879; x_wconf 81' lang='lat' dir='ltr'><strong>persecutio</strong></span> <span class='ocrx_word' id='word_1_14' title='bbox 1177 795 1262 861; x_wconf 88' lang='lat' dir='ltr'><strong>Nam</strong></span> <span class='ocrx_word' id='word_1_15' title='bbox 1277 796 1370 878; x_wconf 88' lang='lat' dir='ltr'><strong>quis·</strong></span> <span class='ocrx_word' id='word_1_16' title='bbox 1383 801 1491 901; x_wconf 41' lang='lat' dir='ltr'><strong>&amp;leeg</strong></span> <span class='ocrx_word' id='word_1_17' title='bbox 1508 816 1529 901; x_wconf 73' lang='lat'><strong>{¹</strong></span> 
     </span>
     <span class='ocr_line' id='line_1_3' title="bbox 193 889 1531 1024; baseline -0.001 -49"><span class='ocrx_word' id='word_1_18' title='bbox 193 907 270 990; x_wconf 89' lang='lat' dir='ltr'><strong>quis</strong></span> <span class='ocrx_word' id='word_1_19' title='bbox 295 908 419 973; x_wconf 89' lang='lat' dir='ltr'><strong>bellum</strong></span> <span class='ocrx_word' id='word_1_20' title='bbox 443 908 528 993; x_wconf 82' lang='lat' dir='ltr'><strong>gerit</strong></span> <span class='ocrx_word' id='word_1_21' title='bbox 552 908 658 974; x_wconf 88' lang='lat' dir='ltr'><strong>sciens</strong></span> <span class='ocrx_word' id='word_1_22' title='bbox 682 909 867 993; x_wconf 85' lang='lat' dir='ltr'><strong>injustum,</strong></span> <span class='ocrx_word' id='word_1_23' title='bbox 890 929 964 975; x_wconf 90' lang='lat' dir='ltr'><strong>cum</strong></span> <span class='ocrx_word' id='word_1_24' title='bbox 986 908 1157 989; x_wconf 85' lang='lat' dir='ltr'>delinquat</span> <span class='ocrx_word' id='word_1_25' title='bbox 1180 908 1368 991; x_wconf 81' lang='lat' dir='ltr'><strong>gravissime</strong></span> <span class='ocrx_word' id='word_1_26' title='bbox 1378 891 1476 1024; x_wconf 36' lang='lat' dir='ltr'><strong>{mun</strong></span> <span class='ocrx_word' id='word_1_27' title='bbox 1495 889 1531 956; x_wconf 53' lang='lat'><strong>⁵¹¹2</strong></span> 
     </span>
     <span class='ocr_line' id='line_1_4' title="bbox 193 1018 1370 1104; baseline 0 -19"><span class='ocrx_word' id='word_1_28' title='bbox 193 1020 309 1086; x_wconf 88' lang='lat' dir='ltr'><strong>merito</strong></span> <span class='ocrx_word' id='word_1_29' title='bbox 336 1019 447 1103; x_wconf 91' lang='lat' dir='ltr'><strong>puniri</strong></span> <span class='ocrx_word' id='word_1_30' title='bbox 477 1020 573 1085; x_wconf 86' lang='lat' dir='ltr'><strong>etiam</strong></span> <span class='ocrx_word' id='word_1_31' title='bbox 604 1021 724 1100; x_wconf 88' lang='lat' dir='ltr'><strong>debet,</strong></span> <span class='ocrx_word' id='word_1_32' title='bbox 756 1041 798 1085; x_wconf 90' lang='lat' dir='ltr'><strong>ne</strong></span> <span class='ocrx_word' id='word_1_33' title='bbox 829 1020 954 1103; x_wconf 87' lang='lat' dir='ltr'><strong>peccati</strong></span> <span class='ocrx_word' id='word_1_34' title='bbox 983 1018 1175 1104; x_wconf 85' lang='lat' dir='ltr'>magnitudo</span> <span class='ocrx_word' id='word_1_35' title='bbox 1204 1018 1370 1102; x_wconf 82' lang='lat' dir='ltr'>peccatori</span> 
     </span>
     <span class='ocr_line' id='line_1_5' title="bbox 192 1130 1369 1217; baseline -0.001 -21"><span class='ocrx_word' id='word_1_36' title='bbox 192 1131 411 1215; x_wconf 84' lang='lat' dir='ltr'>patrocinium</span> <span class='ocrx_word' id='word_1_37' title='bbox 428 1146 580 1214; x_wconf 86' lang='lat' dir='ltr'><strong>praestet.</strong></span> <span class='ocrx_word' id='word_1_38' title='bbox 625 1132 712 1197; x_wconf 88' lang='lat' dir='ltr'><strong>Sunt</strong></span> <span class='ocrx_word' id='word_1_39' title='bbox 731 1147 838 1198; x_wconf 90' lang='lat' dir='ltr'><strong>autem</strong></span> <span class='ocrx_word' id='word_1_40' title='bbox 862 1150 975 1217; x_wconf 84' lang='lat' dir='ltr'><strong>graves</strong></span> <span class='ocrx_word' id='word_1_41' title='bbox 997 1150 1100 1196; x_wconf 88' lang='lat' dir='ltr'>noxae</span> <span class='ocrx_word' id='word_1_42' title='bbox 1113 1130 1369 1211; x_wconf 78' lang='lat' dir='ltr'><strong>Lusitanorum,</strong></span> 
     </span>
     <span class='ocr_line' id='line_1_6' title="bbox 194 1242 1530 1327; baseline -0.002 -17"><span class='ocrx_word' id='word_1_43' title='bbox 194 1264 277 1325; x_wconf 90' lang='lat' dir='ltr'><strong>quas</strong></span> <span class='ocrx_word' id='word_1_44' title='bbox 307 1242 425 1326; x_wconf 87' lang='lat' dir='ltr'><strong>partim</strong></span> <span class='ocrx_word' id='word_1_45' title='bbox 453 1243 655 1326; x_wconf 83' lang='lat' dir='ltr'><strong>interpositis</strong></span> <span class='ocrx_word' id='word_1_46' title='bbox 690 1244 786 1324; x_wconf 90' lang='lat' dir='ltr'><strong>aliis,</strong></span> <span class='ocrx_word' id='word_1_47' title='bbox 810 1244 927 1327; x_wconf 84' lang='lat' dir='ltr'><strong>partim</strong></span> <span class='ocrx_word' id='word_1_48' title='bbox 958 1259 991 1310; x_wconf 93' lang='lat' dir='ltr'><strong>et</strong></span> <span class='ocrx_word' id='word_1_49' title='bbox 1021 1243 1083 1327; x_wconf 90' lang='lat' dir='ltr'><strong>ipsi</strong></span> <span class='ocrx_word' id='word_1_50' title='bbox 1114 1242 1232 1309; x_wconf 88' lang='lat' dir='ltr'><strong>fecere.</strong></span> <span class='ocrx_word' id='word_1_51' title='bbox 1284 1244 1371 1308; x_wconf 89' lang='lat' dir='ltr'><strong>Sunt</strong></span> <span class='ocrx_word' id='word_1_52' title='bbox 1384 1260 1424 1327; x_wconf 67' lang='lat' dir='ltr'><strong>nx</strong></span> <span class='ocrx_word' id='word_1_53' title='bbox 1448 1260 1530 1327; x_wconf 60' lang='lat' dir='ltr'><strong>nassas.</strong></span> 
     </span>
     <span class='ocr_line' id='line_1_7' title="bbox 195 1314 1529 1441; baseline -0.001 -21"><span class='ocrx_word' id='word_1_54' title='bbox 195 1370 302 1420; x_wconf 85' lang='lat' dir='ltr'><strong>autem</strong></span> <span class='ocrx_word' id='word_1_55' title='bbox 333 1358 411 1421; x_wconf 88' lang='lat' dir='ltr'><strong>lraec</strong></span> <span class='ocrx_word' id='word_1_56' title='bbox 443 1355 555 1438; x_wconf 87' lang='lat' dir='ltr'><strong>paria,</strong></span> <span class='ocrx_word' id='word_1_57' title='bbox 579 1372 617 1422; x_wconf 90' lang='lat' dir='ltr'><strong>ut</strong></span> <span class='ocrx_word' id='word_1_58' title='bbox 645 1356 767 1423; x_wconf 87' lang='lat' dir='ltr'><strong>docent</strong></span> <span class='ocrx_word' id='word_1_59' title='bbox 792 1356 1045 1441; x_wconf 84' lang='lat' dir='ltr'><strong>jurisconsulti,</strong></span> <span class='ocrx_word' id='word_1_60' title='bbox 1080 1375 1136 1438; x_wconf 90' lang='lat' dir='ltr'><strong>per</strong></span> <span class='ocrx_word' id='word_1_61' title='bbox 1166 1374 1200 1420; x_wconf 86' lang='lat' dir='ltr'><strong>se</strong></span> <span class='ocrx_word' id='word_1_62' title='bbox 1230 1356 1283 1419; x_wconf 92' lang='lat' dir='ltr'><strong>vel</strong></span> <span class='ocrx_word' id='word_1_63' title='bbox 1313 1372 1371 1437; x_wconf 87' lang='lat' dir='ltr'><strong>per</strong></span> <span class='ocrx_word' id='word_1_64' title='bbox 1384 1314 1440 1360; x_wconf 51' lang='grc' dir='ltr'><strong>Μ’</strong></span> <span class='ocrx_word' id='word_1_65' title='bbox 1458 1326 1529 1362; x_wconf 77' lang='lat' dir='ltr'><strong>aroc.</strong></span> 
     </span>
     <span class='ocr_line' id='line_1_8' title="bbox 195 1465 1373 1547; baseline 0.002 -16"><span class='ocrx_word' id='word_1_66' title='bbox 195 1468 333 1532; x_wconf 87' lang='lat' dir='ltr'><strong>alterum</strong></span> <span class='ocrx_word' id='word_1_67' title='bbox 362 1465 469 1532; x_wconf 87' lang='lat' dir='ltr'><strong>facere</strong></span> <span class='ocrx_word' id='word_1_68' title='bbox 493 1472 522 1530; x_wconf 86' lang='lat'><strong>¹:</strong></span> <span class='ocrx_word' id='word_1_69' title='bbox 547 1482 580 1533; x_wconf 90' lang='lat' dir='ltr'><strong>et</strong></span> <span class='ocrx_word' id='word_1_70' title='bbox 603 1467 724 1534; x_wconf 83' lang='lat' dir='ltr'><strong>crimen</strong></span> <span class='ocrx_word' id='word_1_71' title='bbox 755 1488 823 1535; x_wconf 93' lang='lat' dir='ltr'><strong>non</strong></span> <span class='ocrx_word' id='word_1_72' title='bbox 853 1468 963 1534; x_wconf 87' lang='lat' dir='ltr'><strong>minus</strong></span> <span class='ocrx_word' id='word_1_73' title='bbox 996 1468 1225 1547; x_wconf 80' lang='lat' dir='ltr'><strong>mandantem,</strong></span> <span class='ocrx_word' id='word_1_74' title='bbox 1250 1467 1316 1533; x_wconf 92' lang='lat' dir='ltr'><strong>imo</strong></span> <span class='ocrx_word' id='word_1_75' title='bbox 1341 1482 1373 1533; x_wconf 89' lang='lat' dir='ltr'><strong>et</strong></span> 
     </span>
     <span class='ocr_line' id='line_1_9' title="bbox 193 1578 1373 1663; baseline 0 -20"><span class='ocrx_word' id='word_1_76' title='bbox 193 1579 297 1663; x_wconf 88' lang='lat' dir='ltr'><strong>magis</strong></span> <span class='ocrx_word' id='word_1_77' title='bbox 320 1578 520 1662; x_wconf 85' lang='lat' dir='ltr'><strong>obstringit,</strong></span> <span class='ocrx_word' id='word_1_78' title='bbox 551 1600 647 1662; x_wconf 86' lang='lat' dir='ltr'><strong>quam</strong></span> <span class='ocrx_word' id='word_1_79' title='bbox 672 1601 747 1646; x_wconf 87' lang='lat' dir='ltr'><strong>eum</strong></span> <span class='ocrx_word' id='word_1_80' title='bbox 773 1582 831 1663; x_wconf 91' lang='lat' dir='ltr'><strong>qui</strong></span> <span class='ocrx_word' id='word_1_81' title='bbox 850 1580 1017 1645; x_wconf 84' lang='lat' dir='ltr'><strong>mandanti</strong></span> <span class='ocrx_word' id='word_1_82' title='bbox 1040 1578 1258 1645; x_wconf 89' lang='lat' dir='ltr'><strong>ministerium</strong></span> <span class='ocrx_word' id='word_1_83' title='bbox 1280 1598 1373 1661; x_wconf 93' lang='lat' dir='ltr'><strong>prae-</strong></span> 
     </span>
     <span class='ocr_line' id='line_1_10' title="bbox 196 1690 1371 1775; baseline 0 -20"><span class='ocrx_word' id='word_1_84' title='bbox 196 1690 281 1756; x_wconf 92' lang='lat' dir='ltr'><strong>buit.</strong></span> <span class='ocrx_word' id='word_1_85' title='bbox 306 1690 352 1755; x_wconf 86' lang='lat' dir='ltr'><strong>Et</strong></span> <span class='ocrx_word' id='word_1_86' title='bbox 373 1692 505 1773; x_wconf 87' lang='lat' dir='ltr'><strong>proprie</strong></span> <span class='ocrx_word' id='word_1_87' title='bbox 526 1692 681 1757; x_wconf 86' lang='lat' dir='ltr'><strong>traditum</strong></span> <span class='ocrx_word' id='word_1_88' title='bbox 695 1707 743 1759; x_wconf 90' lang='lat' dir='ltr'><strong>est</strong></span> <span class='ocrx_word' id='word_1_89' title='bbox 755 1739 767 1772; x_wconf 87' lang='lat'><strong>,</strong></span> <span class='ocrx_word' id='word_1_90' title='bbox 780 1713 854 1759; x_wconf 85' lang='lat' dir='ltr'><strong>cunr</strong></span> <span class='ocrx_word' id='word_1_91' title='bbox 868 1713 936 1775; x_wconf 92' lang='lat' dir='ltr'><strong>quo</strong></span> <span class='ocrx_word' id='word_1_92' title='bbox 948 1693 1120 1757; x_wconf 89' lang='lat' dir='ltr'><strong>mandante</strong></span> <span class='ocrx_word' id='word_1_93' title='bbox 1140 1704 1197 1757; x_wconf 88' lang='lat' dir='ltr'><strong>aut</strong></span> <span class='ocrx_word' id='word_1_94' title='bbox 1215 1692 1371 1757; x_wconf 86' lang='lat' dir='ltr'><strong>suadente</strong></span> 
     </span>
     <span class='ocr_line' id='line_1_11' title="bbox 196 1801 1370 1886; baseline 0.001 -18"><span class='ocrx_word' id='word_1_95' title='bbox 196 1802 318 1884; x_wconf 88' lang='lat' dir='ltr'><strong>aliquis</strong></span> <span class='ocrx_word' id='word_1_96' title='bbox 340 1801 509 1885; x_wconf 90' lang='lat' dir='ltr'><strong>impetitur</strong></span> <span class='ocrx_word' id='word_1_97' title='bbox 536 1818 622 1869; x_wconf 90' lang='lat' dir='ltr'><strong>recte</strong></span> <span class='ocrx_word' id='word_1_98' title='bbox 643 1802 809 1869; x_wconf 85' lang='lat' dir='ltr'><strong>offendi²:</strong></span> <span class='ocrx_word' id='word_1_99' title='bbox 834 1824 941 1886; x_wconf 89' lang='lat' dir='ltr'><strong>neque</strong></span> <span class='ocrx_word' id='word_1_100' title='bbox 959 1804 1043 1869; x_wconf 90' lang='lat' dir='ltr'><strong>enim</strong></span> <span class='ocrx_word' id='word_1_101' title='bbox 1061 1823 1156 1870; x_wconf 89' lang='lat' dir='ltr'><strong>canes</strong></span> <span class='ocrx_word' id='word_1_102' title='bbox 1179 1804 1370 1869; x_wconf 91' lang='lat' dir='ltr'><strong>hominibus</strong></span> 
     </span>
     <span class='ocr_line' id='line_1_12' title="bbox 196 1914 1371 1998; baseline 0.001 -20"><span class='ocrx_word' id='word_1_103' title='bbox 196 1914 347 1980; x_wconf 88' lang='lat' dir='ltr'><strong>imitandi</strong></span> <span class='ocrx_word' id='word_1_104' title='bbox 366 1930 468 1997; x_wconf 90' lang='lat' dir='ltr'><strong>sunt,</strong></span> <span class='ocrx_word' id='word_1_105' title='bbox 492 1916 550 1996; x_wconf 91' lang='lat' dir='ltr'><strong>qui</strong></span> <span class='ocrx_word' id='word_1_106' title='bbox 575 1930 612 1981; x_wconf 93' lang='lat' dir='ltr'><strong>ut</strong></span> <span class='ocrx_word' id='word_1_107' title='bbox 639 1916 673 1980; x_wconf 90' lang='lat' dir='ltr'><strong>in</strong></span> <span class='ocrx_word' id='word_1_108' title='bbox 696 1914 801 1982; x_wconf 80' lang='lat' dir='ltr'><strong>veteri</strong></span> <span class='ocrx_word' id='word_1_109' title='bbox 826 1933 924 1982; x_wconf 86' lang='lat' dir='ltr'><strong>versu</strong></span> <span class='ocrx_word' id='word_1_110' title='bbox 948 1932 1021 1996; x_wconf 90' lang='lat' dir='ltr'><strong>est,</strong></span> <span class='ocrx_word' id='word_1_111' title='bbox 1045 1915 1183 1998; x_wconf 87' lang='lat' dir='ltr'><strong>lapidem</strong></span> <span class='ocrx_word' id='word_1_112' title='bbox 1213 1934 1280 1997; x_wconf 91' lang='lat' dir='ltr'><strong>quo</strong></span> <span class='ocrx_word' id='word_1_113' title='bbox 1315 1914 1371 1980; x_wconf 91' lang='lat' dir='ltr'><strong>icti</strong></span> 
     </span>
     <span class='ocr_line' id='line_1_13' title="bbox 196 2026 1372 2111; baseline 0 -20"><span class='ocrx_word' id='word_1_114' title='bbox 196 2041 295 2107; x_wconf 90' lang='lat' dir='ltr'><strong>sunt,</strong></span> <span class='ocrx_word' id='word_1_115' title='bbox 329 2046 394 2092; x_wconf 92' lang='lat' dir='ltr'><strong>uon</strong></span> <span class='ocrx_word' id='word_1_116' title='bbox 428 2026 534 2109; x_wconf 88' lang='lat' dir='ltr'><strong>ipsum</strong></span> <span class='ocrx_word' id='word_1_117' title='bbox 567 2028 625 2109; x_wconf 91' lang='lat' dir='ltr'><strong>qui</strong></span> <span class='ocrx_word' id='word_1_118' title='bbox 658 2028 717 2093; x_wconf 91' lang='lat' dir='ltr'><strong>icit</strong></span> <span class='ocrx_word' id='word_1_119' title='bbox 743 2044 870 2111; x_wconf 92' lang='lat' dir='ltr'><strong>petunt.</strong></span> <span class='ocrx_word' id='word_1_120' title='bbox 920 2028 1107 2093; x_wconf 91' lang='lat' dir='ltr'><strong>Conveniet</strong></span> <span class='ocrx_word' id='word_1_121' title='bbox 1127 2027 1181 2092; x_wconf 92' lang='lat' dir='ltr'><strong>hic</strong></span> <span class='ocrx_word' id='word_1_122' title='bbox 1205 2028 1297 2110; x_wconf 91' lang='lat' dir='ltr'><strong>quod</strong></span> <span class='ocrx_word' id='word_1_123' title='bbox 1317 2026 1372 2092; x_wconf 88' lang='lat' dir='ltr'><strong>ille</strong></span> 
     </span>
     <span class='ocr_line' id='line_1_14' title="bbox 196 2138 1372 2225; baseline 0 -22"><span class='ocrx_word' id='word_1_124' title='bbox 196 2140 237 2203; x_wconf 93' lang='lat' dir='ltr'><strong>de</strong></span> <span class='ocrx_word' id='word_1_125' title='bbox 270 2138 481 2204; x_wconf 87' lang='lat' dir='ltr'><strong>buccinatore</strong></span> <span class='ocrx_word' id='word_1_126' title='bbox 504 2140 600 2205; x_wconf 91' lang='lat' dir='ltr'><strong>docet</strong></span> <span class='ocrx_word' id='word_1_127' title='bbox 628 2142 812 2225; x_wconf 83' lang='lat' dir='ltr'><strong>apologus,</strong></span> <span class='ocrx_word' id='word_1_128' title='bbox 849 2141 882 2205; x_wconf 91' lang='lat' dir='ltr'><strong>in</strong></span> <span class='ocrx_word' id='word_1_129' title='bbox 913 2141 988 2205; x_wconf 85' lang='lat' dir='ltr'><strong>illos</strong></span> <span class='ocrx_word' id='word_1_130' title='bbox 1011 2139 1148 2205; x_wconf 88' lang='lat' dir='ltr'><strong>maxime</strong></span> <span class='ocrx_word' id='word_1_131' title='bbox 1169 2138 1372 2205; x_wconf 88' lang='lat' dir='ltr'><strong>animadver-</strong></span> 
     </span>
     <span class='ocr_line' id='line_1_15' title="bbox 197 2251 1372 2337; baseline 0.002 -22"><span class='ocrx_word' id='word_1_132' title='bbox 197 2251 355 2327; x_wconf 88' lang='lat' dir='ltr'><strong>tendum,</strong></span> <span class='ocrx_word' id='word_1_133' title='bbox 379 2251 436 2331; x_wconf 93' lang='lat' dir='ltr'><strong>qui</strong></span> <span class='ocrx_word' id='word_1_134' title='bbox 458 2272 533 2317; x_wconf 85' lang='lat' dir='ltr'><strong>cunr</strong></span> <span class='ocrx_word' id='word_1_135' title='bbox 560 2272 618 2335; x_wconf 89' lang='lat' dir='ltr'><strong>per</strong></span> <span class='ocrx_word' id='word_1_136' title='bbox 639 2272 673 2316; x_wconf 92' lang='lat' dir='ltr'><strong>se</strong></span> <span class='ocrx_word' id='word_1_137' title='bbox 695 2253 834 2317; x_wconf 84' lang='lat' dir='ltr'><strong>audeant</strong></span> <span class='ocrx_word' id='word_1_138' title='bbox 855 2252 962 2337; x_wconf 86' lang='lat' dir='ltr'><strong>nihil,</strong></span> <span class='ocrx_word' id='word_1_139' title='bbox 987 2252 1075 2319; x_wconf 84' lang='lat' dir='ltr'><strong>alios</strong></span> <span class='ocrx_word' id='word_1_140' title='bbox 1091 2253 1132 2318; x_wconf 83' lang='lat' dir='ltr'><strong>ad</strong></span> <span class='ocrx_word' id='word_1_141' title='bbox 1150 2254 1272 2318; x_wconf 90' lang='lat' dir='ltr'><strong>bellum</strong></span> <span class='ocrx_word' id='word_1_142' title='bbox 1295 2271 1372 2317; x_wconf 91' lang='lat' dir='ltr'><strong>con·</strong></span> 
     </span>
     <span class='ocr_line' id='line_1_16' title="bbox 197 2362 1373 2451; baseline -0.001 -24"><span class='ocrx_word' id='word_1_143' title='bbox 197 2364 310 2427; x_wconf 89' lang='lat' dir='ltr'><strong>citant.</strong></span> <span class='ocrx_word' id='word_1_144' title='bbox 356 2362 448 2448; x_wconf 88' lang='lat' dir='ltr'><strong>Quin</strong></span> <span class='ocrx_word' id='word_1_145' title='bbox 476 2363 564 2446; x_wconf 86' lang='lat' dir='ltr'><strong>apud</strong></span> <span class='ocrx_word' id='word_1_146' title='bbox 597 2364 772 2429; x_wconf 85' lang='lat' dir='ltr'><strong>Senecam:</strong></span> <span class='ocrx_word' id='word_1_147' title='bbox 807 2384 909 2449; x_wconf 79' lang='lat' dir='ltr'><strong>acque</strong></span> <span class='ocrx_word' id='word_1_148' title='bbox 941 2364 1061 2451; x_wconf 83' lang='lat' dir='ltr'><strong>dignus</strong></span> <span class='ocrx_word' id='word_1_149' title='bbox 1085 2376 1132 2429; x_wconf 80' lang='lat' dir='ltr'><strong>est</strong></span> <span class='ocrx_word' id='word_1_150' title='bbox 1158 2379 1289 2449; x_wconf 76' lang='lat' dir='ltr'><strong>poena,</strong></span> <span class='ocrx_word' id='word_1_151' title='bbox 1315 2365 1373 2447; x_wconf 85' lang='lat' dir='ltr'><strong>qui</strong></span> 
     </span>
     <span class='ocr_line' id='line_1_17' title="bbox 197 2472 1371 2559; baseline -0.003 -17"><span class='ocrx_word' id='word_1_152' title='bbox 197 2478 265 2542; x_wconf 73' lang='lat' dir='ltr'><strong>vim</strong></span> <span class='ocrx_word' id='word_1_153' title='bbox 287 2472 422 2539; x_wconf 76' lang='lat' dir='ltr'><strong>adhibet</strong></span> <span class='ocrx_word' id='word_1_154' title='bbox 446 2489 476 2538; x_wconf 82' lang='lat' dir='ltr'><strong>et</strong></span> <span class='ocrx_word' id='word_1_155' title='bbox 501 2479 561 2559; x_wconf 82' lang='lat' dir='ltr'><strong>qui</strong></span> <span class='ocrx_word' id='word_1_156' title='bbox 583 2476 625 2540; x_wconf 86' lang='lat' dir='ltr'><strong>ab</strong></span> <span class='ocrx_word' id='word_1_157' title='bbox 647 2475 714 2540; x_wconf 80' lang='lat' dir='ltr'><strong>alio</strong></span> <span class='ocrx_word' id='word_1_158' title='bbox 739 2475 874 2541; x_wconf 83' lang='lat' dir='ltr'><strong>admota</strong></span> <span class='ocrx_word' id='word_1_159' title='bbox 898 2476 946 2541; x_wconf 83' lang='lat' dir='ltr'><strong>ad</strong></span> <span class='ocrx_word' id='word_1_160' title='bbox 967 2475 1099 2541; x_wconf 84' lang='lat' dir='ltr'><strong>lucrum</strong></span> <span class='ocrx_word' id='word_1_161' title='bbox 1123 2496 1217 2539; x_wconf 81' lang='lat' dir='ltr'><strong>suum</strong></span> <span class='ocrx_word' id='word_1_162' title='bbox 1247 2478 1371 2539; x_wconf 79' lang='lat' dir='ltr'><strong>utitur.</strong></span> 
     </span>
     <span class='ocr_line' id='line_1_18' title="bbox 198 2585 1371 2672; baseline -0.002 -20"><span class='ocrx_word' id='word_1_163' title='bbox 198 2588 311 2652; x_wconf 88' lang='lat' dir='ltr'><strong>Acute</strong></span> <span class='ocrx_word' id='word_1_164' title='bbox 340 2585 506 2671; x_wconf 83' lang='lat' dir='ltr'><strong>Tragicos</strong></span> <span class='ocrx_word' id='word_1_165' title='bbox 527 2587 558 2652; x_wconf 77' lang='lat'><strong>⁸:</strong></span> <span class='ocrx_word' id='word_1_166' title='bbox 582 2591 637 2651; x_wconf 82' lang='lat' dir='ltr'><strong>cui</strong></span> <span class='ocrx_word' id='word_1_167' title='bbox 658 2587 796 2672; x_wconf 78' lang='lat' dir='ltr'><strong>prodest</strong></span> <span class='ocrx_word' id='word_1_168' title='bbox 827 2588 930 2654; x_wconf 80' lang='lat' dir='ltr'><strong>scelus</strong></span> <span class='ocrx_word' id='word_1_169' title='bbox 965 2588 998 2651; x_wconf 89' lang='lat' dir='ltr'><strong>Is</strong></span> <span class='ocrx_word' id='word_1_170' title='bbox 1023 2586 1120 2671; x_wconf 80' lang='lat' dir='ltr'><strong>fecit.</strong></span> <span class='ocrx_word' id='word_1_171' title='bbox 1166 2586 1371 2651; x_wconf 88' lang='lat' dir='ltr'><strong>Delictorum</strong></span> 
     </span>
     <span class='ocr_line' id='line_1_19' title="bbox 198 2678 1373 2783; baseline -0.002 -20"><span class='ocrx_word' id='word_1_172' title='bbox 198 2713 308 2765; x_wconf 87' lang='lat' dir='ltr'><strong>autem</strong></span> <span class='ocrx_word' id='word_1_173' title='bbox 340 2718 456 2783; x_wconf 85' lang='lat' dir='ltr'><strong>genera</strong></span> <span class='ocrx_word' id='word_1_174' title='bbox 486 2718 526 2765; x_wconf 84' lang='lat' dir='ltr'><strong>ex</strong></span> <span class='ocrx_word' id='word_1_175' title='bbox 556 2699 831 2782; x_wconf 89' lang='lat' dir='ltr'><strong>narratione-peti</strong></span> <span class='ocrx_word' id='word_1_176' title='bbox 860 2678 1011 2782; x_wconf 74' lang='lat' dir='ltr'><strong>possunt.</strong></span> <span class='ocrx_word' id='word_1_177' title='bbox 1057 2698 1298 2763; x_wconf 87' lang='lat' dir='ltr'><strong>Gravissimum</strong></span> <span class='ocrx_word' id='word_1_178' title='bbox 1322 2712 1373 2763; x_wconf 90' lang='lat' dir='ltr'><strong>est</strong></span> 
     </span>
     <span class='ocr_line' id='line_1_20' title="bbox 198 2809 1372 2896; baseline -0.003 -21"><span class='ocrx_word' id='word_1_179' title='bbox 198 2810 354 2876; x_wconf 91' lang='lat' dir='ltr'><strong>delictum</strong></span> <span class='ocrx_word' id='word_1_180' title='bbox 378 2811 542 2875; x_wconf 90' lang='lat' dir='ltr'><strong>hominem</strong></span> <span class='ocrx_word' id='word_1_181' title='bbox 566 2811 736 2891; x_wconf 89' lang='lat' dir='ltr'><strong>occidere,</strong></span> <span class='ocrx_word' id='word_1_182' title='bbox 755 2811 841 2876; x_wconf 88' lang='lat' dir='ltr'><strong>unde</strong></span> <span class='ocrx_word' id='word_1_183' title='bbox 862 2813 952 2896; x_wconf 85' lang='lat' dir='ltr'><strong>leges</strong></span> <span class='ocrx_word' id='word_1_184' title='bbox 971 2811 1003 2875; x_wconf 93' lang='lat' dir='ltr'><strong>in</strong></span> <span class='ocrx_word' id='word_1_185' title='bbox 1024 2810 1158 2875; x_wconf 87' lang='lat' dir='ltr'><strong>sicarios</strong></span> <span class='ocrx_word' id='word_1_186' title='bbox 1171 2813 1193 2875; x_wconf 92' lang='lat'><strong>⁴.</strong></span> <span class='ocrx_word' id='word_1_187' title='bbox 1218 2809 1372 2874; x_wconf 89' lang='lat' dir='ltr'><strong>Lusitani</strong></span> 
     </span>
     <span class='ocr_line' id='line_1_21' title="bbox 197 2920 1370 2990; baseline -0.003 -2"><span class='ocrx_word' id='word_1_188' title='bbox 197 2938 306 2989; x_wconf 87' lang='lat' dir='ltr'><strong>autern</strong></span> <span class='ocrx_word' id='word_1_189' title='bbox 336 2926 460 2990; x_wconf 90' lang='lat' dir='ltr'><strong>multos</strong></span> <span class='ocrx_word' id='word_1_190' title='bbox 486 2923 635 2990; x_wconf 88' lang='lat' dir='ltr'><strong>homines</strong></span> <span class='ocrx_word' id='word_1_191' title='bbox 670 2923 855 2989; x_wconf 87' lang='lat' dir='ltr'><strong>Hollandos</strong></span> <span class='ocrx_word' id='word_1_192' title='bbox 877 2921 1066 2990; x_wconf 86' lang='lat' dir='ltr'><strong>foedissime</strong></span> <span class='ocrx_word' id='word_1_193' title='bbox 1091 2936 1124 2987; x_wconf 91' lang='lat' dir='ltr'><strong>et</strong></span> <span class='ocrx_word' id='word_1_194' title='bbox 1146 2920 1370 2987; x_wconf 89' lang='lat' dir='ltr'><strong>crudelissime</strong></span> 
     </span>
     <span class='ocr_line' id='line_1_22' title="bbox 197 3034 1373 3117; baseline -0.001 -17"><span class='ocrx_word' id='word_1_195' title='bbox 197 3034 424 3101; x_wconf 88' lang='lat' dir='ltr'><strong>trucidarunt:</strong></span> <span class='ocrx_word' id='word_1_196' title='bbox 457 3056 559 3117; x_wconf 90' lang='lat' dir='ltr'><strong>quare</strong></span> <span class='ocrx_word' id='word_1_197' title='bbox 582 3034 723 3102; x_wconf 87' lang='lat' dir='ltr'><strong>societas</strong></span> <span class='ocrx_word' id='word_1_198' title='bbox 745 3035 858 3101; x_wconf 88' lang='lat' dir='ltr'><strong>Indica</strong></span> <span class='ocrx_word' id='word_1_199' title='bbox 887 3036 1110 3102; x_wconf 89' lang='lat' dir='ltr'><strong>ministrorum</strong></span> <span class='ocrx_word' id='word_1_200' title='bbox 1142 3054 1276 3101; x_wconf 87' lang='lat' dir='ltr'><strong>suorum</strong></span> <span class='ocrx_word' id='word_1_201' title='bbox 1301 3034 1373 3099; x_wconf 90' lang='lat' dir='ltr'><strong>vin-</strong></span> 
     </span>
     <span class='ocr_line' id='line_1_23' title="bbox 199 3145 1264 3231; baseline -0.001 -20"><span class='ocrx_word' id='word_1_202' title='bbox 199 3146 321 3212; x_wconf 89' lang='lat' dir='ltr'><strong>dictam</strong></span> <span class='ocrx_word' id='word_1_203' title='bbox 345 3147 494 3223; x_wconf 82' lang='lat' dir='ltr'><strong>omittere</strong></span> <span class='ocrx_word' id='word_1_204' title='bbox 517 3166 584 3214; x_wconf 90' lang='lat' dir='ltr'><strong>non</strong></span> <span class='ocrx_word' id='word_1_205' title='bbox 605 3147 730 3213; x_wconf 87' lang='lat' dir='ltr'><strong>debuit.</strong></span> <span class='ocrx_word' id='word_1_206' title='bbox 775 3147 894 3213; x_wconf 93' lang='lat' dir='ltr'><strong>Thetis</strong></span> <span class='ocrx_word' id='word_1_207' title='bbox 917 3148 1004 3231; x_wconf 91' lang='lat' dir='ltr'><strong>apud</strong></span> <span class='ocrx_word' id='word_1_208' title='bbox 1028 3148 1208 3213; x_wconf 86' lang='lat' dir='ltr'><strong>Homerum</strong></span> <span class='ocrx_word' id='word_1_209' title='bbox 1233 3145 1264 3210; x_wconf 83' lang='lat'><strong>⁵:</strong></span> 
     </span>
    </p>

    <p class='ocr_par' dir='ltr' id='par_1_3' title="bbox 370 3262 1202 3342">
     <span class='ocr_line' id='line_1_24' title="bbox 370 3262 1202 3342; baseline 0 -15"><span class='ocrx_word' id='word_1_210' title='bbox 370 3265 416 3328; x_wconf 73' lang='lat' dir='ltr'><strong>val</strong></span> <span class='ocrx_word' id='word_1_211' title='bbox 438 3266 472 3338; x_wconf 71' lang='lat' dir='ltr'><strong>on</strong></span> <span class='ocrx_word' id='word_1_212' title='bbox 491 3262 579 3329; x_wconf 76' lang='grc' dir='ltr'><em>τοῦτο’</em></span> <span class='ocrx_word' id='word_1_213' title='bbox 598 3286 655 3340; x_wconf 76' lang='grc' dir='ltr'><strong>γε,</strong></span> <span class='ocrx_word' id='word_1_214' title='bbox 677 3264 790 3334; x_wconf 76' lang='grc' dir='ltr'><strong><em>τέκνον,</em></strong></span> <span class='ocrx_word' id='word_1_215' title='bbox 813 3266 954 3342; x_wconf 58' lang='lat' dir='ltr'><strong>maronae</strong></span> <span class='ocrx_word' id='word_1_216' title='bbox 976 3266 1007 3329; x_wconf 80' lang='grc' dir='ltr'><strong>οὗ</strong></span> <span class='ocrx_word' id='word_1_217' title='bbox 1029 3262 1117 3329; x_wconf 68' lang='grc' dir='ltr'><strong><em>κακόν</em></strong></span> <span class='ocrx_word' id='word_1_218' title='bbox 1140 3262 1202 3328; x_wconf 74' lang='grc' dir='ltr'><strong>ἐστι</strong></span> 
     </span>
    </p>

    <p class='ocr_par' dir='ltr' id='par_1_4' title="bbox 372 3373 1107 3457">
     <span class='ocr_line' id='line_1_25' title="bbox 372 3373 1107 3457; baseline -0.003 -18"><span class='ocrx_word' id='word_1_219' title='bbox 372 3376 537 3455; x_wconf 76' lang='grc' dir='ltr'><strong>τειρομένοις</strong></span> <span class='ocrx_word' id='word_1_220' title='bbox 557 3373 693 3457; x_wconf 69' lang='grc' dir='ltr'><strong><em>ἑτάροισιν</em></strong></span> <span class='ocrx_word' id='word_1_221' title='bbox 713 3375 861 3455; x_wconf 66' lang='grc' dir='ltr'><strong>ἀμυνέμεν</strong></span> <span class='ocrx_word' id='word_1_222' title='bbox 884 3378 972 3441; x_wconf 73' lang='grc' dir='ltr'>αἰπὺν</span> <span class='ocrx_word' id='word_1_223' title='bbox 990 3374 1107 3456; x_wconf 70' lang='grc' dir='ltr'><strong>ὄλεθρον.</strong></span> 
     </span>
    </p>

    <p class='ocr_par' dir='ltr' id='par_1_5' title="bbox 370 3479 1245 3568">
     <span class='ocr_line' id='line_1_26' title="bbox 370 3479 1245 3568; baseline 0.003 -22"><span class='ocrx_word' id='word_1_224' title='bbox 370 3482 440 3547; x_wconf 83' lang='lat' dir='ltr'><strong>Illa</strong></span> <span class='ocrx_word' id='word_1_225' title='bbox 463 3482 619 3568; x_wconf 77' lang='lat' dir='ltr'><strong>quidem,</strong></span> <span class='ocrx_word' id='word_1_226' title='bbox 635 3479 861 3568; x_wconf 78' lang='lat' dir='ltr'><strong>fatcor,fili,</strong></span> <span class='ocrx_word' id='word_1_227' title='bbox 885 3487 1096 3549; x_wconf 77' lang='lat' dir='ltr'><strong>sanctissima</strong></span> <span class='ocrx_word' id='word_1_228' title='bbox 1119 3504 1171 3548; x_wconf 79' lang='lat' dir='ltr'><strong>res</strong></span> <span class='ocrx_word' id='word_1_229' title='bbox 1198 3498 1245 3549; x_wconf 79' lang='lat' dir='ltr'><strong>est</strong></span> 
     </span>
    </p>

    <p class='ocr_par' dir='ltr' id='par_1_6' title="bbox 374 3593 1137 3680">
     <span class='ocr_line' id='line_1_27' title="bbox 374 3593 1137 3680; baseline 0.001 -22"><span class='ocrx_word' id='word_1_230' title='bbox 374 3595 500 3660; x_wconf 78' lang='lat' dir='ltr'><strong>Ulcisct&#39;</strong></span> <span class='ocrx_word' id='word_1_231' title='bbox 519 3598 650 3660; x_wconf 76' lang='lat' dir='ltr'><strong>comites</strong></span> <span class='ocrx_word' id='word_1_232' title='bbox 673 3593 820 3678; x_wconf 83' lang='lat' dir='ltr'><strong>infanda</strong></span> <span class='ocrx_word' id='word_1_233' title='bbox 841 3608 947 3658; x_wconf 76' lang='lat' dir='ltr'><strong>morte</strong></span> <span class='ocrx_word' id='word_1_234' title='bbox 960 3608 1137 3680; x_wconf 77' lang='lat' dir='ltr'><strong>peremtus.</strong></span> 
     </span>
    </p>

    <p class='ocr_par' dir='ltr' id='par_1_7' title="bbox 248 3703 1376 3787">
     <span class='ocr_line' id='line_1_28' title="bbox 248 3703 1376 3787; baseline 0.002 -18"><span class='ocrx_word' id='word_1_235' title='bbox 248 3703 335 3770; x_wconf 89' lang='lat' dir='ltr'><strong>Cum</strong></span> <span class='ocrx_word' id='word_1_236' title='bbox 375 3720 483 3771; x_wconf 86' lang='lat' dir='ltr'><strong>autem</strong></span> <span class='ocrx_word' id='word_1_237' title='bbox 522 3706 665 3773; x_wconf 80' lang='lat' dir='ltr'><strong>servitus</strong></span> <span class='ocrx_word' id='word_1_238' title='bbox 701 3704 891 3771; x_wconf 89' lang='lat' dir='ltr'><strong>mortalitati</strong></span> <span class='ocrx_word' id='word_1_239' title='bbox 928 3720 1156 3787; x_wconf 84' lang='lat' dir='ltr'><strong>comparetur,</strong></span> <span class='ocrx_word' id='word_1_240' title='bbox 1193 3706 1376 3773; x_wconf 82' lang='lat' dir='ltr'><strong>libertatem</strong></span> 
     </span>
    </p>
   </div>
   <div class='ocr_carea' id='block_1_3' title="bbox 201 3815 1374 3901">
    <p class='ocr_par' dir='ltr' id='par_1_8' title="bbox 201 3815 1374 3901">
     <span class='ocr_line' id='line_1_29' title="bbox 201 3815 1374 3901; baseline 0.001 -18"><span class='ocrx_word' id='word_1_241' title='bbox 201 3816 289 3883; x_wconf 83' lang='lat' dir='ltr'><strong>vitae</strong></span> <span class='ocrx_word' id='word_1_242' title='bbox 308 3834 409 3900; x_wconf 84' lang='lat' dir='ltr'><strong>propt</strong></span> <span class='ocrx_word' id='word_1_243' title='bbox 433 3818 606 3900; x_wconf 85' lang='lat' dir='ltr'><strong>exaequari</strong></span> <span class='ocrx_word' id='word_1_244' title='bbox 627 3836 759 3884; x_wconf 86' lang='lat' dir='ltr'><strong>necesse</strong></span> <span class='ocrx_word' id='word_1_245' title='bbox 782 3830 832 3881; x_wconf 88' lang='lat' dir='ltr'><strong>est</strong></span> <span class='ocrx_word' id='word_1_246' title='bbox 843 3817 865 3881; x_wconf 83' lang='lat'><strong>‘.</strong></span> <span class='ocrx_word' id='word_1_247' title='bbox 897 3815 995 3882; x_wconf 89' lang='lat' dir='ltr'><strong>Unde</strong></span> <span class='ocrx_word' id='word_1_248' title='bbox 1017 3816 1128 3901; x_wconf 78' lang='lat' dir='ltr'><strong>colligi</strong></span> <span class='ocrx_word' id='word_1_249' title='bbox 1150 3832 1261 3901; x_wconf 88' lang='lat' dir='ltr'><strong>potest</strong></span> <span class='ocrx_word' id='word_1_250' title='bbox 1273 3838 1374 3901; x_wconf 81' lang='lat' dir='ltr'><strong>quan·</strong></span> 
     </span>
    </p>
   </div>
   <div class='ocr_carea' id='block_1_4' title="bbox 203 4012 396 4022">
    <p class='ocr_par' dir='ltr' id='par_1_9' title="bbox 203 4012 396 4022">
     <span class='ocr_line' id='line_1_30' title="bbox 203 4012 396 4022; baseline -0.005 0"><span class='ocrx_word' id='word_1_251' title='bbox 203 4012 396 4022; x_wconf 77' lang='lat'><strong>———-—-</strong></span> 
     </span>
    </p>
   </div>
   <div class='ocr_carea' id='block_1_5' title="bbox 201 4139 1378 4479">
    <p class='ocr_par' dir='ltr' id='par_1_10' title="bbox 201 4139 1378 4479">
     <span class='ocr_line' id='line_1_31' title="bbox 237 4139 1375 4201; baseline 0.003 -14"><span class='ocrx_word' id='word_1_252' title='bbox 237 4139 246 4171; x_wconf 89' lang='lat'>¹</span> <span class='ocrx_word' id='word_1_253' title='bbox 264 4140 296 4188; x_wconf 87' lang='lat' dir='ltr'><strong>V.</strong></span> <span class='ocrx_word' id='word_1_254' title='bbox 310 4142 435 4200; x_wconf 74' lang='lat' dir='ltr'><strong>Angelum</strong></span> <span class='ocrx_word' id='word_1_255' title='bbox 459 4151 485 4188; x_wconf 89' lang='lat' dir='ltr'><strong>et</strong></span> <span class='ocrx_word' id='word_1_256' title='bbox 507 4141 579 4200; x_wconf 70' lang='lat' dir='ltr'><strong>alleg.</strong></span> <span class='ocrx_word' id='word_1_257' title='bbox 601 4139 627 4188; x_wconf 91' lang='lat' dir='ltr'><strong>in</strong></span> <span class='ocrx_word' id='word_1_258' title='bbox 647 4151 720 4189; x_wconf 85' lang='lat' dir='ltr'><strong>tract.</strong></span> <span class='ocrx_word' id='word_1_259' title='bbox 736 4141 768 4189; x_wconf 88' lang='lat' dir='ltr'><strong>de</strong></span> <span class='ocrx_word' id='word_1_260' title='bbox 784 4140 869 4188; x_wconf 76' lang='lat' dir='ltr'><strong>males.</strong></span> <span class='ocrx_word' id='word_1_261' title='bbox 884 4143 906 4198; x_wconf 63' lang='grc' dir='ltr'><strong>ς.</strong></span> <span class='ocrx_word' id='word_1_262' title='bbox 925 4150 949 4188; x_wconf 91' lang='lat' dir='ltr'><strong>et</strong></span> <span class='ocrx_word' id='word_1_263' title='bbox 975 4140 1159 4201; x_wconf 86' lang='lat' dir='ltr'><strong>Sempronium.</strong></span> <span class='ocrx_word' id='word_1_264' title='bbox 1194 4139 1204 4173; x_wconf 78' lang='lat'><em>²</em></span> <span class='ocrx_word' id='word_1_265' title='bbox 1223 4142 1294 4189; x_wconf 84' lang='lat' dir='ltr'><strong>Balb.</strong></span> <span class='ocrx_word' id='word_1_266' title='bbox 1312 4142 1339 4190; x_wconf 92' lang='lat' dir='ltr'><strong>in</strong></span> <span class='ocrx_word' id='word_1_267' title='bbox 1358 4144 1375 4191; x_wconf 92' lang='lat' dir='ltr'><strong>l.</strong></span> 
     </span>
     <span class='ocr_line' id='line_1_32' title="bbox 206 4230 1378 4296; baseline 0.003 -18"><span class='ocrx_word' id='word_1_268' title='bbox 206 4243 228 4279; x_wconf 86' lang='lat' dir='ltr'><strong>r.</strong></span> <span class='ocrx_word' id='word_1_269' title='bbox 245 4231 274 4279; x_wconf 87' lang='lat' dir='ltr'><strong>C.</strong></span> <span class='ocrx_word' id='word_1_270' title='bbox 291 4232 358 4279; x_wconf 90' lang='lat' dir='ltr'><strong>unde</strong></span> <span class='ocrx_word' id='word_1_271' title='bbox 376 4231 412 4279; x_wconf 89' lang='lat' dir='ltr'><strong>vi.</strong></span> <span class='ocrx_word' id='word_1_272' title='bbox 429 4232 472 4293; x_wconf 89' lang='lat' dir='ltr'><strong>[C.</strong></span> <span class='ocrx_word' id='word_1_273' title='bbox 488 4232 511 4280; x_wconf 77' lang='grc' dir='ltr'><strong>Β.</strong></span> <span class='ocrx_word' id='word_1_274' title='bbox 527 4230 564 4295; x_wconf 87' lang='grc'><strong>4.]</strong></span> <span class='ocrx_word' id='word_1_275' title='bbox 582 4245 608 4280; x_wconf 91' lang='lat' dir='ltr'><strong>n.</strong></span> <span class='ocrx_word' id='word_1_276' title='bbox 623 4232 662 4287; x_wconf 83' lang='lat'><strong>56.</strong></span> <span class='ocrx_word' id='word_1_277' title='bbox 680 4233 722 4280; x_wconf 88' lang='lat' dir='ltr'><strong>all.</strong></span> <span class='ocrx_word' id='word_1_278' title='bbox 742 4232 832 4281; x_wconf 90' lang='lat' dir='ltr'><strong>lnnoc.</strong></span> <span class='ocrx_word' id='word_1_279' title='bbox 868 4231 879 4265; x_wconf 82' lang='lat'><strong>³</strong></span> <span class='ocrx_word' id='word_1_280' title='bbox 897 4233 999 4281; x_wconf 83' lang='lat' dir='ltr'><strong>Medea.</strong></span> <span class='ocrx_word' id='word_1_281' title='bbox 1020 4232 1070 4295; x_wconf 87' lang='lat' dir='ltr'><strong>[vs.</strong></span> <span class='ocrx_word' id='word_1_282' title='bbox 1088 4232 1158 4296; x_wconf 72' lang='lat' dir='ltr'><strong>som]</strong></span> <span class='ocrx_word' id='word_1_283' title='bbox 1196 4232 1207 4264; x_wconf 90' lang='lat'><strong>⁴</strong></span> <span class='ocrx_word' id='word_1_284' title='bbox 1225 4235 1256 4282; x_wconf 92' lang='lat' dir='ltr'><strong>V.</strong></span> <span class='ocrx_word' id='word_1_285' title='bbox 1272 4245 1320 4281; x_wconf 88' lang='lat' dir='ltr'><strong>tot.</strong></span> <span class='ocrx_word' id='word_1_286' title='bbox 1337 4234 1378 4282; x_wconf 88' lang='lat' dir='ltr'><strong>tlt.</strong></span> 
     </span>
     <span class='ocr_line' id='line_1_33' title="bbox 203 4322 1375 4387; baseline 0.003 -17"><span class='ocrx_word' id='word_1_287' title='bbox 203 4322 230 4371; x_wconf 80' lang='lat' dir='ltr'><strong>ff.</strong></span> <span class='ocrx_word' id='word_1_288' title='bbox 255 4334 280 4370; x_wconf 91' lang='lat' dir='ltr'><strong>et</strong></span> <span class='ocrx_word' id='word_1_289' title='bbox 305 4324 336 4370; x_wconf 89' lang='lat' dir='ltr'><strong>C.</strong></span> <span class='ocrx_word' id='word_1_290' title='bbox 361 4324 392 4371; x_wconf 83' lang='lat' dir='ltr'><strong>ad</strong></span> <span class='ocrx_word' id='word_1_291' title='bbox 416 4324 435 4371; x_wconf 90' lang='lat' dir='ltr'><strong>l.</strong></span> <span class='ocrx_word' id='word_1_292' title='bbox 460 4323 537 4371; x_wconf 87' lang='lat' dir='ltr'><strong>Corn.</strong></span> <span class='ocrx_word' id='word_1_293' title='bbox 563 4322 596 4371; x_wconf 91' lang='lat' dir='ltr'><strong>de</strong></span> <span class='ocrx_word' id='word_1_294' title='bbox 612 4322 658 4372; x_wconf 82' lang='lat' dir='ltr'><strong>tic.</strong></span> <span class='ocrx_word' id='word_1_295' title='bbox 677 4323 747 4385; x_wconf 75' lang='lat' dir='ltr'><strong>[Dlg.</strong></span> <span class='ocrx_word' id='word_1_296' title='bbox 764 4326 806 4385; x_wconf 75' lang='lat'><strong>4³·</strong></span> <span class='ocrx_word' id='word_1_297' title='bbox 830 4325 853 4372; x_wconf 89' lang='lat'><strong>8.</strong></span> <span class='ocrx_word' id='word_1_298' title='bbox 879 4325 908 4371; x_wconf 87' lang='lat' dir='ltr'><strong>C.</strong></span> <span class='ocrx_word' id='word_1_299' title='bbox 926 4336 951 4386; x_wconf 84' lang='lat'><strong>9.</strong></span> <span class='ocrx_word' id='word_1_300' title='bbox 976 4322 1027 4387; x_wconf 73' lang='lat' dir='ltr'><strong>td]</strong></span> <span class='ocrx_word' id='word_1_301' title='bbox 1063 4322 1170 4387; x_wconf 77' lang='lat'><strong>⁸[11.1.</strong></span> <span class='ocrx_word' id='word_1_302' title='bbox 1191 4327 1229 4373; x_wconf 85' lang='lat'><strong>18.</strong></span> <span class='ocrx_word' id='word_1_303' title='bbox 1248 4338 1286 4374; x_wconf 84' lang='lat' dir='ltr'><strong>vs.</strong></span> <span class='ocrx_word' id='word_1_304' title='bbox 1307 4325 1375 4387; x_wconf 63' lang='lat' dir='ltr'><strong>rau]</strong></span> 
     </span>
     <span class='ocr_line' id='line_1_34' title="bbox 201 4412 1374 4479; baseline 0.003 -18"><span class='ocrx_word' id='word_1_305' title='bbox 201 4413 212 4446; x_wconf 80' lang='lat'>⁸</span> <span class='ocrx_word' id='word_1_306' title='bbox 230 4415 261 4461; x_wconf 88' lang='lat' dir='ltr'><strong>V.</strong></span> <span class='ocrx_word' id='word_1_307' title='bbox 278 4413 336 4475; x_wconf 61' lang='grc' dir='ltr'><strong>Βία.</strong></span> <span class='ocrx_word' id='word_1_308' title='bbox 356 4415 388 4463; x_wconf 87' lang='lat' dir='ltr'><strong>de</strong></span> <span class='ocrx_word' id='word_1_309' title='bbox 404 4416 461 4475; x_wconf 72' lang='lat' dir='ltr'><strong>lege</strong></span> <span class='ocrx_word' id='word_1_310' title='bbox 480 4412 557 4464; x_wconf 68' lang='lat' dir='ltr'><strong>lavia</strong></span> <span class='ocrx_word' id='word_1_311' title='bbox 577 4416 610 4463; x_wconf 88' lang='lat' dir='ltr'><strong>de</strong></span> <span class='ocrx_word' id='word_1_312' title='bbox 625 4413 772 4476; x_wconf 73' lang='lat' dir='ltr'><strong>plagiariis,</strong></span> <span class='ocrx_word' id='word_1_313' title='bbox 788 4425 835 4463; x_wconf 76' lang='lat' dir='ltr'><strong>tou</strong></span> <span class='ocrx_word' id='word_1_314' title='bbox 860 4415 901 4463; x_wconf 89' lang='lat' dir='ltr'><strong>tit.</strong></span> <span class='ocrx_word' id='word_1_315' title='bbox 917 4426 942 4463; x_wconf 89' lang='lat' dir='ltr'><strong>et</strong></span> <span class='ocrx_word' id='word_1_316' title='bbox 961 4415 993 4463; x_wconf 89' lang='lat' dir='ltr'><strong>de</strong></span> <span class='ocrx_word' id='word_1_317' title='bbox 1010 4416 1079 4465; x_wconf 85' lang='lat' dir='ltr'><strong>hom.</strong></span> <span class='ocrx_word' id='word_1_318' title='bbox 1097 4414 1142 4465; x_wconf 92' lang='lat' dir='ltr'><strong>llb.</strong></span> <span class='ocrx_word' id='word_1_319' title='bbox 1161 4416 1246 4467; x_wconf 80' lang='lat' dir='ltr'><strong>erhib.</strong></span> <span class='ocrx_word' id='word_1_320' title='bbox 1267 4414 1315 4479; x_wconf 88' lang='lat' dir='ltr'><strong>[D.</strong></span> <span class='ocrx_word' id='word_1_321' title='bbox 1332 4420 1374 4478; x_wconf 83' lang='lat'><strong>48.</strong></span> 
     </span>
    </p>
   </div>
   <div class='ocr_carea' id='block_1_6' title="bbox 208 4501 457 4569">
    <p class='ocr_par' dir='ltr' id='par_1_11' title="bbox 208 4501 457 4569">
     <span class='ocr_line' id='line_1_35' title="bbox 208 4501 457 4569; baseline 0.004 -16"><span class='ocrx_word' id='word_1_322' title='bbox 208 4518 247 4562; x_wconf 83' lang='lat'><strong>¹5·</strong></span> <span class='ocrx_word' id='word_1_323' title='bbox 263 4517 288 4553; x_wconf 92' lang='lat' dir='ltr'><strong>et</strong></span> <span class='ocrx_word' id='word_1_324' title='bbox 305 4519 347 4567; x_wconf 77' lang='lat'><strong>4³-</strong></span> <span class='ocrx_word' id='word_1_325' title='bbox 367 4504 421 4569; x_wconf 71' lang='lat' dir='ltr'><strong>tp]</strong></span> <span class='ocrx_word' id='word_1_326' title='bbox 449 4501 457 4517; x_wconf 87' lang='lat'><em>&#39;</em></span> 
     </span>
    </p>
   </div>
   <div class='ocr_carea' id='block_1_7' title="bbox 0 0 1745 5434">
    <p class='ocr_par' dir='ltr' id='par_1_12' title="bbox 0 0 1745 5434">
     <span class='ocr_line' id='line_1_36' title="bbox 0 0 1745 5434; baseline 0 0"><span class='ocrx_word' id='word_1_327' title='bbox 0 0 1745 5434; x_wconf 95' lang='lat' dir='ltr'><strong> </strong></span> 
     </span>
    </p>
   </div>
  </div>
 </body>
</html>
