3450 5434
525 680 572 726 na
596 679 688 745 June
715 679 900 725 antenna.
926 679 1008 724 cnr.
1032 677 1082 722 vr.
1345 655 1383 719 61

216 863 287 914 sent
304 847 497 931 prohibete,
521 846 605 911 laedi
630 845 770 928 aliquem
795 844 1000 929 permiserint
1022 849 1042 909 ¹.
1089 844 1154 910 Sed
1183 857 1213 908 et
1239 859 1389 909 auctores

217 974 249 1024 et
276 959 446 1024 auxiliares
479 973 580 1042 agunt
603 956 637 1021 vi
663 977 743 1036 sua,
775 957 822 1022 illi
853 957 983 1038 quidem
1008 955 1059 1022 sui
1094 954 1220 1038 ipsius,
1252 954 1287 1019 hi
1310 974 1389 1019 vero

216 1071 349 1136 alterius
384 1069 495 1154 gratia.
541 1069 759 1133 Instrumenta
796 1061 995 1162 autemnon
1028 1082 1129 1150 agunt
1161 1087 1220 1132 sua
1245 1065 1301 1144 vi,
1333 1065 1389 1130 sed

217 1183 288 1266 ejus
318 1181 376 1263 qui
403 1193 516 1246 movet
538 1176 563 1244 ².
611 1179 720 1244 Habet
747 1179 831 1244 enim
859 1179 1109 1243 instrumentum
1133 1177 1288 1242 rationem
1307 1197 1391 1258 quo-

218 1291 389 1358 dammodo
413 1291 513 1374 partis
524 1312 540 1355 ι-
556 1309 630 1372 pars
660 1304 766 1354 autem
788 1290 849 1354 toti
876 1288 1065 1354 naturaliter
1086 1287 1271 1354 famulatur.
1303 1286 1391 1353 Hinc

218 1422 332 1469 manus
353 1407 469 1486 ὄργανον
492 1403 641 1484 ὀργάνων,
672 1401 764 1482 quasi
793 1401 1082 1466 instrumentorum
1103 1398 1248 1465 omnium
1271 1399 1388 1465 instru-

218 1530 385 1592 mentum,
411 1512 495 1576 unde
516 1507 656 1595 poeta³z

302 1622 413 1688 Arma
442 1627 586 1708 antiqua
619 1643 756 1699 manas,
788 1621 899 1688 dentes
919 1643 1107 1708 unguesque
1122 1621 1282 1705 fuerunt.

262 1736 357 1800 Arma
367 1734 511 1800 vicissim
528 1754 642 1800 manus
657 1733 783 1800 militis.
809 1735 883 1798 Nos
897 1750 1003 1799 autem
1020 1752 1093 1798 eum
1109 1733 1150 1798 de
1168 1731 1392 1800 instrumentis

221 1845 297 1911 belli
321 1844 502 1927 loquimur,
528 1863 595 1910 non
619 1860 780 1911 tormenta
800 1860 857 1910 aut
876 1843 1001 1929 gladios
1027 1859 1084 1909 aut
1112 1844 1220 1909 hastas
1238 1845 1392 1909 volumus

221 1955 373 2040 intelligi:
398 1956 459 2022 ista
478 1955 562 2020 enim
589 1955 629 2021 ad
652 1955 798 2041 justitiae
822 1955 1044 2038 quaestionem
1064 1975 1176 2037 parum
1212 1952 1392 2036 pertinente

219 2068 277 2132 sed
308 2067 396 2149 ipsos
422 2066 592 2146 homines,
617 2087 757 2148 quorum
784 2087 884 2150 opera
912 2067 974 2132 sub
1004 2066 1140 2132 aliorum
1165 2063 1302 2148 imperio
1333 2079 1392 2130 est.

219 2177 411 2260 Exemplum
431 2177 525 2242 sitin
545 2177 657 2260 litim,
680 2177 737 2260 qui
763 2178 953 2244 naturaliter
978 2196 1051 2259 pars
1080 2176 1237 2258 quaedam
1261 2190 1311 2241 est
1337 2195 1392 2257 pa-

221 2289 303 2370 tris,
326 2309 437 2353 cuma
460 2303 549 2371 patre
569 2288 633 2354 hoc
648 2289 754 2371 ipsum
777 2288 868 2371 quod
888 2302 937 2354 est
954 2286 1123 2371 acceperit.
1146 2286 1193 2351 Et
1208 2285 1241 2350 in
1254 2289 1392 2366 servo⁵,

220 2421 293 2468 nam
328 2413 360 2464 et
390 2399 444 2464 hic
479 2419 552 2483 pars
588 2400 830 2481 quodammodo
857 2398 981 2465 domini
1007 2414 1078 2478 est,
1102 2412 1140 2462 ut
1162 2396 1298 2479 quaevis
1318 2417 1394 2480 pos·

222 2511 335 2577 sessio.
381 2509 464 2576 Nam
495 2509 583 2575 sicut
610 2531 683 2593 pars
716 2530 782 2577 non
811 2525 937 2576 tantum
972 2529 1045 2592 pars
1078 2523 1127 2574 est
1152 2507 1256 2573 totius
1282 2507 1392 2573 eadem

221 2621 377 2687 relatione
400 2641 464 2702 qua
496 2635 600 2686 totum
628 2635 677 2688 est
701 2636 806 2687 totum
833 2621 960 2704 partis,
983 2621 1042 2686 sed
1070 2621 1134 2684 hoc
1165 2620 1272 2701 ipsum
1303 2618 1394 2700 quod

223 2747 272 2799 est
305 2732 407 2798 totius
440 2746 512 2813 est,
546 2731 590 2797 ita
622 2733 786 2816 possessio
819 2746 868 2798 est
892 2731 1017 2813 aliquid
1050 2729 1153 2812 ipsius
1182 2728 1392 2812 possidentis.

222 2843 473 2910 Democritus⁸:
496 2847 634 2928 oiae'rpetv
650 2849 687 2919 cir
709 2847 805 2926 μέρεσι
827 2846 1011 2918 renuntiaret
1030 2850 1091 2924 χρῶ
1112 2840 1197 2922 ἄλλῳ
1219 2845 1286 2923 πρὸς
1306 2841 1393 2908 ἄλλο.

223 2955 258 3019 h.
277 2975 303 3020 e.
320 2953 467 3038 famulis
489 2967 660 3039 tamquam
682 2952 838 3037 partibus
860 2954 1007 3036 corporis
1031 2949 1110 3014 aliis
1125 2949 1172 3014 ad
1182 2948 1281 3013 aliud
1290 2962 1394 3013 utere.

222 3064 295 3129 Nec
330 3066 413 3130 male
448 3064 571 3129 dictum
608 3062 806 3130 Aristoteli⁷
832 3063 990 3143 quosdam
1022 3080 1091 3127 esse
1117 3074 1231 3126 natura
1256 3079 1393 3142 servos,

223 3193 288 3240 non
323 3175 401 3258 quia
432 3195 497 3240 non
527 3175 691 3240 hominem
719 3174 812 3241 Deus
846 3172 984 3240 liberum
1012 3171 1192 3254 creaverit,
1227 3171 1284 3238 sed
1317 3170 1395 3253 quia

221 3375 413 3389 m

258 3490 315 3540 ¹V.
332 3493 364 3540 ad
381 3505 431 3552 reg.
450 3506 473 3540 a.
491 3494 557 3541 Bart.
575 3493 600 3540 in
615 3495 632 3540 l.
648 3503 675 3541 ut
692 3493 752 3541 vim.
772 3494 798 3541 ll.
808 3491 907 3550 deinst.
917 3504 942 3541 et
956 3492 1020 3550 jure.
1040 3492 1085 3554 [D.
1108 3504 1128 3539 1.
1144 3491 1182 3552 3.]
1201 3503 1256 3548 n.7
1275 3502 1299 3539 et
1310 3493 1334 3538 8.
1344 3492 1394 3554 Jas.

224 3581 260 3630 ib.
276 3596 302 3631 n.
322 3596 361 3646 29.
396 3585 476 3632 Castr.
495 3586 525 3631 ad
535 3587 557 3642 5.
573 3582 611 3640 jus
627 3583 738 3642 gentium
754 3581 787 3646 [§.
805 3583 832 3647 4]
853 3587 870 3631 l.
892 3598 913 3631 r.
931 3597 963 3632 eo
980 3596 1027 3631 tot.
1045 3596 1070 3631 n.
1091 3597 1128 3630 10.
1149 3596 1188 3630 ιι.
1210 3594 1247 3629 12.
1281 3583 1346 3629 Bart.
1363 3583 1395 3630 ad

223 3675 241 3720 l.
259 3675 353 3722 hostes.
369 3673 404 3721 ff.
419 3676 450 3722 de
468 3686 534 3734 capt.
554 3675 598 3736 [D.
615 3687 656 3736 49.
677 3685 715 3729 15.
734 3675 786 3735 24.]
804 3688 828 3721 n.
847 3687 872 3736 9.
908 3676 962 3722 lnn.
979 3676 1010 3722 ad
1028 3686 1050 3722 c.
1068 3671 1142 3721 sicut.
1160 3674 1192 3721 de
1209 3670 1312 3729 iureiur.
1332 3673 1394 3734 [De-

223 3767 309 3813 cretal.
342 3779 364 3813 2.
390 3778 429 3824 24.
453 3764 505 3826 29]
532 3777 556 3812 et
583 3765 609 3812 in
634 3778 654 3811 o.
678 3765 747 3812 olim.
774 3766 806 3813 de
830 3777 890 3812 rest.
913 3764 1003 3824 spoliis
1035 3764 1171 3825 [Decretal.
1197 3777 1221 3810 a.
1242 3775 1280 3818 13.
1300 3761 1351 3825 12.]
1370 3774 1395 3811 et

224 3855 319 3904 ibidem
328 3857 386 3903 Pan.
404 3869 428 3902 ιι.
449 3867 486 3910 ι5.
504 3855 567 3902 silv.
585 3855 611 3902 in
621 3870 646 3903 v.
656 3855 753 3902 Bellum
771 3869 795 3902 2.
812 3855 832 3916 9
852 3858 875 3902 8.
892 3856 984 3902 Tuom.
1005 3868 1025 3902 r.
1043 3869 1067 3902 α.
1085 3867 1110 3914 q.
1118 3866 1160 3914 47.
1176 3865 1222 3902 art.
1243 3867 1264 3901 1.
1282 3855 1346 3901 Gen.
1358 3866 1396 3913 14.

223 3956 280 3993 toto
295 3959 348 4005 cap.
373 3947 449 3993 l‘rov.
475 3959 515 4006 24.
535 3958 574 3993 ιι.
599 3947 638 3993 Ps.
657 3947 696 3992 θα.
714 3959 737 4006 4
773 3946 858 4005 Dynus
877 3945 904 3993 in
921 3959 942 3992 e.
958 3958 1011 3992 non
1027 3944 1146 3993 estsine.
1172 3944 1310 4005 [Decretal.
1327 3943 1353 3991 in
1371 3945 1396 4001 6,

225 4048 248 4092 5.
276 4049 313 4084 ια.
331 4049 382 4096 reg.
403 4035 457 4098 19.]
476 4036 538 4084 silv.
556 4035 581 4083 in
598 4050 624 4083 v.
643 4035 740 4083 Homie.
758 4048 783 4083 n.
804 4047 842 4083 ιο.
870 4039 926 4083 sen.
946 4049 987 4095 ep.
1006 4047 1046 4097 95.
1080 4032 1185 4083 ²'Arist
1203 4035 1235 4082 cle
1258 4047 1312 4092 rep.
1329 4036 1347 4080 l.
1374 4047 1397 4084 1.

223 4141 245 4173 c.
262 4139 286 4187 4.
306 4124 344 4189 [p.
364 4137 436 4183 rasa.
455 4140 478 4174 a.
504 4139 542 4174 vs.
570 4138 609 4183 27.
635 4123 702 4187 sqq]
739 4123 852 4188 ³[Luer.
871 4113 888 4173 l.
904 4138 927 4181 5.
946 4137 984 4173 vs.
1003 4125 1087 4188 ralla]
1132 4124 1179 4172 ⁴1.
1197 4123 1358 4172 eatmscimus
1375 4124 1396 4185 §.

229 4229 251 4263 r.
271 4217 301 4264 C.
319 4219 351 4264 de
369 4217 444 4278 agric.
463 4227 487 4264 et
505 4230 572 4265 cens.
599 4215 642 4278 [C.
664 4228 701 4262 ιι.
720 4227 761 4276 4⁷·
781 4214 825 4276 aa]
849 4216 927 4264 Arist.
946 4218 977 4265 de
995 4231 1058 4265 mor.
1076 4217 1108 4264 ad
1123 4214 1225 4262 Nicom.
1241 4216 1259 4262 l.
1277 4226 1301 4270 s.
1318 4229 1338 4261 e.
1358 4228 1412 4277 ιο.Ι

227 4303 266 4369 [p.
289 4318 360 4367 1134.
379 4320 401 4354 a.
416 4319 456 4355 vs.
477 4305 527 4368 ιο.]
552 4304 661 4366 Appliea
677 4317 708 4354 ex
735 4307 753 4353 l.
780 4307 912 4354 Graeolrus.
930 4309 960 4354 C.
978 4309 1009 4356 de
1024 4309 1100 4355 adult.
1120 4304 1163 4368 [C.
1181 4318 1206 4365 9.
1223 4317 1248 4365 9.
1265 4303 1305 4367 4.]
1341 4307 1397 4352 sen.

224 4405 303 4443 contr.
329 4398 346 4443 l.
376 4409 396 4443 ι.
419 4410 444 4457 4
478 4395 613 4456 ‘applica
634 4409 666 4444 ex
687 4399 703 4444 l.
726 4409 781 4443 eum
807 4397 876 4444 dom.
901 4395 929 4444 ff.
956 4399 987 4445 de
1012 4399 1034 4444 s.
1056 4397 1085 4443 C.
1112 4395 1154 4443 sil.
1179 4392 1223 4457 [D.
1242 4407 1281 4457 29.
1300 4407 1323 4449 5.
1343 4394 1395 4458 ι9.]

224 4483 306 4548 ⁸[ap.
322 4486 390 4534 Stob.
417 4486 442 4533 in
461 4486 535 4535 iloril.
558 4489 574 4534 l.
599 4487 641 4534 62.
667 4501 691 4534 n.
710 4485 764 4550 45.]
800 4483 860 4535 ⁷de
882 4501 936 4547 rep.
954 4489 971 4534 l.
992 4502 1013 4536 1.
1031 4501 1051 4534 e.
1069 4498 1091 4540 s.
1111 4484 1148 4549 [ρ.
1170 4498 1240 4546 1254.
1259 4499 1282 4534 a.
1299 4500 1337 4534 vs.
1358 4487 1395 4534 16.

225 4575 294 4639 sm]
