3450 5434
367 588 429 665 248
661 606 708 652 nn
732 606 826 672 Juns
855 604 1043 652 unisona.
1069 606 1147 653 cna.
1172 608 1240 653 χιι.

368 758 538 839 loquimur
569 780 644 825 cum
668 759 814 845 Ulpiano
835 769 870 843 ¹,
899 779 966 826 non
990 760 1044 826 ille
1067 761 1220 827 damnum
1244 761 1319 842 dat,
1344 761 1400 825 sed
1423 760 1539 840 lucro,

370 889 438 951 quo
461 869 568 935 adhuc
592 874 672 938 alter
696 875 867 954 utebatur,
892 892 966 939 eum
990 873 1154 956 prohibet.
1179 873 1339 939 Naturale
1361 885 1469 939 autem
1493 884 1540 935 est

369 995 402 1045 et
432 1001 560 1048 summo
578 983 645 1067 juri
667 1001 765 1067 atque
787 986 883 1051 etiam
903 984 1062 1067 aequitati
1085 983 1328 1067 conveniens²‚
1352 1000 1390 1049 ut
1410 984 1539 1049 lucrum

369 1093 403 1157 in
426 1094 534 1161 medio
557 1097 702 1179 positum
735 1118 831 1163 suum
862 1097 1005 1180 quisque
1037 1097 1129 1163 malit
1149 1118 1219 1164 esse
1244 1116 1340 1179 quam
1364 1090 1541 1172 alterius⁸‚

369 1206 463 1271 etiam
495 1207 554 1289 qui
587 1225 661 1274 ante
691 1226 888 1293 perceperat.
932 1209 1019 1296 Quis
1051 1209 1135 1276 ferat
1156 1224 1344 1292 querentem
1369 1205 1541 1290 opificem,

370 1319 461 1400 quod
493 1321 573 1385 alter
604 1321 751 1405 ejusdem
782 1322 860 1388 artis
884 1322 1039 1387 exercitio
1063 1322 1171 1404 ipsius
1194 1320 1365 1386 commoda
1389 1318 1540 1385 evertat?

368 1430 578 1532 Batavorumx
596 1448 705 1499 autem
733 1454 831 1500 causa
852 1454 891 1499 eo
916 1449 965 1499 est
985 1432 1130 1518 iustior,
1154 1434 1232 1516 quia
1256 1434 1402 1515 ipsorum
1425 1432 1486 1496 hac
1510 1430 1541 1494 in

369 1557 460 1626 parte
493 1543 618 1611 utilitas
650 1565 725 1611 cum
757 1546 862 1611 totius
891 1546 1025 1611 humani
1050 1545 1178 1631 generis
1201 1543 1344 1610 utilitate
1366 1544 1543 1627 conjuncta

371 1668 441 1736 est,
466 1676 565 1737 quarn
597 1656 749 1723 Lusitani
779 1678 929 1724 eversum
951 1672 1041 1724 eunt.
1085 1657 1207 1739 Neque
1228 1657 1291 1722 hoc
1311 1670 1397 1721 recte
1416 1654 1544 1720 dicetur

369 1766 411 1833 ad
436 1768 688 1835 aemulationem
714 1768 809 1850 fieri,
843 1783 881 1835 ut
909 1770 943 1835 in
970 1790 1004 1835 re
1035 1768 1134 1836 simili
1155 1768 1301 1835 ostendit
1319 1767 1492 1849 Vasquius
1512 1772 1544 1830 ⁸:

371 1894 427 1945 aut
455 1879 540 1944 enim
567 1882 663 1963 plane
682 1882 746 1947 hoc
765 1881 951 1967 negandum
971 1896 1041 1962 est,
1064 1896 1121 1946 aut
1141 1880 1391 1946 asseverandum
1413 1898 1482 1943 uon
1504 1878 1544 1944 ad

370 1993 489 2057 borram
509 1992 631 2073 modo,
650 2013 763 2059 verum
784 1994 881 2060 etiam
914 1995 955 2061 ad
983 1994 1139 2077 optimam
1170 1993 1422 2059 aemulationem
1450 1990 1544 2070 fieri,

367 2106 461 2189 juxta
494 2103 677 2171 Hesiodum
697 2100 730 2171 ⁵:
763 2110 863 2186 cipali
885 2108 964 2190 δ’ἔρις
987 2108 1035 2185 ἣδε
1057 2110 1191 2189 βροτοῖσι.
1240 2106 1332 2169 Bona
1355 2105 1397 2169 lis
1418 2117 1544 2169 morta·

371 2215 458 2281 libus
477 2217 556 2279 haec
577 2229 635 2281 est.
673 2216 760 2281 Nam
780 2216 876 2283 etiam
896 2218 924 2281 si
944 2216 1019 2299 quis
1040 2216 1161 2300 pietate
1181 2231 1315 2299 motus,
1339 2215 1451 2297 inquit
1469 2216 1543 2295 ille,

370 2326 570 2393 frumentum
604 2327 637 2394 in
667 2348 792 2394 summa
822 2329 958 2412 penuria
985 2328 1086 2395 vilius
1119 2330 1297 2410 venderet,
1332 2327 1543 2410 impediretur

357 2430 520 2521 'improba
539 2438 677 2505 durities
697 2460 811 2506 eorum
823 2441 1082 2524 hominum‚qui
1106 2440 1270 2507 saeviente
1290 2440 1429 2523 penuria
1449 2460 1543 2507 suum

370 2550 477 2617 carius
497 2550 818 2619 fueruntvendituri.
842 2552 967 2619 Verum
979 2569 1029 2619 est
1040 2552 1278 2619 talibusmodis
1289 2552 1396 2617 minui
1407 2552 1543 2618 aliorum
1570 2534 1576 2545 ’

370 2662 520 2745 reditus,
554 2684 614 2729 nec
642 2664 677 2729 id
707 2685 884 2750 negamus,
911 2666 974 2731 ait:
1009 2664 1067 2730 sad
1087 2668 1289 2730 minuuntur
1311 2686 1385 2728 cum
1410 2668 1544 2729 univcr-

371 2796 481 2839 sorum
513 2778 679 2841 hominum
711 2776 898 2843 commodo:
933 2793 964 2841 et
997 2782 1128 2843 utinam
1169 2780 1311 2842 omnium
1345 2776 1544 2860 Principum

371 2900 401 2952 ct
435 2900 656 2972 tyrannorum
690 2889 778 2953 orbis
811 2887 940 2954 reditus
972 2893 1025 2953 ita
1058 2892 1304 2953 minuerentur.
1349 2886 1444 2974 Quid
1467 2905 1544 2970 ergo

370 3012 435 3064 tam
457 2998 608 3080 iniquum
629 3000 734 3066 videri
753 3015 886 3084 potest,
911 3020 1008 3083 quam
1031 3000 1198 3083 Hispanos
1218 2998 1412 3083 vectigalem
1427 2999 1544 3064 habere

370 3123 529 3174 terrarum
550 3111 683 3193 orbem,
706 3126 744 3177 ut
763 3111 827 3179 nisi
849 3112 890 3177 ad
922 3112 1054 3178 illorum
1088 3126 1204 3176 nutum
1233 3130 1293 3175 nec
1316 3130 1421 3175 emere
1450 3109 1546 3175 liceat

370 3239 430 3285 nec
461 3222 630 3288 vendere?
676 3224 715 3287 ln
745 3224 874 3289 cunctis
896 3223 1088 3290 civitatibus
1112 3223 1320 3289 dardanarios
1344 3222 1422 3287 odio
1447 3238 1545 3304 atque

372 3332 468 3397 etiam
501 3333 617 3416 poenis
647 3334 879 3416 prosequimur
897 3332 933 3417 ⁸,
966 3356 1026 3401 nec
1057 3336 1160 3400 ullum
1185 3350 1249 3400 tam
1274 3332 1434 3401 nefarium
1458 3333 1545 3400 vitae

372 3462 476 3527 genus
499 3442 631 3509 videtur
653 3465 751 3527 quam
775 3445 838 3511 ista
859 3466 1005 3512 annonae
1026 3446 1215 3531 flagellatio.
1240 3446 1365 3511 Merito
1389 3447 1543 3529 quidem,

371 3569 505 3620 naturae
538 3554 623 3620 enim
654 3554 784 3621 fatiunt
814 3558 989 3641 iniuriam,
1014 3579 1098 3641 quae
1122 3558 1156 3623 in
1183 3577 1356 3623 commune
1388 3556 1546 3623 mecunda

372 3682 422 3734 est
440 3666 472 3731 ⁷:
507 3687 614 3751 neque
648 3689 727 3734 vero
761 3668 883 3736 censeri
916 3670 1013 3736 debet
1044 3670 1078 3735 in
1113 3689 1194 3736 usus
1217 3690 1396 3754 paucorum
1419 3685 1545 3754 reperta

371 3778 575 3865 negotiatio,
598 3781 656 3847 sed
679 3796 717 3846 ut
740 3782 832 3863 quod
854 3781 947 3847 alteri
971 3782 1062 3847 deest
1078 3782 1212 3848 alterius
1224 3782 1318 3865 copia
1330 3798 1544 3865 pensaretur,

368 3894 460 3978 justo
494 3906 602 3959 tamen
635 3893 830 3975 compendio
863 3894 1017 3961 omnibus
1039 3892 1235 3977 proposito,
1259 3894 1318 3976 qui
1342 3894 1487 3959 laborem
1510 3913 1545 3958 ac

373 4004 555 4088 periculum
580 4004 797 4071 transferendi
821 4004 854 4069 in
878 4025 913 4071 se
936 4005 1125 4088 suscipiunt
1146 4001 1168 4071 ⁸.
1213 4006 1288 4071 Hoc
1313 4006 1421 4089 ipsum
1446 4005 1546 4089 igitur

405 4193 450 4242 ¹1.
476 4191 644 4242 Proculus-ff.
669 4194 701 4241 de
715 4193 805 4240 damno
822 4191 869 4251 inf.
888 4190 932 4255 [D.
949 4204 989 4255 39.
1008 4206 1032 4241 a.
1048 4193 1101 4254 ad]
1138 4190 1192 4240 ⁹v.
1209 4206 1232 4240 c.
1251 4192 1357 4259 aqadl.
1378 4206 1400 4240 α.
1437 4190 1541 4251 ³Vasq.

370 4286 480 4334 droco.
514 4284 660 4339 ⁴ibin.s.
694 4282 787 4345 ⁸[0p.
806 4295 831 4331 et
845 4284 877 4331 D.
898 4297 937 4333 vs.
961 4283 1013 4345 αφ]
1048 4281 1541 4346 ⁸1.1.c.dem0n0p.[c.4s9.]

369 4373 380 4413 ⁷
398 4374 478 4434 Caiet.
496 4377 527 4424 ad
542 4378 633 4424 summ.
650 4375 697 4423 Th.
715 4387 737 4423 α.
754 4388 777 4423 a.
792 4389 818 4434 q.
834 4388 876 4433 ῃ.
891 4386 937 4423 art.
957 4390 977 4423 1.
996 4378 1065 4436 quod
1082 4376 1115 4424 ad
1134 4376 1245 4424 tertium.
1275 4372 1286 4405 ⁸
1304 4374 1382 4423 Arist.
1402 4376 1433 4423 de
1453 4388 1508 4435 rep.
1525 4375 1542 4420 l.

373 4479 436 4517 1.c.
454 4481 478 4530 9.
498 4467 537 4529 [p.
557 4478 629 4524 1257.
646 4480 667 4514 r.
682 4479 722 4516 vs.
741 4479 779 4527 ¹4·
796 4477 821 4514 et
840 4466 893 4528 28.]
