3450 5434
704 628 913 671 nocumturn.
1334 625 1391 684 355

215 801 393 862 vendidere:
415 801 574 875 regalibus,
595 816 669 874 quos
690 817 743 874 pro
764 802 849 859 armis
871 813 1058 875 acceperant,
1079 800 1115 859 ad
1138 801 1309 860 commercia
1330 811 1392 858 ute·

213 906 329 964 bantur.
371 905 467 963 Etiam
499 906 665 962 societatem
688 916 717 962 et
738 905 895 962 amicitiam
918 905 1051 964 fecerunt
1075 922 1141 963 curn
1165 921 1233 978 rege
1254 903 1392 962 Sundano

212 1022 243 1068 et
265 1009 466 1083 Principibus,
487 1019 517 1066 et
538 1024 616 1081 spem
638 1009 695 1066 illis
716 1019 853 1065 crearunt
875 1008 954 1078 fore,
975 1019 1008 1066 ut
1021 1009 1153 1065 similiter
1166 1008 1393 1066 omnibusannis

213 1114 439 1186 negotiationem
478 1113 702 1171 continuarent:
740 1109 821 1185 quod
858 1112 969 1170 utinam
1011 1114 1088 1169 Deus
1127 1129 1162 1169 ne
1201 1113 1235 1168 iis
1275 1113 1394 1185 permit-

214 1227 277 1273 tere
299 1217 380 1276 velit.

254 1321 299 1376 De
320 1318 441 1376 navibus
463 1334 533 1391 quas
554 1315 617 1374 dixi
639 1315 757 1387 decem,
777 1318 849 1374 aliae
871 1315 944 1374 duae
965 1332 1028 1373 oras
1047 1316 1133 1390 Javae
1152 1317 1393 1390 septentrionales

214 1426 359 1495 legentes,
389 1432 535 1479 venerunt
562 1419 598 1476 ad
619 1431 712 1476 castra
733 1420 885 1478 Ambonae
907 1431 936 1477 et
959 1421 1080 1477 insulam
1113 1419 1238 1489 Hitum‚
1269 1418 1394 1492 indeque

214 1525 409 1598 caryophyllis
429 1534 550 1580 onustae
567 1523 715 1595 profectae
735 1535 819 1591 sunt,
841 1540 897 1582 nec
919 1521 954 1580 ad
976 1524 1054 1581 hunc
1075 1521 1150 1580 diem
1168 1523 1292 1592 scimus,
1313 1521 1393 1597 quod

215 1629 270 1686 iter
292 1626 409 1684 domum
430 1627 622 1700 susceperint.
653 1628 698 1684 De
719 1625 819 1684 iisdem
835 1627 957 1685 navibus
969 1628 1039 1684 aliae
1051 1625 1124 1685 duae
1136 1625 1233 1684 Sunda
1245 1626 1393 1700 proiectae

215 1730 250 1788 ad
272 1748 335 1788 oras
358 1731 444 1804 Javae
466 1731 704 1804 septentrionales
725 1743 895 1800 verterunt,
916 1729 1041 1804 indeque
1062 1729 1097 1788 ad
1118 1732 1239 1788 insulam
1251 1728 1393 1798 Bandam,

216 1834 266 1892 ubi
299 1833 411 1893 macide
442 1846 472 1892 et
495 1835 618 1892 nucibus
650 1847 770 1891 onustae
803 1846 889 1892 sunt:
921 1835 973 1891 hae
1006 1849 1091 1890 naves
1125 1851 1191 1892 cum
1224 1845 1266 1891 sat
1297 1834 1393 1890 oneris

218 1949 406 2011 acceperant,
429 1937 553 1995 Sundam
575 1948 760 1995 reverterunt
780 1949 810 1995 et
830 1954 908 1995 anno
933 1951 1025 2010 1599,
1046 1952 1141 1994 mense
1153 1937 1304 2010 August0,
1325 1934 1393 1993 inde

215 2039 332 2099 domum
365 2057 506 2114 regressae
537 2052 622 2112 sunta
653 2042 710 2098 hoc
740 2057 817 2097 mare
845 2040 957 2099 dicitur
987 2057 1098 2114 semper
1130 2051 1234 2098 ventos
1267 2039 1393 2098 ferentes

215 2145 331 2202 habere.
373 2145 435 2201 Hae
466 2161 553 2201 naves
586 2142 700 2202 Bandae
732 2145 877 2217 reliquere
908 2145 987 2202 viros
1019 2143 1119 2202 decem
1151 2147 1199 2202 vel
1221 2143 1392 2212 duodecim,

216 2249 268 2321 qui
290 2247 433 2320 indigenis
460 2249 605 2306 amicitiae
627 2259 656 2305 et
678 2248 793 2306 futurae
815 2249 1021 2322 negotiationis
1043 2250 1147 2322 pignus
1168 2259 1271 2307 essent.
1313 2246 1392 2306 Idem

217 2349 311 2408 fecere
332 2352 362 2408 in
385 2353 478 2409 insula
501 2352 594 2420 Hito,
614 2363 648 2408 ut
669 2363 699 2408 et
722 2353 751 2409 in
774 2367 865 2424 regno
887 2353 1001 2410 Balensi
1022 2362 1109 2424 atque
1131 2350 1254 2410 Sundae.

257 2456 302 2512 De
330 2455 452 2512 navibus
480 2451 652 2522 duodecim,
681 2471 754 2526 quae
783 2457 929 2513 ininsula
953 2457 1007 2514 Sti.
1038 2455 1191 2512 Laurentii
1213 2455 1394 2522 hiemarunt,

219 2556 290 2616 duae
322 2574 428 2615 venere
449 2557 584 2615 adoram
618 2559 829 2632 Achinensem‚
859 2574 956 2618 mense
988 2558 1067 2632 Julio
1099 2559 1167 2616 anni
1204 2571 1290 2630 1599.
1332 2557 1394 2615 Hae

219 2678 304 2719 naves
332 2662 437 2729 initio,
465 2677 531 2721 cum
559 2663 682 2734 primum
711 2674 869 2730 venerant,
897 2663 956 2734 regi
990 2661 1147 2720 Achinensi
1170 2662 1236 2718 satis
1260 2669 1396 2733 acceptae

218 2777 317 2834 erant,
337 2765 391 2838 qui
412 2765 498 2822 etiam
519 2766 627 2839 piperis
648 2767 863 2838 aliquantulum
885 2766 919 2822 iis
941 2763 1091 2824 vendidit:
1122 2763 1170 2822 sed
1192 2781 1260 2822 mox
1281 2764 1396 2821 Lusita·

219 2883 322 2928 norum
348 2870 478 2941 aliquot,
506 2870 557 2941 qui
585 2870 642 2928 hoc
671 2880 802 2944 tempore
835 2870 945 2928 richini
967 2869 1172 2936 morabantur,
1193 2869 1253 2940 regi
1276 2866 1393 2936 dixere,

220 2972 243 3028 si
264 2973 312 3028 has
333 2984 432 3045 gentes
454 2969 492 3050 (i.
512 2988 537 3030 e.
560 2971 722 3030 Hollandos
743 2986 772 3032 et
794 2970 973 3050 Zeelandos)
995 2974 1026 3031 in
1049 2989 1138 3045 regno
1154 2989 1208 3030 suo
1220 2973 1396 3030 commercia

219 3091 355 3133 exercere
382 3086 548 3149 pateretur,
576 3093 635 3133 non
665 3077 727 3134 fore
754 3093 820 3134 eum
845 3077 969 3135 amicum
990 3088 1019 3134 et
1041 3077 1151 3133 socium
1173 3075 1398 3146 Lusitanorum,

220 3189 307 3251 atque
328 3180 369 3236 ita
390 3181 547 3246 convenit,
578 3190 612 3237 ut
643 3196 696 3237 rex
719 3181 892 3238 Achinensis
920 3178 1011 3237 dictas
1034 3197 1119 3237 naves
1142 3177 1326 3236 incenderet:
1348 3176 1397 3235 sed

222 3294 325 3341 nautae
346 3300 362 3339 a
382 3283 521 3340 ministris
543 3284 628 3355 regiis
650 3281 791 3341 admoniti
813 3283 881 3356 fuga
903 3283 1020 3341 Achino
1034 3300 1099 3340 cunr
1113 3282 1234 3340 navibus
1246 3281 1397 3349 abierunt,

221 3397 309 3458 atque
330 3385 402 3442 adeo
423 3403 542 3443 suorum
564 3389 720 3444 nonnullos
742 3388 772 3443 in
794 3385 905 3460 oppido
925 3388 1126 3460 reliquerunt:
1162 3383 1197 3442 de
1219 3385 1325 3458 quibus
1346 3401 1397 3442 rex

222 3486 311 3555 duos,
342 3490 392 3560 qui
425 3490 551 3562 linguam
584 3490 804 3563 Hispaniensem
836 3489 928 3562 probe
960 3490 1120 3555 callebant,
1151 3487 1186 3545 ad
1219 3489 1397 3562 praefectum

224 3593 373 3649 Malaccae
405 3593 492 3649 misit.
533 3593 618 3650 Alter
650 3593 753 3650 horum
784 3603 882 3649 rector
903 3593 984 3648 navis
1006 3603 1068 3649 erat
1089 3593 1291 3661 Lusitanicus‚
1312 3603 1397 3649 natus

224 3695 390 3768 Zuricajae‚
428 3711 512 3767 quem
545 3693 685 3752 Hollandi
716 3711 732 3751 e
765 3711 837 3751 nave
869 3695 1040 3753 Brasilee'nsi
1073 3694 1240 3768 abreptum,
1272 3697 1397 3753 invitum

223 3815 321 3855 secum
353 3797 514 3856 duxerant:
546 3799 707 3871 praefectus
739 3799 890 3856 Malaccae
921 3814 969 3855 eos
1001 3798 1079 3855 misit
1110 3796 1145 3854 ad
1175 3814 1342 3871 protegem,
1363 3809 1396 3856 ut

224 3903 349 3959 animum
380 3901 564 3970 adverteret,
595 3901 675 3975 quod
706 3905 736 3960 in
768 3903 822 3959 hac
853 3902 925 3959 urbe
957 3901 1034 3974 capti
1056 3913 1149 3958 erant.
1189 3903 1287 3959 Naves
1308 3900 1397 3969 duae,

225 4022 297 4078 quas
328 4006 445 4062 Achiuo
475 4005 580 4078 fugisse
612 4004 693 4073 dixi,
726 4007 842 4064 Cilairm
873 4022 973 4063 versus
1005 4005 1159 4062 abierunt:
1187 4005 1278 4078 major
1300 4020 1396 4063 earum

226 4109 375 4181 naufragio
407 4110 494 4181 periit
525 4111 555 4167 in
588 4111 688 4168 littore
720 4110 867 4167 Ciladnsi:
895 4108 930 4166 de
952 4113 1042 4166 altera
1063 4125 1121 4166 non
1143 4119 1274 4167 constat:
1297 4107 1345 4166 sed
1365 4124 1398 4165 ea

226 4228 343 4286 quoque
364 4213 516 4286 naufragio
537 4214 655 4287 periisse
675 4213 794 4271 dicitur.
