3450 5434
499 621 546 668 nn
569 624 663 688 JURE
688 622 874 670 PRAEDAE·
900 623 983 670 CAP.
1007 623 1091 670 xl11.
1319 624 1382 688 299

208 778 377 858 laborare,
401 777 446 843 ita
467 793 500 842 et
519 777 759 843 Hollandorum
779 775 952 842 laudabilis
970 777 1076 860 pietas
1095 777 1128 842 in
1140 798 1178 844 eo
1190 778 1376 862 adjuvando

209 887 286 954 fuit.
340 889 415 954 Nec
451 907 529 955 sane
560 888 741 970 quidquam
768 889 871 974 magis
901 890 1035 955 interest
1064 909 1160 955 verae
1189 891 1383 974 religionis,

211 1020 309 1083 quam
341 999 431 1064 istud
460 999 545 1065 fieri.
603 999 762 1065 Servandi
802 1015 879 1066 sunt
910 1001 1084 1082 homines,
1120 1021 1160 1064 ne
1192 1021 1266 1067 cum
1302 1002 1384 1085 ipsis

210 1113 268 1195 (ut
294 1111 404 1176 Patres
432 1111 598 1193 quondam
627 1110 867 1196 loquebantur)
898 1132 972 1195 spes
997 1111 1224 1196 exstinguatur
1247 1132 1384 1178 conver-

209 1222 324 1288 sionis.
371 1221 511 1288 Ostendi
536 1221 627 1289 Indis
656 1223 774 1303 debet,
804 1223 886 1304 quid
914 1224 959 1289 sit
978 1244 1048 1290 esse
1068 1223 1319 1306 Christianum,
1343 1246 1384 1291 ne

210 1349 327 1418 putent
356 1332 563 1400 Christianos
595 1354 708 1400 omnes
729 1335 795 1406 boc
813 1353 883 1400 esse
906 1336 996 1417 quod
1017 1335 1195 1419 Hispanos.
1241 1335 1386 1402 Videant

210 1447 401 1533 religionem
424 1443 493 1514 sine
514 1445 721 1528 simulacris,
751 1461 966 1512 mercaturam
988 1447 1058 1514 sine
1079 1447 1274 1530 fraudibus,
1299 1469 1385 1514 arma

212 1559 281 1624 sine
308 1558 448 1643 lnjuriis.
503 1559 720 1624 Admirentur
758 1557 877 1640 fidem,
907 1579 989 1640 quae
1018 1559 1141 1644 negligi
1171 1575 1260 1626 vetet
1288 1561 1384 1626 etiam

212 1671 369 1737 infideles.
421 1669 495 1735 Hoc
525 1671 586 1735 erit
614 1669 764 1736 homines
791 1671 864 1736 Deo
886 1690 1084 1755 praeparare.
1127 1670 1260 1755 Justum
1285 1671 1386 1756 igitur
1413 1701 1449 1746 a,
1474 1705 1543 1748 ,mr

211 1783 431 1866 undequaque
463 1782 585 1846 bellum
618 1796 650 1847 et
674 1781 804 1866 Jorensi
830 1798 862 1847 et
881 1803 940 1865 pro
956 1783 1087 1868 Jorensi
1107 1783 1282 1849 Hollandis
1302 1754 1449 1877 suin}
1474 1847 1514 1878 m

213 1914 312 1978 quare
343 1895 432 1978 justa
461 1894 557 1959 etiam
584 1894 722 1977 praeda:
750 1895 845 1978 cujus
867 1895 999 1976 quidem
1018 1895 1072 1978 jus
1093 1897 1232 1961 naturali
1251 1896 1324 1979 jure
1345 1895 1386 1961 ad
1399 1886 1447 1931 ¹¹¹·

211 2027 317 2091 regem
336 2005 444 2089 ipsum
463 2005 672 2089 perfluebat,
697 2006 754 2070 sed
773 2021 805 2070 et
823 2026 899 2090 rege
921 2005 1119 2071 concedente
1144 2005 1383 2072 Hollandorum
1413 2038 1452 2083 E,
1473 2043 1543 2086 „mg

211 2117 281 2182 fieri
312 2116 431 2200 potuit.
476 2116 546 2181 Imo
574 2137 649 2181 cum
681 2116 851 2182 societatis
881 2116 1012 2182 Indicae
1042 2117 1204 2199 navibus,
1240 2119 1384 2202 ejusdem
1398 2092 1443 2193 iis
1462 2095 1544 2194 ,22⁶2

212 2227 387 2312 impensis,
410 2227 557 2311 periculo
579 2227 675 2292 etiam
691 2228 719 2292 si
733 2227 815 2310 quid
835 2228 972 2310 sequius
984 2229 1180 2310 accidisset,
1205 2249 1384 2313 eorumque
1398 2202 1543 2328 'amu‘

212 2361 308 2423 opera
342 2339 401 2422 qui
423 2339 457 2405 in
478 2339 660 2405 ministerio
695 2354 785 2404 erant
815 2339 1003 2422 societatis,
1025 2340 1092 2425 regi
1117 2340 1292 2407 militatum
1316 2341 1383 2423 sit,
1399 2346 1447 2395 ΜΡ·
1462 2337 1494 2382 Χ·

211 2452 302 2517 nulla
320 2450 476 2533 stipendii
495 2450 669 2534 pactione,
695 2451 877 2516 communis
899 2451 976 2516 belli
996 2453 1201 2517 consuetudo
1218 2453 1226 2485 ¹
1245 2453 1384 2518 naturali

213 2556 369 2645 aequitati
389 2577 604 2628 consentanea
623 2561 702 2628 satis
721 2561 865 2642 indicat,
885 2561 957 2644 ipso
974 2563 1047 2646 jure
1067 2563 1219 2646 praedam
1231 2564 1273 2629 ad
1282 2563 1385 2630 socie·

211 2689 310 2740 tatem
341 2673 522 2740 devenisse.
569 2673 671 2760 Quod
700 2693 780 2739 vero
802 2673 834 2739 in
854 2673 1011 2740 socletate
1038 2673 1152 2738 Indica
1174 2676 1235 2740 hac
1254 2675 1386 2758 specie,

214 2785 299 2850 idem
326 2786 360 2851 in
390 2784 574 2850 Ordinibus
602 2783 668 2850 dici
696 2798 826 2867 potest,
860 2799 898 2849 ut
925 2785 1044 2850 horum
1070 2786 1190 2870 jussu,
1225 2805 1387 2853 excausa

212 2897 290 2963 belli
308 2897 479 2982 Jorensis,
503 2911 615 2961 sumtu
634 2895 825 2976 societatis,
850 2895 914 2979 ipsi
927 2896 1077 2962 societati
1099 2897 1216 2981 praeda
1240 2899 1386 2979 quaesita

214 3009 266 3075 sit.
311 3008 374 3074 Est
406 3023 513 3074 autem
544 3007 645 3091 hujus
673 3007 763 3073 tituli
795 3027 944 3092 eousque
978 3009 1154 3092 approbata
1174 3009 1324 3093 justitia,
1350 3026 1387 3076 ut

214 3121 366 3186 doctores
382 3118 395 3154 ²
412 3121 477 3185 boc
498 3138 566 3184 uno
585 3119 723 3184 maxime
737 3119 926 3184 Romanum
945 3119 1116 3203 imperium
1143 3121 1386 3201 commendent,

214 3232 307 3314 quod
336 3230 501 3297 sociorum
533 3230 676 3296 tuitione
706 3249 745 3295 ex
765 3231 919 3298 hostibus
943 3231 1092 3297 creverit.
1138 3231 1264 3297 Eodem
1287 3233 1385 3300 titulo

215 3342 393 3408 Castellani
404 3341 749 3408 'Talcalthidanorum
762 3341 844 3408 socii
856 3342 1013 3409 adversus
1026 3342 1220 3412 Mexicanos
1232 3360 1385 3427 utuntur,

215 3469 247 3519 et
268 3455 399 3537 ipsimet
417 3453 567 3519 Lusitani
589 3453 623 3518 in
644 3453 809 3536 plerisque
835 3454 948 3520 Indiae
967 3453 1058 3520 locis.
1150 3483 1154 3505 r

257 3565 395 3632 Peracto
419 3565 565 3631 examine
588 3565 839 3645 concludimus,
858 3565 928 3632 sive
947 3567 1112 3649 privatum
1132 3565 1214 3649 fuit,
1233 3569 1302 3635 sive
1324 3589 1385 3652 pu·

215 3677 356 3757 blicum‚
389 3690 423 3740 et
454 3677 624 3759 publicum
660 3675 792 3758 quidem
824 3690 881 3741 aut
913 3696 952 3741 ex
980 3678 1101 3759 patriae
1128 3694 1185 3744 aut
1213 3699 1253 3744 ex
1273 3680 1386 3747 sociali

214 3807 332 3868 causa,
365 3802 435 3853 turn
466 3787 673 3869 Ordinibus,
705 3802 775 3853 tum
805 3789 910 3852 multo
943 3789 1046 3872 magis
1076 3789 1205 3855 Indicae
1235 3792 1384 3858 societati

215 3901 338 3964 bellum
371 3899 435 3963 boc
468 3899 555 3964 omni
589 3919 628 3964 ex
649 3915 740 3982 parte
760 3900 887 3983 justum
911 3898 1031 3980 fuisse,
1061 3921 1128 3983 quo
1149 3901 1384 3969 Lusitanorum

215 4030 345 4076 caracca
371 4025 464 4092 capta
491 4025 541 4074 est
562 4030 636 4075 cum
656 4011 841 4093 mercibus,
867 4011 1036 4094 ipsamque
1056 4011 1244 4078 societatem
1266 4012 1384 4079 factam

215 4121 304 4188 omni
323 4123 396 4206 iure
420 4123 491 4206 ejus
513 4122 649 4205 praedae
673 4122 846 4189 dominam.

1515 1834 1543 1880 cI.

216 4288 404 4300 ——n-——a

250 4369 333 4434 ¹Joh.
359 4373 462 4433 Lupus,
484 4373 515 4420 de
540 4372 609 4420 bello
636 4375 658 4430 5.
681 4371 704 4421 si
726 4372 790 4421 bene
815 4374 940 4422 advertas.
964 4385 988 4421 et
1011 4374 1055 4422 alii
1073 4375 1172 4435 allegati
1195 4377 1227 4424 ad
1249 4378 1273 4426 d.
1294 4377 1386 4430 coroli.

210 4458 225 4520 ‚²
242 4462 333 4510 Thoar.
349 4464 381 4510 de
398 4462 486 4522 regim.
503 4463 586 4511 Princ.
601 4465 619 4511 l.
634 4475 657 4520 ³·
691 4461 703 4498 ¹
720 4462 788 4513 Vict.
805 4464 850 4513 ubi
869 4478 944 4526 supra
963 4479 988 4513 n.
1009 4477 1047 4522 ¹7·
