3450 5434
270 625 331 687 286
560 639 605 685 ne
631 639 726 704 June
750 637 935 685 rnannan.
960 637 1146 684 onn.x1n.

265 793 386 876 scripto
419 791 575 874 factoque
608 792 743 858 defense
774 807 823 857 est
842 798 875 870 ¹,
908 791 967 873 qui
1000 789 1062 856 nisi
1094 790 1128 856 in
1158 790 1231 873 jure
1262 789 1438 856 admodum

266 903 436 969 manifesto
467 922 534 970 non
566 902 661 968 facile
683 901 834 968 credendi
858 916 936 968 sunt
959 902 1029 985 ejus
1053 900 1192 983 exempli
1216 901 1339 966 bellum
1363 921 1441 984 pro·

266 1015 387 1081 moturi
408 1013 534 1095 fuisse,
561 1034 636 1078 cum
660 1015 704 1078 sit
727 1013 852 1094 alioqui
877 1027 950 1094 ante
973 1012 1082 1077 omnia

516 1125 604 1211 Regi
628 1123 752 1189 tuenda
774 1128 920 1187 maalme
943 1126 1031 1208 regis
1055 1121 1147 1186 salus
1161 1115 1191 1186 '².

308 1221 474 1300 Nonnihil
493 1236 559 1300 huc
583 1233 725 1316 pertinet
736 1233 833 1298 tacita
846 1234 951 1300 hostis
965 1233 1069 1325 ipsius
1081 1230 1268 1312 confessio,
1293 1232 1440 1314 quicum

266 1345 429 1428 principio
448 1360 598 1411 motuum
619 1345 653 1408 in
675 1343 823 1426 captivos
840 1342 978 1427 judiciis
996 1344 1174 1426 majestatis
1195 1359 1227 1408 et
1247 1344 1442 1426 capitalibus

266 1456 439 1539 suppliciis
459 1455 624 1536 saeviret,
649 1455 706 1520 ubi
729 1453 855 1519 firmata
875 1468 925 1519 est
943 1454 1041 1520 certis
1060 1450 1186 1520 viribus
1207 1453 1391 1536 respublica
1410 1469 1442 1519 et

266 1566 415 1631 ordinata
441 1566 521 1631 belli
549 1567 658 1631 moles⁴
680 1564 834 1645 obstitit,
858 1565 1064 1646 captivorum
1086 1564 1347 1645 redemtionem,
1368 1565 1443 1649 jura

265 1676 402 1759 praedae
425 1690 460 1742 et
481 1677 544 1742 alia
555 1676 634 1742 belli
647 1675 841 1740 commercia
854 1674 1005 1754 induxit,
1030 1695 1113 1756 quae
1124 1674 1254 1739 nonnisi
1265 1694 1338 1739 curn
1349 1677 1441 1759 J'usto

107 1807 253 1874 ternam
266 1788 361 1853 hoste
386 1800 612 1869 usurpantur,
635 1787 699 1852 hoc
725 1799 797 1864 est,
821 1800 860 1849 ut
884 1804 945 1851 nos
971 1784 1049 1850 alibi
1077 1784 1280 1867 interpretati
1304 1803 1442 1863 sumus,

109 1861 252 1920 “mm
267 1917 341 1962 cum
364 1916 404 1962 eo
425 1895 483 1979 qui
502 1895 704 1979 probabilem
723 1897 835 1962 saltem
860 1895 960 1960 habet
978 1915 1037 1978 pro
1059 1915 1093 1960 se
1103 1895 1352 1979 magistratuum
1365 1913 1444 1960 auc·

162 2029 164 2033 ¹
266 2006 442 2074 toritatem.
465 2009 510 2073 Et
530 2022 638 2074 recte:
662 2006 690 2070 si
711 2025 772 2070 nos
793 2023 860 2069 non
880 2004 1002 2087 decipit
1015 2025 1073 2086 ea,
1098 2024 1180 2087 quae
1192 2005 1281 2086 apud
1291 2004 1441 2070 Tullium

245 2132 317 2182 ¹est
337 2118 443 2184 hostis
462 2117 600 2202 legitimi
621 2115 842 2197 descriptio¹,
869 2130 905 2180 ut
916 2115 942 2179 is
953 2114 997 2180 sit
1008 2115 1065 2197 qui
1079 2115 1177 2180 habet
1188 2115 1439 2199 rempublicam,

268 2228 445 2306 aerarium,
469 2246 664 2293 consensum
676 2241 709 2291 et
719 2225 926 2291 concordiam
937 2225 1058 2291 civium
1071 2240 1103 2290 et
1112 2225 1269 2290 rationem
1281 2225 1442 2306 aliquam,

268 2449 374 2531 possit
404 2449 568 2532 impellere
599 2463 638 2513 ut
666 2449 706 2514 de
736 2449 823 2513 bello
853 2446 1018 2513 Ordinum
1039 2447 1072 2511 in
1094 2446 1286 2530 Philippum
1310 2446 1441 2512 sinistre

266 2559 439 2642 judicent,
467 2562 637 2642 multoque
666 2559 777 2624 miuus
798 2558 947 2624 debello
969 2556 1002 2621 in
1022 2557 1226 2638 Lusitanos,
1250 2557 1441 2640 praesertim

270 2669 347 2750 quia
373 2670 551 2735 certissima
586 2685 721 2736 naturae
756 2668 917 2751 principia
947 2668 1113 2734 communi
1146 2668 1264 2733 rationi
1294 2668 1442 2746 dictant,

269 2800 376 2860 neque
404 2780 586 2846 libertatem
617 2779 886 2844 commerciorum
918 2779 1179 2860 impediendam,
1214 2798 1322 2859 neque
1345 2777 1442 2844 fidem

269 2889 476 2969 violandam,
500 2910 642 2971 quorum
667 2889 1054 2971 utrumqueaLusitanis
1072 2889 1144 2954 fieri
1165 2889 1315 2971 quotidie
1327 2908 1440 2954 omnes

126 3022 165 3064 ax
185 3022 256 3085 coner.
270 3000 419 3068 audiunt.
443 3001 582 3065 Probata
601 2999 704 3084 igitur
725 3000 810 3065 bone
822 3000 888 3067 fide
900 3000 1023 3066 civium
1036 3015 1162 3066 caetera
1174 2999 1282 3064 omnia
1294 2999 1445 3082 expedita

112 3075 157 3173 les·
185 3085 256 3119 ''⁸¹‘'
271 3125 360 3176 sunt.
404 3111 536 3193 Justum
564 3112 648 3176 enim
676 3110 819 3177 subditis
838 3110 1007 3177 bonafide
1026 3110 1181 3193 praeditis
1201 3111 1322 3175 bellum
1343 3124 1392 3175 est
1412 3109 1444 3176 in

271 3241 351 3299 eos,
384 3240 470 3301 quos
500 3220 710 3305 magistratus
742 3241 802 3304 pro
824 3221 978 3287 hostibus
1003 3222 1134 3288 habent.
1181 3220 1315 3286 Habent
1337 3235 1444 3285 autem

271 3330 414 3395 Ordines
445 3330 629 3396 Lusitanos
656 3352 717 3414 pro
745 3333 899 3398 hostibus
926 3347 959 3396 et
976 3351 1089 3398 omnes
1110 3345 1142 3396 et
1162 3331 1328 3414 singulos:
1353 3331 1447 3411 quod

132 3472 215 3535 ‚supra
233 3470 258 3515 r,
271 3454 403 3523 apparet
431 3460 471 3504 ex
502 3443 604 3506 classe
632 3442 711 3521 illa,
744 3462 842 3523 quam
870 3442 942 3507 sub
965 3442 1062 3507 Petro
1097 3441 1213 3506 Dousa
1236 3441 1270 3506 in
1293 3441 1445 3506 Thomae

111 3522 257 3621 illilus·
271 3552 410 3618 insulam
423 3566 456 3616 et
468 3550 635 3617 Brasiliam
648 3553 830 3635 miserunt,
854 3553 1072 3634 plurimisque
1082 3551 1222 3617 navibus
1235 3571 1271 3616 ac
1282 3551 1446 3616 mercibus

271 3682 353 3743 ques
373 3661 536 3727 Ordinum
559 3663 693 3728 bellicae
711 3682 811 3730 naves
831 3662 1023 3728 hominibus
1044 3661 1214 3728 Lusitanis
1226 3662 1445 3728 abstulerunt.

271 3773 316 3838 Et
338 3772 463 3853 alioqui
484 3793 597 3854 perse
619 3772 976 3854 quoquemanifestunr
990 3786 1061 3851 est,
1084 3772 1198 3837 hostes
1211 3791 1280 3836 esse
1291 3772 1445 3838 subditos

272 3883 404 3964 quoties
435 3883 593 3965 Princeps
622 3883 728 3949 hostis
756 3899 815 3950 est.
860 3882 951 3968 Quin
976 3895 1069 3946 etex
1092 3895 1183 3966 parte
1206 3883 1445 3948 Lusitanorum

273 4008 311 4058 ut
333 3993 417 4060 bona
438 3993 521 4058 fides
542 3993 735 4076 contingat,
759 3993 836 4058 dum
861 3991 945 4057 forte
967 3993 1168 4074 probabilem
1182 3994 1304 4058 habent
1317 3993 1446 4074 opinio·

271 4123 363 4181 nem,
381 4106 488 4188 justas
511 4121 579 4169 esse
600 4103 743 4185 Principi
762 4124 824 4169 suo
844 4103 998 4185 Philippo
1020 4122 1134 4169 causas
1155 4103 1232 4167 belli
1246 4103 1444 4179 inllatavos‚

307 4361 365 4407 ¹v.
389 4360 592 4410 Declarationem
616 4361 717 4420 reginae
742 4360 867 4420 angliae,
894 4363 926 4408 de
952 4360 1035 4409 causis
1060 4373 1193 4422 susceptae
1212 4361 1372 4411 defensionis
1389 4363 1447 4410 Bel-

270 4465 365 4515 garum.
399 4449 520 4499 ¹Seneca
539 4450 650 4511 Oedipo.
670 4451 723 4514 [vs.
742 4451 812 4512 242]
849 4450 988 4511 'Philipp
1007 4465 1031 4511 4.
1052 4452 1088 4512 [c.
1106 4454 1130 4500 6.
1148 4453 1168 4514 §.
1191 4451 1243 4516 14]
