3450 5434
546 615 593 661 DE
616 617 709 681 Juuu
736 617 922 665 PRAEDAE.
948 620 1030 667 ΟΜ).
1055 625 1092 668 V.
1368 627 1408 688 59

236 790 287 836 res
318 784 460 836 caeterae
488 771 529 835 ad
559 791 611 838 eas
639 770 761 837 referri.
808 773 855 838 Et
880 775 1014 857 quidem
1046 791 1085 840 ut
1117 776 1237 844 vitiosa
1259 779 1303 843 sit
1322 778 1408 866 actio

235 881 377 964 aliquam
405 901 574 948 causarum
607 882 758 950 vitiosam
792 906 861 952 esse
888 886 1027 953 sufficiet
1045 893 1075 951 ¹:
1106 903 1193 953 recta
1209 909 1289 956 vero
1306 904 1343 955 ut
1365 889 1408 955 sit

235 991 418 1075 (siquidem
441 1008 564 1059 rectum
583 993 647 1060 nisi
662 1014 730 1060 uno
749 996 846 1061 modo
867 1015 937 1063 esse
956 1017 1023 1063 non
1043 1000 1171 1084 potest)
1189 998 1261 1065 illas
1272 1019 1407 1080 omncs,

234 1103 403 1184 quomodo
434 1118 585 1187 oportet,
615 1125 808 1172 concurrere
836 1126 968 1174 necesse
992 1122 1052 1174 esu
1096 1109 1135 1174 ld
1156 1109 1305 1176 Graecus
1322 1110 1407 1175 iudi·

235 1227 288 1279 cat
309 1233 424 1280 versus
447 1215 479 1279 ¹:

348 1370 353 1382 ·
409 1331 500 1397 estaol
520 1332 653 1413 μὲνγὰρ
674 1333 798 1411 ἁπλῶς,
822 1333 1012 1406 παντοδαπῶς
1032 1334 1062 1399 δὲ
1083 1333 1177 1399 κακοί.

411 1437 618 1522 Simpliciter
639 1439 738 1503 bonus
762 1453 893 1504 estrat
915 1439 1023 1505 malus
1046 1439 1247 1506 omnimodis.

281 1547 383 1612 Omne
409 1567 486 1632 ergo
516 1548 635 1614 bellum
657 1549 790 1633 justum
820 1562 887 1630 est,
917 1547 1006 1633 quod
1035 1569 1140 1614 omnes
1162 1569 1281 1614 causas
1292 1550 1408 1634 justas
1421 1579 1496 1624 cam,
1510 1577 1551 1623 W.

235 1657 344 1724 habet.
392 1659 519 1725 Causae
544 1659 654 1742 itaque
685 1657 914 1725 examinandae
943 1673 1033 1724 sunt.
1077 1658 1125 1724 Et
1142 1659 1176 1726 in
1195 1659 1298 1743 prima
1317 1677 1407 1743 parte

235 1768 411 1834 videndum
442 1769 500 1852 qui
527 1770 615 1854 juste
643 1771 764 1835 bellum
795 1783 926 1853 gerant,
963 1769 997 1834 iu
1035 1769 1179 1835 secunda
1215 1770 1337 1854 quibus
1367 1772 1407 1837 de

234 1880 345 1946 causis
367 1895 400 1946 et
420 1879 453 1945 in
471 1899 579 1964 quos,
603 1881 637 1947 ln
657 1880 751 1946 tertia
771 1881 939 1964 quomodo
954 1901 1013 1946 seu
1035 1897 1217 1963 quatenus,
1241 1881 1275 1947 in
1293 1897 1407 1962 quarta

235 2010 393 2073 quorsum
415 2011 550 2074 quoque
572 1992 690 2059 animo,
735 1992 876 2075 Operam
900 2009 1007 2058 autem
1027 1993 1110 2057 hanc
1131 2012 1197 2058 non
1219 2013 1258 2058 eo
1283 1992 1407 2058 insum·

234 2101 360 2184 simus,
387 2103 478 2184 quod
504 2104 641 2168 aliorum
664 2101 760 2169 uobis
781 2105 907 2169 labores
926 2103 966 2169 de
988 2105 1062 2188 jure
1093 2103 1169 2168 belli
1189 2103 1404 2187 displiceant,

234 2212 357 2296 quippe
387 2233 527 2295 quorum
553 2213 649 2279 etlam
673 2213 849 2280 auctoritas
880 2212 976 2280 nobis
1006 2214 1081 2279 usui
1113 2212 1226 2280 fututa
1253 2213 1315 2279 sit:
1348 2215 1406 2280 sed

234 2323 311 2405 quia
338 2344 378 2389 ex
400 2323 628 2406 adminiculis,
647 2345 730 2407 quae
751 2324 847 2391 nobis
863 2327 930 2410 jam
952 2325 1233 2408 comparavimuS,
1256 2325 1404 2408 aliquan·

232 2449 303 2499 tum
326 2453 386 2501 nos
404 2435 443 2500 ad
466 2437 648 2501 earumdem
668 2456 798 2518 rerum,
827 2456 909 2519 quas
934 2437 982 2501 illi
1009 2435 1213 2501 tradiderunt
1233 2435 1404 2501 certitudi-

234 2566 325 2630 nem,
357 2561 413 2611 aut
440 2549 551 2614 saltem
582 2548 623 2614 ad
645 2547 770 2614 ordinis
812 2548 1074 2632 perspicuitatem
1112 2549 1289 2613 collaturos
1321 2547 1404 2613 exis·

232 2672 429 2723 tnnavtmus.

672 2789 966 2882 carvrivt.

522 2971 568 3018 DE
591 2971 706 3018 CAUSA
733 2973 841 3018 BELLI
865 2971 1112 3019 numentum.

688 3082 882 3134 QUAns'rlo.
907 3083 941 3129 V.

234 3194 324 3240 Alt'r.
348 3195 373 3240 1.
400 3194 497 3244 QUAE
523 3194 637 3259 JUSTA
661 3194 718 3240 sn*
741 3195 859 3241 CAUSA
883 3194 1078 3242 iurulentus
1103 3193 1211 3240 BELLI
1237 3194 1402 3240 PRlVA'l'l.

233 3305 323 3352 ΛΚΤ.
346 3306 385 3352 11.
413 3305 511 3356 QUAE
532 3305 648 3370 'JUSTA
672 3305 729 3352 SIT
752 3306 866 3352 CAUSA
890 3306 1086 3352 uiolentus
1110 3305 1219 3352 BELLI
1241 3305 1401 3352 PUBLlCl·

720 3459 916 3473 bunun—-

277 3555 481 3637 Causarum,
500 3577 583 3637 quae
604 3555 731 3640 aliquid
752 3553 919 3635 efficiunt,
939 3555 1017 3622 alias
1036 3575 1106 3621 esse
1125 3555 1321 3639 principales
1340 3573 1403 3622 tra-

233 3665 337 3731 ditum
355 3681 419 3745 est,
444 3665 523 3732 alias
544 3667 755 3752 adjuvantes,
779 3667 857 3732 alias
875 3667 1164 3732 instrumentorum
1184 3668 1315 3733 nomine
1327 3689 1403 3734 cen·

232 3776 313 3842 seri:
344 3797 427 3860 quae
455 3777 585 3860 quidem
615 3798 745 3860 omnes,
768 3793 807 3845 ut
830 3778 862 3842 iu
887 3778 959 3845 aliis
976 3779 1170 3861 plerumque
1193 3780 1290 3844 rebus
1311 3799 1403 3863 spec-

231 3901 360 3970 tantur,
391 3889 436 3953 ita
462 3890 547 3955 etin
567 3889 760 3955 voluntariis
783 3889 953 3955 hominum
974 3889 1178 3968 actionibus,
1203 3889 1236 3954 iu
1258 3912 1326 3974 quo
1347 3911 1402 3976 ge·

231 4017 306 4065 nere
336 4000 456 4066 bellum
491 4015 551 4066 est.
595 4000 814 4079 Naturaliter,
845 4000 943 4066 sicuti
972 3999 1134 4079 diximus,
1155 4002 1240 4087 jttris
1261 4003 1402 4084 quisque

230 4110 282 4202 sui
309 4126 481 4178 exsecutor
510 4126 577 4178 est:
602 4112 675 4178 ideo
700 4114 785 4178 enim
809 4133 847 4176 ex
871 4111 979 4178 animo
1007 4112 1115 4178 ellecti
1134 4133 1249 4178 sumus
1270 4126 1303 4176 et
1330 4133 1401 4178 cor-

231 4301 423 4312 ——-——-

265 4415 272 4448 ¹
290 4417 367 4466 Dion.
386 4421 416 4468 de
434 4419 497 4468 alivi.
515 4419 610 4469 nomin.
629 4421 719 4470 Tuom.
738 4433 759 4470 2.
780 4435 802 4470 α.
824 4435 879 4469 110.
894 4434 939 4470 art.
950 4435 972 4480 3.
1007 4419 1017 4454 ²
1034 4421 1114 4470 Arist.
1125 4421 1156 4470 de
1170 4432 1234 4470 utor.
1250 4423 1281 4470 ad
1298 4423 1399 4473 Nicom.

230 4509 246 4554 l.
266 4521 287 4555 α.
306 4522 328 4556 c.
348 4521 369 4564 s·
389 4509 515 4570 [P·1106.
535 4525 557 4559 a.
576 4525 612 4560 vs.
632 4512 684 4572 ss]
