3450 5434
362 717 379 727 ,
460 673 624 740 uttJttttu
648 672 835 720 nunaunt.
861 673 944 721 CAP.
967 674 1051 722 v111.
1306 678 1363 724 101

194 829 329 913 petitam
356 831 457 897 semel
485 828 648 915 justitiam
679 846 740 894 nec
775 827 1000 912 impetratam,
1034 844 1071 895 ut
1101 828 1143 895 ad
1167 830 1223 916 J'us
1243 830 1369 896 scilicet

194 941 341 1007 naturale
369 941 543 1022 redeatur,
575 959 643 1022 quo
669 939 704 1005 vi
737 958 835 1006 suum
858 938 1018 1022 consequi
1042 938 1196 1007 illicitum
1218 961 1284 1008 non
1308 957 1367 1008 cst.

193 1050 318 1134 Neque
344 1066 452 1117 umen
484 1049 719 1118 inconveniens
749 1049 833 1131 erit,
865 1050 960 1117 etiam
990 1070 1065 1117 cum
1086 1050 1292 1118 denuntiatio
1312 1073 1368 1117 ne·

195 1160 334 1227 cessaria
362 1176 520 1242 nonest,
549 1160 742 1227 sententiam
770 1176 878 1227 tamen
895 1159 1040 1245 proferre
1064 1162 1308 1244 universalem,
1328 1163 1369 1229 ad

195 1272 306 1339 debita
326 1272 455 1339 scilicet
474 1272 727 1355 consequenda,
751 1271 940 1355 praesertim
961 1270 1137 1355 poenaria,
1161 1286 1200 1338 ut
1221 1292 1271 1339 res
1291 1274 1369 1340 hos·

196 1384 280 1451 tium
310 1382 407 1467 quasi
439 1383 683 1469 injudicatum
715 1383 897 1466 capiantur.
943 1384 1118 1450 Caeterum
1142 1404 1218 1451 cum
1239 1404 1258 1449 a
1279 1383 1370 1468 prin·

197 1494 294 1578 cipali
322 1494 400 1561 belli
429 1509 564 1560 auctore
590 1492 677 1560 facta
704 1507 753 1561 est
782 1492 1010 1575 denuntiatio,
1040 1494 1081 1559 ab
1108 1494 1180 1578 ejus
1202 1494 1294 1561 socio
1314 1494 1370 1561 de·

196 1604 340 1671 nuntiari
364 1604 448 1672 nihil
480 1618 635 1689 oportet,
666 1603 724 1687 qui
750 1604 819 1689 juri
850 1603 957 1671 alieno
988 1618 1115 1669 tantum
1149 1604 1280 1672 adsistit
1309 1624 1369 1672 nec

198 1714 378 1799 quidquam
403 1716 473 1799 ipse
502 1736 652 1781 seorsum
684 1716 841 1799 postulat.
890 1713 1048 1782 Similiter
1070 1732 1145 1781 cum
1170 1716 1371 1799 reipublicae

196 1825 296 1892 alicui
325 1840 384 1892 aut
411 1825 616 1911 magistratui
643 1825 733 1910 justa
761 1824 864 1893 forma
886 1826 1012 1892 illatum
1036 1840 1085 1892 est
1105 1826 1248 1910 bellum,
1271 1827 1371 1895 sociis

198 1938 270 2022 ejus
299 1952 333 2003 et
361 1936 504 2005 subditis
533 1936 635 2001 indici
662 1936 746 2002 nihil
777 1955 908 2005 necesse
938 1952 1006 2004 est:
1031 1938 1123 2020 quod
1145 1938 1248 2003 nostri
1272 1937 1372 2005 inter·

196 2062 304 2131 pretes
317 2056 327 2091 ¹
339 2068 401 2115 suo
422 2067 512 2115 more
529 2048 577 2115 sic
597 2047 757 2114 efferunt:
776 2046 923 2135 diffidato
944 2048 1105 2134 Principe
1125 2047 1287 2136 diffidatos
1307 2070 1372 2116 esse

197 2178 304 2224 omnes
332 2159 403 2244 ejas
432 2158 602 2241 sabditos,
626 2158 795 2244 complices
825 2172 859 2223 et
887 2157 1123 2226 auxiliatores.
1169 2160 1216 2225 Et
1237 2162 1301 2227 hoc
1321 2174 1372 2229 est

197 2290 268 2352 quo
290 2288 325 2335 se
356 2268 442 2336 inter
470 2269 532 2335 alia
557 2268 624 2335 Cn.
672 2268 820 2335 Manlius
847 2289 866 2334 a
897 2269 1013 2354 legatis
1039 2270 1109 2337 suis
1138 2286 1309 2337 accusatus
1327 2272 1371 2338 ob

197 2380 322 2446 bellum
356 2379 641 2465 Gallograeeicum
671 2378 828 2446 defendit.
882 2380 993 2447 Verba
1024 2395 1131 2446 autem
1163 2381 1219 2448 illa
1252 2382 1370 2449 Isidori

197 2492 293 2574 plane
323 2490 407 2557 idem
442 2490 631 2576 significant
659 2492 743 2558 acsi
774 2492 883 2557 dicas:
925 2490 1054 2558 Bellum
1081 2493 1255 2579 publicam
1277 2495 1459 2579 festerna.
1474 2508 1558 2558 aar..

196 2604 382 2687 suscipitur
412 2615 577 2688 quatenus
596 2602 767 2687 judicium
794 2600 927 2685 deficit,
952 2616 1015 2668 aut
1038 2603 1135 2668 rebar
1158 2607 1309 2691 repetitis
1338 2574 1454 2672 ctoriae.
1468 2564 1505 2613 11.

197 2732 240 2777 ex
267 2710 397 2779 decreto
428 2713 633 2798 reipublicae
662 2716 882 2799 suscipientis.
926 2712 1115 2778 Videndum
1144 2716 1209 2799 J'am
1231 2715 1314 2798 quid
1335 2715 1369 2783 in

197 2822 251 2889 his
282 2823 343 2906 qui
371 2824 558 2890 voluntarie
590 2838 693 2909 agunt
725 2824 759 2890 in
793 2823 883 2889 bello
917 2823 1057 2908 gerendo
1097 2823 1298 2891 desideretur
1338 2840 1372 2892 et

198 2948 359 3015 quantum
386 2934 454 3000 illis
478 2934 701 3018 permittatur:
726 2935 805 3001 haec
825 2953 903 3001 sane
924 2934 1074 3016 quaestio
1098 2936 1161 3001 late
1180 2949 1289 3019 patet,
1313 2938 1372 3005 scd

198 3044 240 3110 ad
266 3062 394 3111 summa
420 3045 580 3127 quaedam
608 3065 725 3131 genera
754 3066 773 3110 a
804 3044 900 3112 nobis
931 3044 1108 3131 redigetur.
1165 3046 1300 3128 Forma,
1334 3062 1373 3115 ut

197 3154 342 3223 diximus
361 3151 395 3238 ²,
417 3157 507 3241 justa
526 3156 627 3223 estin
647 3156 875 3224 convenientia
892 3158 1014 3241 legum.
1059 3156 1155 3225 Sicut
1173 3174 1281 3225 autem
1300 3177 1373 3227 sus·

198 3266 351 3350 cipiendo
379 3268 468 3333 bello
503 3286 648 3353 pugnare
677 3267 875 3334 videbantur
912 3268 999 3352 leges
1031 3267 1072 3334 de
1103 3268 1259 3353 judiciis,
1290 3290 1373 3353 quas

199 3376 317 3462 partim
337 3398 395 3462 per
418 3381 506 3463 leges
525 3378 692 3464 digniores
714 3378 933 3461 sustulimus,
957 3378 1077 3463 partim
1100 3380 1372 3464 conciliavimus,

198 3488 245 3553 ita
263 3489 404 3573 gerendo
421 3490 550 3556 obstare
569 3489 724 3557 videntur
740 3489 882 3573 primum
900 3490 953 3556 lex
973 3488 1068 3557 tertia
1084 3504 1118 3557 et
1134 3506 1258 3574 quarta.
1285 3492 1372 3559 Nam

197 3598 226 3665 si
248 3618 363 3666 verum
386 3615 437 3666 est
454 3600 539 3667 illud
559 3602 589 3666 ⁸:

361 3709 442 3776 Tura
462 3725 597 3778 certare
618 3710 726 3794 odiis,
749 3725 820 3777 tum
843 3732 896 3777 res
917 3716 1069 3799 rapuisse
1087 3713 1222 3780 licebit:

198 3820 251 3903 si,
281 3820 436 3904 inquam,
468 3842 509 3888 ex
539 3824 627 3890 bello
649 3838 683 3889 et
709 3822 823 3890 caedes
849 3838 1037 3906 sequuntur
1059 3839 1091 3890 et
1115 3824 1267 3909 rapinae,
1291 3824 1375 3911 quid

198 3931 266 3999 illis
282 3932 409 4018 legibus
429 3932 607 4017 faciemus,
629 3954 712 4018 quae
730 3948 844 4002 vetant
862 3954 924 4000 nos
942 3933 1091 4001 homines
1111 3938 1232 4003 alteros
1249 3936 1374 4003 laedere

199 4058 235 4109 et
251 4043 390 4110 alienum
412 4044 596 4130 attingere?
642 4045 810 4112 Praeterea
829 4065 1009 4131 repugnare
1029 4045 1161 4115 videtur
1180 4050 1374 4131 plerumque
1407 4071 1411 4079 ·

198 4156 312 4239 tegula
343 4155 457 4235 tertia,
480 4176 555 4222 curn
584 4172 697 4223 exorto
723 4157 810 4223 bello
830 4160 926 4225 velut
945 4159 1074 4225 sublata
1095 4158 1270 4225 videantur
1290 4157 1374 4243 J'uris

199 4265 333 4332 humani
349 4268 557 4336 commercia.

235 4474 245 4507 ¹
262 4476 332 4525 urta
349 4477 381 4526 aa
397 4478 423 4527 e.
440 4480 460 4527 1.
478 4492 503 4527 e.
521 4481 552 4528 c.
569 4480 601 4528 ue
619 4492 686 4531 serv.
704 4478 750 4545 [c.
763 4492 787 4538 s.
803 4480 857 4542 aa]
876 4494 903 4529 n·
922 4492 963 4539 70·
988 4477 1000 4512 ’
1017 4479 1042 4529 tn
1060 4476 1144 4539 pnnc.
1161 4476 1261 4539 cepnae
1278 4476 1290 4511 ⁸
1305 4478 1374 4542 virg.

198 4568 266 4616 Aea.
282 4568 299 4616 l.
319 4581 358 4617 ro
376 4569 428 4632 [vs.
447 4569 499 4635 ¹4]
