3450 5434
380 604 442 668 162
699 624 747 671 na
770 624 862 691 June
890 624 1074 673 rrauuau.
1098 624 1179 672 car.
1205 626 1239 673 x.

378 775 556 858 societate,
589 798 661 845 cum
691 778 877 864 respublica
907 798 1036 845 causam
1059 792 1223 862 praestet,
1248 778 1402 846 subditus
1426 797 1555 847 caetera

378 887 497 955 omnia.
521 889 650 956 Galliae
670 886 798 977 legibus
818 890 852 956 in
863 891 951 956 bello
961 890 1068 957 navali
1081 889 1208 957 decima
1220 890 1403 973 excipitur,
1426 892 1555 957 eadem·

379 1018 446 1081 que
472 1000 568 1067 maris
587 1001 754 1084 praefecto
777 1000 958 1067 addicitur:
983 1000 1150 1068 residuum
1170 1020 1271 1083 penes
1290 1020 1346 1068 eos
1365 1018 1475 1067 manet
1494 1002 1554 1085 qui

378 1125 506 1178 sumtus
529 1110 680 1196 faciunt,
705 1114 857 1197 adJuncta
877 1111 1003 1178 ratione
1024 1114 1055 1194 ¹,
1080 1111 1158 1195 quia
1180 1112 1220 1177 ad
1242 1131 1400 1179 summam
1422 1133 1556 1197 rempu-

378 1220 497 1287 blicam
532 1222 674 1305 pertinet
707 1244 804 1306 quam
838 1222 999 1307 plurimos
1034 1222 1197 1304 inveniri,
1233 1223 1292 1306 qui
1326 1224 1396 1293 suis
1431 1222 1555 1308 opibus

379 1350 508 1398 causam
550 1332 714 1416 publicam
757 1349 910 1401 tueantur
949 1352 1116 1416 navesque
1147 1335 1305 1400 adversus
1339 1335 1469 1401 hostem
1505 1334 1556 1400 in·

334 1445 337 1454 '
378 1457 517 1510 struant.
550 1444 652 1527 Apud
675 1444 815 1513 Batavos
836 1466 911 1529 pars
931 1445 1047 1527 quinta
1069 1444 1290 1529 reipublicae,
1314 1446 1440 1512 decima
1460 1466 1553 1529 prae-

377 1554 465 1622 fecto
484 1556 582 1623 maris
600 1556 738 1623 debetur
756 1560 787 1621 ἐ
812 1557 906 1639 quod
927 1556 1027 1623 hodie
1049 1568 1174 1623 tantum
1192 1557 1277 1624 iutra
1290 1554 1405 1623 aestivi
1417 1556 1553 1623 solstitii

378 1667 539 1733 circulum
570 1666 715 1747 obtinet:
748 1670 854 1750 ultra,
889 1667 1051 1735 tricesima
1080 1682 1141 1735 est.
1188 1668 1294 1752 Supra
1317 1668 1554 1736 ostendimus⁸

379 1796 439 1843 nos
469 1796 537 1845 non
569 1792 695 1845 tantum
727 1799 785 1863 per
812 1794 943 1846 nosmet
971 1778 1086 1863 ipsos,
1108 1779 1166 1845 sed
1185 1799 1243 1861 per
1259 1778 1429 1847 ministros
1453 1780 1552 1846 etiam

379 1890 566 1971 acquirere:
598 1890 692 1974 quod
720 1890 762 1955 ad
783 1891 906 1957 bellurn
927 1904 998 1955 tum
1018 1888 1183 1973 privatum
1208 1904 1278 1955 tum
1301 1890 1473 1973 publicum
1497 1910 1555 1974 ap·

379 2001 539 2082 terimus,
563 2002 703 2087 ejusque
726 2000 774 2068 rei
796 2000 976 2069 certissima
998 2001 1169 2067 attulimus
1192 2017 1403 2086 argumenta,
1428 2000 1553 2082 quibus

379 2131 586 2196 consequens
618 2128 688 2194 est,
720 2113 748 2181 si
778 2113 854 2196 quis
886 2112 1035 2195 privatus
1067 2112 1188 2179 bellum
1212 2112 1382 2196 publicum
1404 2112 1475 2179 suis
1493 2112 1555 2177 im-

379 2223 505 2306 pensis,
524 2222 594 2289 suis
612 2222 755 2306 damnis,
786 2244 918 2291 suarum
942 2244 1049 2290 return
1070 2222 1220 2307 periculo
1244 2222 1472 2303 administret,
1495 2224 1555 2290 sed

378 2334 419 2401 ad
437 2352 506 2401 eam
523 2355 589 2400 rem
610 2334 748 2401 aliorum
766 2335 919 2402 adhibeat
939 2354 1093 2419 operam,
1118 2354 1203 2417 quos
1216 2348 1273 2401 aut
1284 2348 1372 2401 certa
1383 2334 1553 2413 mercede,

377 2462 437 2511 aut
469 2446 510 2513 de
541 2462 633 2531 parte
656 2446 791 2531 praedae
818 2449 860 2514 ad
888 2466 923 2515 se
955 2446 1148 2531 pertinentis
1182 2445 1262 2511 inita
1291 2445 1444 2529 pactione
1474 2466 1553 2512 cou-

378 2556 496 2637 eluxit,
529 2558 617 2623 lrunc
644 2558 831 2624 eorumdem
861 2578 1034 2640 operares
1059 2559 1101 2623 ab
1126 2555 1280 2623 hostibus
1308 2572 1421 2639 captas
1441 2556 1551 2623 statim

378 2668 564 2751 acquirere:
587 2670 826 2752 possessionem
850 2668 935 2734 enim
949 2654 1017 2753 'per
1035 2668 1202 2735 ministros
1221 2669 1346 2749 habet,
1371 2688 1457 2749 quos
1479 2668 1553 2751 qui·

377 2779 450 2845 dem
482 2783 523 2848 ad
552 2782 675 2848 bellum
706 2781 883 2867 gerendum
918 2780 980 2847 sibi
1013 2778 1160 2846 sufficere
1190 2778 1301 2863 potuit
1322 2785 1355 2859 ⁴,
1379 2799 1552 2845 causamn

377 2892 558 2975 republica.
603 2893 802 2975 Plerumque
829 2908 937 2958 autem
956 2890 1137 2973 ministris,
1171 2906 1251 2975 puta
1277 2891 1388 2957 nautis
1409 2891 1441 2956 in
1464 2892 1552 2957 bello

377 3004 559 3085 maritimo,
591 3025 643 3071 res
678 3004 835 3087 quaedam
869 3002 1009 3071 leviores
1041 3002 1074 3068 in
1094 3003 1245 3086 praedam
1268 3000 1405 3068 concedi
1429 3006 1550 3069 solent.

238 3118 364 3179 erogem
377 3114 469 3180 Galli
485 3115 752 3202 despoliationem
773 3130 830 3181 aut
846 3114 1016 3201 pilagium
1039 3128 1159 3179 vocant
1179 3124 1213 3193 ⁸,
1237 3113 1489 3195 extendantque
1512 3114 1553 3180 ad

377 3240 501 3291 vestem
534 3223 678 3307 itemque
706 3224 749 3290 ad
773 3243 889 3290 eurum
921 3238 954 3289 et
982 3236 1173 3309 argentum,
1198 3224 1294 3308 cujus
1316 3224 1462 3307 pretium
1484 3242 1551 3292 non

377 3336 512 3401 excedat
530 3336 644 3401 decem
664 3350 823 3403 scutatos.
850 3335 1018 3401 Interdum
1040 3334 1182 3417 amplius
1205 3334 1302 3401 datur
1323 3334 1472 3402 moribus
1495 3352 1552 3402 aut

279 3461 473 3531 centepacto
504 3446 731 3515 exercitorum.
773 3444 853 3531 Jure
876 3446 978 3532 igitur
998 3444 1193 3527 neutiquam
1225 3444 1381 3530 ambiguo
1410 3446 1458 3512 ad
1478 3468 1551 3512 eum

376 3563 437 3645 qui
453 3562 522 3625 suis
544 3562 720 3646 impensis,
741 3559 896 3639 damnis,
911 3557 1083 3644 periculo,
1096 3576 1297 3642 suorumque
1316 3559 1551 3622 ministrorum

377 3686 500 3757 opera,
531 3670 629 3736 mulla
652 3683 758 3756 paeto
785 3668 932 3735 mercede
951 3668 1071 3733 bellum
1090 3668 1262 3755 publicum
1281 3670 1398 3755 gerit,
1413 3666 1551 3755 praeda

376 3786 480 3848 omnis
509 3804 543 3848 eo
574 3781 664 3848 modo
694 3795 797 3868 capta
822 3784 997 3868 pertinet,
1028 3782 1094 3845 misi
1117 3780 1202 3864 quid
1221 3780 1293 3865 ejus
1306 3780 1392 3866 jure
1414 3778 1552 3865 speciali

375 3907 437 3960 aut
451 3906 554 3980 pacto
574 3907 744 3979 exceptum
767 3895 824 3958 sit.

381 4082 561 4096 tm

1707 4110 1709 4147 l

408 4202 552 4266 ¹lbl‚art.
571 4216 611 4261 ao.
644 4200 961 4253 ’lurcareimrrlaarn
980 4215 1020 4249 rr.
1054 4198 1115 4250 led
1138 4214 1164 4261 p.
1186 4213 1207 4249 1.
1224 4211 1270 4249 art.
1291 4213 1312 4248 1.
1330 4211 1355 4249 et
1373 4212 1399 4260 p.
1421 4212 1443 4247 r.
1461 4210 1507 4248 art.
1527 4212 1552 4265 a,
1708 4148 1709 4201 i

373 4294 448 4353 buius
470 4294 572 4357 capitit.
604 4292 615 4325 ⁴
641 4293 716 4343 Arias
738 4292 1004 4343 m180.1nn.inc.
1027 4293 1189 4341 Bertboldut.
1212 4293 1245 4340 de
1269 4302 1333 4340 rent.
1360 4288 1502 4355 [Decretrl.
1527 4303 1551 4339 a.

374 4398 415 4445 αῖ.
433 4384 486 4451 ι8.]
504 4388 568 4436 Bell.
585 4388 617 4436 de
634 4384 733 4435 mmil.
749 4399 776 4446 p.
794 4398 818 4433 a.
835 4396 854 4433 t.
872 4384 896 4433 6.
930 4382 1048 4435 'const
1067 4385 1132 4432 Gall.
1148 4384 1167 4431 l.
1186 4396 1228 4433 ao.
1246 4394 1266 4432 t.
1286 4394 1324 4439 1³·
1341 4393 1388 4430 art.
1408 4395 1449 4431 ro.
1466 4393 1492 4431 et
1513 4380 1551 4430 1⁶.
1708 4378 1709 4434 l

889 4564 1035 4575 ..-
1705 4560 1708 4782 l
