3450 5434
346 582 387 644 74
637 580 684 629 nr.
707 580 800 647 June
826 580 1011 627 rnnsnxrr.
1037 578 1118 627 cnr.
1145 578 1212 627 vrr.

344 740 439 808 ἄδικον
473 735 585 818 venit,
617 736 675 803 sed
707 750 764 801 aut
784 739 916 819 ἀδίκημα
938 750 996 801 aut
1016 738 1132 806 dirue:
1155 752 1240 818 quac
1263 735 1431 817 quomodo
1452 732 1516 803 dii·

345 848 502 915 ferentem
525 845 645 915 faciant
667 844 888 913 exsecutionis
905 846 1039 912 modum
1058 860 1173 929 postea
1182 846 1369 914 videbimus
1381 849 1405 913 ¹.
1429 846 1519 913 Illud

344 979 433 1027 nunc
464 973 592 1026 constat
622 978 777 1043 personas
807 977 884 1040 eas,
918 978 1001 1041 quae
1034 956 1184 1043 injuriam
1215 958 1518 1042 quomodocunque

345 1069 464 1137 faciant
494 1071 582 1136 bello
612 1071 803 1155 subjacere,
836 1069 864 1134 si
896 1068 1028 1151 quidem
1058 1068 1124 1153 juri
1147 1069 1329 1155 subjacent.
1374 1068 1461 1134 Nam
1485 1084 1519 1135 et

347 1184 400 1248 lex
430 1183 518 1265 apud
546 1182 801 1247 Demosthenem
822 1185 833 1222 ¹
853 1194 903 1247 est
935 1183 1122 1265 ἐπανόρθωμα
1138 1188 1194 1249 τῶν
1212 1184 1342 1251 ἑκουσίων
1361 1181 1412 1249 uui
1433 1185 1520 1251 uxore

346 1299 413 1365 σίων
432 1295 674 1379 ἁμαρτημάτων,
699 1313 755 1358 nec
777 1314 816 1359 ea
839 1304 973 1357 tuntum
985 1294 1130 1378 corrigit
1147 1312 1232 1378 quae
1253 1304 1387 1379 sponte,
1411 1289 1469 1355 sed
1487 1302 1519 1355 et

347 1426 433 1491 quae
455 1426 519 1471 non
539 1417 651 1492 sponte
663 1416 860 1491 peccantur.
905 1402 1063 1485 Sequitur
1081 1421 1158 1487 ergo
1179 1421 1247 1469 non
1265 1421 1321 1468 eos
1340 1402 1519 1481 duntaxat,

349 1517 407 1598 qui
439 1532 540 1602 agunt
572 1517 744 1582 voluntate
775 1514 897 1597 libera,
930 1515 993 1579 hoc
1026 1527 1075 1579 cst
1104 1512 1299 1597 principales
1331 1527 1364 1578 et
1385 1511 1520 1593 socios,

348 1628 406 1695 sed
434 1628 649 1695 instrumenta
680 1627 799 1707 etiam,
831 1627 895 1691 hoc
916 1640 967 1693 est
988 1626 1160 1707 subditos,
1184 1640 1271 1692 recte
1293 1624 1437 1691 hostium
1460 1642 1521 1690 no-

348 1740 435 1807 mine
457 1738 627 1806 contineri.
670 1739 756 1805 Nam
781 1738 935 1805 subditus
958 1736 992 1804 in
1015 1756 1053 1803 eo
1077 1736 1169 1819 quod
1189 1738 1300 1822 jussus
1323 1734 1406 1802 facit
1423 1734 1521 1800 etiarn

349 1852 378 1917 si
398 1871 465 1918 non
483 1857 702 1936 duraritamen
723 1862 801 1921 ποιεῖ
816 1856 857 1921 τὰ
879 1845 1006 1925 ἄδικ’,
1030 1850 1159 1933 injusta
1174 1848 1292 1933 fucit,
1316 1852 1378 1913 etsi
1394 1849 1523 1914 nonin-

277 2028 283 2035 ,
341 1966 458 2049 Juriu.
502 1960 560 2027 Ad
575 1960 728 2027 subditos
746 1962 911 2044 pertinent
929 1960 991 2027 ista
1012 1960 1099 2044 apud
1120 1960 1289 2028 Romanos
1308 1958 1465 2026 solemnia
1487 1956 1523 2023 in

351 2072 598 2142 denuntiatione
623 2078 653 2137 ⁴:
686 2071 824 2158 Popule’r
851 2075 1042 2159 priscorum
1074 2071 1303 2154 Latinorum,
1338 2071 1522 2137 hominibus

345 2189 470 2273 priscis
484 2184 622 2251 Latinis
633 2182 754 2249 bellum
774 2181 884 2249 indico
897 2181 1068 2269 facioque.
1094 2182 1132 2247 In
1144 2182 1314 2267 rogatione
1326 2181 1352 2247 ⁸:
1377 2181 1522 2266 Vellent,

344 2297 505 2383 juberent
528 2293 683 2381 Philippo
718 2296 792 2381 regi
819 2293 1146 2379 Macedonibusque,
1170 2296 1230 2380 qur·
1252 2293 1310 2359 sub
1334 2314 1434 2381 regno
1453 2296 1523 2379 eJ'us

351 2422 455 2477 essent
486 2406 607 2472 bellurn
638 2403 754 2470 indici.
799 2403 837 2469 In
871 2404 942 2487 ipso
978 2404 1108 2469 decreto
1129 2399 1159 2469 ⁸:
1182 2403 1329 2491 Populus
1353 2404 1524 2471 Romanus

352 2541 426 2585 curn
451 2516 572 2605 populu
596 2514 826 2583 Hermundulo
856 2516 1104 2607 hominiumque
1126 2515 1369 2582 Hermundulis
1401 2515 1522 2582 bellurn

344 2632 475 2719 jussit:
507 2627 598 2712 quod
629 2640 764 2693 annotat
787 2625 925 2693 Cincius
948 2626 981 2692 in
1004 2646 1039 2693 re
1061 2625 1203 2693 militari.
1246 2626 1307 2693 Illa
1327 2641 1433 2692 autem
1456 2624 1525 2693 for-

352 2741 471 2809 mula⁷
495 2740 589 2806 etiam
612 2738 722 2807 socios
742 2737 1007 2822 comprehendite
1031 2738 1144 2803 Hostis
1168 2741 1213 2804 sit
1244 2737 1303 2803 ille
1332 2741 1455 2824 quique
1472 2741 1524 2803 in-

353 2868 413 2920 tra
431 2851 607 2940 praesidia
629 2852 699 2937 ejus
722 2864 812 2916 sunt.
859 2849 947 2915 Illud
970 2849 1103 2933 insuper
1121 2849 1290 2917 sciendum
1314 2864 1365 2916 est
1383 2850 1474 2933 quod
1491 2847 1526 2915 in

351 2966 424 3049 jure
450 2964 613 3043 diximus,
646 2962 731 3027 idem
761 2981 800 3026 ex
828 2960 1064 3027 contrariorum
1094 2959 1220 3027 ratione
1243 2961 1277 3027 in
1300 2961 1419 3046 injuria
1439 2958 1527 3027 obti-

355 3094 452 3156 nere,
487 3088 525 3138 ut
551 3071 710 3155 quaedam
742 3071 775 3135 in
810 3068 882 3153 ipsa
905 3070 1115 3139 exsecutione
1136 3072 1269 3139 oriatur.
1313 3071 1400 3139 Nam
1418 3072 1527 3156 justae

356 3182 558 3251 exsecutioni
579 3182 636 3264 qui
659 3180 782 3247 resistit
809 3180 915 3247 sciens
941 3182 1131 3251 nesciensve
1152 3182 1303 3269 injuriam
1324 3184 1411 3251 facit.
1456 3186 1528 3251 Aut

356 3295 441 3361 enim
460 3294 583 3360 detinet
601 3293 636 3358 id
654 3292 746 3376 quod
763 3292 905 3359 alienum
924 3309 991 3376 est,
1010 3309 1149 3361 autnon
1170 3294 1250 3363 facit
1268 3296 1311 3363 id
1320 3296 1412 3380 quod
1423 3295 1528 3363 iacere

356 3420 505 3473 teneturr
537 3405 618 3488 quin
650 3404 746 3471 etiam
775 3403 915 3470 offendit
937 3425 1010 3472 eum
1031 3426 1129 3488 quem
1149 3406 1313 3475 offendere
1334 3428 1400 3475 non
1419 3408 1528 3475 debet.

356 3518 437 3584 Non
468 3516 569 3601 igitur
597 3532 676 3584 tunc
706 3517 865 3583 duntaxat
894 3516 1075 3600 respublica
1101 3518 1187 3584 bello
1208 3520 1432 3602 persequenda
1455 3534 1528 3601 est,

356 3648 432 3696 cum
464 3627 535 3710 ipsa
562 3627 714 3711 primitus
740 3628 819 3694 facit
848 3627 1000 3713 injuriam
1034 3643 1092 3695 aut
1121 3630 1193 3713 ejus
1224 3630 1423 3713 reipublicae
1461 3651 1529 3697 ma·

357 3741 511 3825 gistratus
541 3740 677 3822 publico
708 3740 839 3805 nomine
871 3754 968 3823 atque
996 3740 1188 3806 auctoritate
1209 3747 1241 3807 ⁸:
1266 3740 1422 3827 (facimus
1443 3743 1529 3809 enim

358 3866 391 3918 et
413 3852 477 3917 hoc
501 3851 592 3933 quod
613 3871 669 3934 per
691 3854 826 3917 alterum
849 3849 986 3918 facimus
996 3852 1022 3935 :)
1046 3851 1105 3918 sed
1127 3867 1205 3918 tunc
1230 3854 1325 3919 etiam
1346 3874 1422 3920 cum
1440 3854 1529 3922 cives

359 3963 417 4047 qui
446 3962 598 4029 fecerunt
625 3962 774 4048 injuriam
802 3962 873 4047 ipsa
895 3977 1022 4029 tuetur:
1046 3976 1079 4028 et
1100 3963 1190 4030 cives
1210 3963 1357 4031 vicissim
1380 3986 1456 4031 cunr
1479 3965 1530 4031 in-

394 4272 447 4321 ¹in
473 4273 563 4321 forma.
597 4268 724 4321 'citatur
749 4273 775 4321 in
796 4277 814 4321 1.
841 4287 864 4321 u.
890 4272 916 4321 n.
943 4275 974 4323 de
999 4276 1048 4335 leg.
1074 4273 1117 4336 [D.
1137 4288 1158 4323 r.
1176 4274 1213 4337 3.]
1247 4271 1355 4323 ‘misc
1370 4276 1402 4326 de
1418 4288 1483 4323 mor.
1499 4278 1531 4325 ad

360 4364 536 4419 Niconis.
554 4377 577 4412 c.
601 4376 639 4411 12.
658 4363 697 4425 [p.
718 4364 789 4422 1136.
807 4378 830 4411 α.
851 4378 890 4413 vs.
913 4364 965 4426 sn]
1001 4363 1122 4414 ⁴Liv.1.
1144 4379 1165 4415 1.
1192 4366 1227 4427 [c.
1252 4366 1305 4429 aa]
1341 4365 1425 4415 'Liu
1452 4369 1469 4414 l.
1492 4380 1533 4425 nr.

362 4453 398 4515 [c.
412 4453 449 4515 6.]
473 4454 485 4487 ⁶
503 4455 600 4503 Gellius
613 4456 630 4501 l.
650 4454 687 4502 16.
699 4467 722 4503 c.
737 4469 761 4514 4.
787 4452 872 4502 ⁷Liv.
890 4457 907 4502 l.
924 4459 963 4511 ³8·
982 4452 1019 4517 [c.
1040 4456 1090 4519 rr.]
1105 4470 1129 4504 et
1144 4456 1245 4518 passim.
1270 4456 1395 4505 ⁸V.infra
1407 4456 1533 4507 informa.
