3450 5434
376 638 440 698 242
680 640 728 686 DE
751 640 847 706 JURE
873 638 1057 685 annuunt.
1083 638 1162 685 CAP.
1188 638 1256 685 xn.

374 790 445 855 dam
470 810 618 857 exercere
630 796 779 860 volentes
799 794 1027 878 prohibuisset
1039 812 1189 875 semper,
1213 812 1279 859 non
1296 807 1403 858 tamen
1417 810 1556 871 omnes,

373 903 452 985 quia
481 904 536 969 alii
566 903 700 971 fuerunt
730 907 914 991 prohibiti,
946 905 1002 971 alii
1024 924 1104 971 vero
1125 905 1227 970 libere
1250 918 1492 985 exercuerunt,
1518 903 1557 968 id

375 1014 508 1097 quidem
531 1034 598 1081 non
620 1018 784 1083 sufficeret
809 1040 848 1084 ex
873 1020 1045 1084 doctorum
1070 1016 1242 1083 sententia.
1268 1018 1420 1100 Apparet
1442 1030 1554 1082 autem

375 1126 493 1192 debere
514 1129 592 1193 haec
614 1129 725 1195 omnia
743 1149 961 1211 concurrere,
986 1146 1056 1195 tum
1077 1129 1157 1211 quia
1176 1128 1426 1211 praescriptioni
1447 1144 1556 1193 rerum

375 1238 581 1321 publicarum
613 1242 667 1305 lex
699 1241 831 1307 inimica
863 1257 935 1324 est,
969 1258 1038 1307 tum
1072 1257 1109 1306 ut
1141 1240 1293 1307 videatur
1327 1240 1559 1324 praescribens

374 1352 448 1435 jure
469 1371 553 1431 suo,
572 1371 639 1417 non
672 1368 780 1418 autem
812 1354 979 1420 communi
1013 1372 1116 1433 usus,
1150 1352 1250 1435 idque
1279 1372 1346 1417 non
1371 1351 1559 1435 interrupta

376 1463 596 1544 possessione.
650 1465 737 1530 Cum
773 1481 881 1531 autem
916 1480 1045 1547 tempus
1080 1466 1292 1547 postulatur,
1336 1465 1433 1549 cujus
1468 1464 1558 1529 initii

375 1594 442 1645 non
470 1590 576 1640 exstet
603 1577 779 1657 memoria,
811 1595 878 1642 non
907 1596 1033 1659 semper
1063 1576 1207 1657 sufficit,
1238 1592 1277 1641 ut
1306 1576 1423 1659 optimi
1455 1576 1558 1641 inter·

376 1700 484 1769 pretes
518 1688 699 1755 ostendunt
725 1696 759 1768 ¹,
793 1690 933 1771 probare
967 1690 1089 1754 saeculi
1125 1689 1275 1770 lapsum,
1311 1689 1369 1753 sed
1402 1703 1558 1755 constare

378 1814 509 1881 oportet
542 1783 663 1865 fatuam
691 1800 738 1865 rei
767 1800 987 1885 amajotibus
1020 1800 1061 1865 ad
1093 1820 1152 1865 nos
1174 1800 1421 1881 transmissam,
1445 1801 1492 1865 ita
1521 1816 1561 1865 ut

378 1930 474 1977 nemo
496 1913 660 1995 supersit,
694 1912 753 1994 qui
777 1911 978 1978 contrarium
1003 1910 1123 1976 viderit
1147 1926 1203 1976 aut
1226 1910 1399 1977 audiverit.
1449 1912 1559 1977 Occa-

378 2023 471 2089 sione
493 2044 600 2089 rerum
624 2023 855 2090 Africanarum
881 2023 914 2087 in
928 2023 1083 2088 ulteriora
1094 2022 1236 2106 primurn
1255 2024 1367 2089 oceani
1390 2022 1561 2105 inquirere

378 2150 579 2217 coeperunt,
604 2152 759 2219 regnante
770 2136 940 2220 Johanne,
955 2134 1109 2201 Lusitani
1133 2154 1217 2200 anno
1241 2135 1358 2201 salutis
1380 2135 1561 2201 millesimo

379 2247 701 2331 quadringentesimo
723 2246 965 2332 septuagesimo
989 2246 1130 2329 septimo
1150 2245 1183 2312 ²:
1218 2247 1338 2331 viginti
1362 2262 1442 2330 post
1464 2247 1560 2313 annis

379 2360 443 2425 sub
475 2378 550 2443 rege
582 2361 780 2425 Immanuele
814 2360 1076 2441 promontorium
1101 2360 1209 2425 Bonae
1234 2359 1312 2442 Spei
1334 2360 1560 2442 praeternavi-

380 2486 490 2555 gatum
514 2487 586 2552 est,
618 2472 790 2553 seriusque
816 2473 922 2537 multo
946 2486 1081 2538 ventum
1106 2472 1286 2537 Malaccam
1311 2472 1406 2537 etad
1432 2472 1560 2537 insulas

379 2582 592 2664 remotiores,
617 2584 657 2649 ad
680 2602 761 2666 quas
783 2584 896 2649 Batavi
918 2582 1070 2668 navigare
1090 2598 1269 2666 coeperunt
1280 2602 1364 2649 anno
1378 2583 1556 2651 millesimo

381 2695 645 2780 quingentesimo
676 2695 886 2779 nonagesimo
918 2694 1059 2777 quinto,
1092 2714 1158 2761 non
1190 2696 1291 2761 dubie
1323 2695 1409 2760 intra
1434 2714 1557 2761 annum

381 2807 604 2873 centesimum.
647 2808 718 2892 Jam
750 2828 830 2873 vero
863 2806 959 2873 etiam
994 2828 1032 2873 eo
1065 2808 1158 2889 quod
1190 2806 1376 2873 intercessit
1409 2824 1559 2891 ternpore

381 2918 520 2986 aliorum
544 2919 714 3003 usurpatio
734 2920 892 2986 adversus
912 2918 996 2985 alios
1017 2919 1113 2986 etiam
1135 2938 1250 2987 omnes
1271 2918 1446 3002 impedivit
1466 2940 1562 3002 prae·

382 3031 604 3114 scriptionem.
658 3032 838 3097 Castellani
874 3032 914 3097 ab
949 3051 1035 3097 anno
1074 3030 1249 3097 millesimo
1289 3030 1559 3116 quingentesimo

381 3142 510 3208 decimo
540 3159 628 3209 nono
661 3144 902 3227 possessionem
936 3142 1104 3209 Lusitanis
1138 3144 1237 3209 maris
1270 3143 1357 3209 circa
1383 3144 1560 3210 Moluccas

381 3255 566 3340 ambiguam
588 3254 703 3321 fecere.
750 3256 841 3322 Galli
864 3255 960 3322 etiam
985 3269 1017 3321 et
1041 3254 1144 3339 Angli
1167 3274 1233 3321 non
1258 3257 1468 3335 clanculum,
1500 3256 1560 3323 sed

381 3367 417 3433 vi
448 3383 559 3449 aperta
590 3387 629 3433 eo
661 3383 890 3451 perruperunt.
936 3368 1104 3433 Praeterea
1135 3369 1263 3434 accolae
1298 3366 1404 3433 totius
1433 3382 1561 3433 tractus

383 3476 533 3543 Africani
564 3493 621 3545 aut
651 3479 792 3546 Asiatici
823 3493 947 3563 partem
982 3478 1080 3544 maris
1112 3478 1255 3562 quisque
1289 3478 1354 3544 sibi
1377 3479 1561 3561 proximam

382 3591 539 3674 piscando
560 3607 593 3657 et
611 3591 796 3677 navigando
820 3607 982 3675 perpetuo
1006 3606 1229 3674 usurparunt,
1253 3611 1433 3674 numquam
1454 3612 1473 3656 a
1492 3592 1563 3657 Lu-

358 3702 497 3783 sitanis
518 3703 691 3787 prohibiti.
738 3704 943 3769 Conclusum
974 3702 1076 3787 igitur
1101 3702 1145 3768 sit
1165 3704 1220 3787 jus
1244 3705 1372 3769 nullum
1397 3723 1468 3771 esse
1492 3704 1561 3769 Lu·

381 3815 519 3897 sitanis,
553 3835 623 3899 quo
644 3816 739 3882 aliam
763 3815 917 3899 quamvis
941 3830 1069 3901 gentem
1094 3836 1112 3879 a
1133 3814 1343 3899 navigatione
1366 3814 1486 3881 oceani
1520 3817 1564 3883 ad

383 3927 483 3995 Indos
505 3928 712 4011 prohibeant.

426 4041 531 4128 Quod
552 4041 579 4106 si
603 4040 713 4107 dicant
744 4040 898 4108 Lusitani
932 4058 1005 4105 cum
1038 4038 1129 4106 Indis
1161 4038 1353 4105 commercia
1386 4040 1561 4105 exercendi

379 4154 435 4237 jus
458 4152 623 4235 quoddam
646 4152 815 4236 proprium
839 4154 880 4218 ad
903 4170 936 4219 se
961 4150 1147 4237 pertinere,
1171 4151 1288 4217 iisdem
1310 4149 1377 4216 iere
1399 4152 1560 4218 omnibus

383 4265 581 4350 argumentis
614 4264 815 4332 refellentur.
867 4267 1067 4349 Repetemus
1102 4262 1244 4331 breviter
1279 4276 1312 4329 et
1354 4262 1554 4347 aptabimus.

417 4502 426 4536 ¹
444 4506 550 4555 covarr.
563 4504 590 4554 in
606 4518 629 4554 c.
646 4517 787 4567 possessor.
804 4518 830 4566 p.
849 4518 875 4553 a.
893 4503 914 4565 ς.
934 4515 956 4561 s.
974 4516 999 4551 n.
1017 4504 1040 4551 6.
1075 4500 1086 4535 ²
1105 4502 1213 4551 osorius
1233 4504 1250 4549 l.
1271 4514 1293 4549 r.
