3450 5434
380 650 423 715 94
674 646 721 695 un
745 644 838 713 Juuu
864 644 1048 696 uunuuas.
1074 644 1153 696 cnn.
1177 645 1260 699 vm.

379 802 442 871 sit:
466 804 542 887 quia
572 802 630 870 vix
662 818 711 871 est
738 818 777 869 ut
806 802 918 887 justus
944 802 1062 869 modus
1085 819 1243 874 servetur.
1288 806 1375 873 Nam
1396 806 1488 889 fere,
1513 820 1552 874 ut

378 916 467 998 apud
498 917 651 981 Senecam
673 927 683 961 ¹
704 929 777 995 est,
804 933 872 980 non
896 912 923 979 it
944 914 1003 979 sed
1022 913 1150 997 agitur,
1174 916 1233 998 qui
1255 936 1322 984 non
1344 920 1475 985 mandat
1498 922 1551 985 ul·

378 1023 524 1106 tionem,
556 1025 614 1091 sed
642 1025 713 1108 ipse
746 1026 818 1110 ejus
852 1039 982 1090 exactor
1004 1024 1111 1090 animo
1134 1022 1233 1093 simul
1255 1048 1291 1093 ac
1313 1048 1411 1096 manu
1434 1028 1550 1096 saevit.

377 1138 523 1219 Ideoque
553 1136 744 1220 Principes,
784 1135 842 1219 qui
876 1134 1057 1202 constituto
1084 1136 1283 1219 judiciorum
1313 1139 1450 1221 ordine,
1485 1138 1549 1207 soli

377 1246 441 1313 nisi
471 1269 528 1332 per
557 1266 591 1313 se
621 1246 780 1313 vindicari
811 1266 878 1313 uon
912 1260 1075 1330 possunt,
1097 1246 1263 1314 admoneri
1283 1251 1412 1330 solent,
1435 1264 1474 1316 ut
1497 1251 1548 1316 ul·

374 1361 500 1427 tionem
529 1358 717 1441 impendant
746 1374 814 1423 non
843 1355 957 1423 dolore
989 1356 1045 1421 sed
1075 1360 1223 1440 exemplo
1246 1355 1268 1426 ².
1313 1359 1416 1447 Quod
1437 1374 1549 1427 autem

376 1490 465 1536 nunc
487 1469 592 1535 estin
619 1466 829 1550 Principibus
860 1466 935 1533 ideo
958 1467 1036 1549 quia
1056 1467 1112 1551 jus
1133 1468 1231 1535 civile
1253 1468 1287 1533 in
1308 1466 1420 1552 aliquo
1432 1470 1549 1536 debuit

376 1580 546 1662 desinere,
578 1576 612 1644 id
638 1579 672 1645 in
694 1578 833 1664 singuiis
855 1576 933 1643 olim
954 1576 1059 1644 fuisse
1078 1578 1162 1645 ratio
1185 1579 1342 1646 naturalis
1362 1581 1547 1663 persuadet.

377 1694 423 1759 Et
452 1692 544 1776 quod
572 1704 646 1757 ante
674 1689 798 1775 judicia
825 1688 915 1769 fuit,
947 1688 1032 1754 idem
1064 1688 1125 1755 erit
1145 1689 1281 1774 judiciis
1303 1690 1424 1773 quovis
1446 1690 1547 1758 modo

376 1802 537 1884 sublatis,
560 1801 684 1868 ratione
705 1800 770 1866 loci
793 1814 850 1866 aut
868 1798 1034 1882 temporis.
1079 1800 1154 1867 Nec
1173 1800 1264 1867 aliud
1282 1800 1363 1867 mihi
1383 1816 1548 1885 spectasse

375 1914 552 1995 videntur,
585 1912 644 1995 qui
674 1909 883 1977 crediderunt
904 1924 1101 1995 tyrannum,
1125 1910 1188 1977 hoc
1220 1927 1270 1977 est
1299 1912 1384 1998 iuris
1404 1912 1547 1997 judicio-

375 2043 515 2106 rumque
537 2038 782 2105 oppressorem,
805 2040 824 2085 a
845 2020 983 2103 privatis
1005 2034 1091 2087 recte
1114 2019 1266 2088 interfici.
1291 2022 1330 2087 In
1353 2042 1451 2105 quarn
1473 2042 1547 2089 sen·

374 2132 509 2199 tendam
532 2132 719 2199 Stoicorum
745 2131 901 2214 placitum
923 2130 1026 2214 accipi
1056 2145 1189 2215 potest,
1221 2130 1279 2214 qui
1306 2132 1464 2199 affirmant
1495 2152 1545 2199 sa·

374 2244 517 2328 pientem
549 2262 728 2324 numquam
763 2260 834 2307 esse
867 2241 1056 2325 privatum,
1095 2244 1187 2325 quod
1219 2243 1361 2309 Nasicae
1395 2247 1546 2327 exemplo

376 2353 541 2422 Tullius·
559 2352 694 2436 probat:
725 2371 794 2435 quo
827 2367 860 2418 et
888 2351 1048 2419 Horatius
1070 2358 1082 2397 ⁴
1105 2352 1237 2437 respicit
1270 2354 1303 2421 in
1328 2354 1481 2421 Carmine
1504 2355 1547 2421 ad

374 2464 540 2531 Lollium:
574 2463 757 2549 consulque
790 2483 854 2528 non
888 2462 988 2528 onius
1021 2467 1127 2543 anni,
1162 2479 1195 2531 et
1225 2484 1310 2549 qpae
1343 2480 1543 2547 sequuntur.

374 2577 449 2659 lpse
469 2574 564 2641 etiam
584 2573 782 2639 Plutarchus
799 2584 830 2652 ⁸,
855 2592 1052 2655 quamquam
1076 2574 1215 2641 alterius
1232 2574 1398 2656 familiae,
1420 2575 1455 2641 in
1482 2576 1548 2643 bac·

372 2701 464 2772 parte
495 2704 560 2751 non
593 2683 767 2751 dissentit:
800 2682 859 2751 sed
888 2682 996 2749 virum
1030 2683 1159 2750 civilem
1192 2686 1233 2751 ab
1260 2686 1332 2769 ipsa
1359 2700 1475 2753 natura
1497 2686 1544 2753 ait

371 2794 595 2883 magistratum
632 2793 795 2879 designari
833 2794 872 2859 et¹
904 2792 1036 2875 quidem
1083 2810 1301 2879 perpetuum,
1351 2816 1544 2881 semperque

372 2912 477 2995 legem
506 2906 538 2974 ei
568 2905 786 2990 principatum
820 2902 970 2986 deferre,
1006 2904 1065 2987 qui
1087 2920 1161 2991 agat
1179 2909 1290 2991 justa,
1320 2907 1409 2973 norit
1430 2905 1544 2973 utilia:

372 3038 481 3101 neque
511 3038 585 3083 eum
616 3030 724 3081 nmen
753 3016 815 3080 hac
848 3028 1008 3097 potestate
1041 3034 1202 3098 usurum,
1224 3016 1289 3083 nisi
1312 3036 1386 3083 cum
1409 3016 1545 3100 perfidia

373 3144 430 3195 aut
452 3127 602 3194 socordia
621 3144 756 3205 eorum,
780 3122 839 3205 qui
857 3123 991 3207 publica
1007 3124 1119 3192 munia
1137 3146 1178 3193 ex
1195 3126 1352 3211 suffragio
1370 3127 1544 3210 obtinent,

373 3258 439 3304 rem
463 3238 497 3302 in
519 3237 702 3321 periculum
725 3233 889 3300 adduxit·
918 3236 1044 3301 Caesar
1061 3239 1096 3317 ⁶,
1128 3237 1156 3302 is
1188 3237 1247 3320 q'ui
1269 3252 1383 3320 postea
1405 3238 1545 3304 dictator

371 3347 460 3429 fuit,
483 3365 556 3413 cum
578 3346 728 3431 privatus
751 3344 927 3410 etiamnum
950 3360 1057 3427 esset,
1079 3344 1222 3430 piratas,
1245 3368 1264 3414 a
1285 3347 1408 3431 quibus
1427 3363 1544 3431 captus

373 3474 448 3526 ante
478 3457 609 3539 fuerat,
641 3458 744 3523 classe
785 3454 999 3523 tumultuaria
1021 3472 1210 3539 persecutus
1234 3471 1307 3540 est,
1329 3458 1543 3541 ipsorumque

372 3588 472 3637 naves
500 3568 616 3652 partim
646 3565 797 3653 negavit,
828 3565 945 3650 partim
972 3566 1103 3633 mersit:
1127 3587 1270 3651 cumque
1287 3572 1464 3652 proconsul
1484 3588 1542 3635 ne-

373 3680 510 3765 gligeret
529 3676 840 3745 animaduersionem
861 3675 895 3743 in
915 3676 1063 3759 captivos
1082 3693 1216 3761 sontes,
1239 3678 1309 3762 ipse
1328 3699 1385 3747 eos
1402 3678 1435 3745 in
1454 3699 1542 3746 mare

370 3780 489 3858 iterum
510 3787 626 3855 tectus
658 3787 782 3853 suffixit
806 3788 915 3854 cruci:
940 3787 1018 3872 quia
1040 3787 1168 3855 scilicet
1189 3803 1221 3855 et
1239 3790 1342 3875 judex
1362 3788 1543 3873 requisitus

372 3895 516 3968 officium
536 3896 608 3965 non'
626 3898 789 3978 faciebat,
808 3912 841 3964 et
860 3898 895 3965 in
913 3898 992 3965 mari
1013 3898 1048 3964 id
1067 3901 1161 3965 nullo
1188 3899 1321 3982 piaculo
1348 3900 1419 3967 fieri
1447 3920 1544 3983 posse

371 4012 563 4092 videbatur,
587 4009 646 4077 ubi
667 4029 733 4077 non
753 4008 884 4093 scriptis
905 4010 1051 4095 legibus,
1074 4010 1133 4077 sed
1151 4010 1296 4095 gentium
1314 4013 1387 4097 iure
1406 4010 1543 4079 vivitur.

370 4216 566 4230 —n-—

405 4353 677 4409 ¹deirabs.c.s.
710 4346 794 4397 istu.
814 4349 847 4398 de
867 4352 978 4399 clenni.
997 4363 1115 4401 ωηο.
1148 4349 1543 4415 ⁸Tusc.l.4.[c.ua.§.st.]

369 4444 448 4492 ⁴0d.
470 4446 488 4491 Ι.
512 4456 537 4503 4
560 4456 584 4504 p
604 4440 656 4503 [va.
674 4437 726 4502 so]
763 4438 818 4487 ‘lu
831 4452 916 4498 praec.
932 4441 1008 4501 polit.
1027 4440 1066 4506 [p.
1084 4445 1141 4499 81³.
1153 4454 1177 4491 c.
1191 4454 1217 4489 et
1230 4456 1256 4501 p.
1270 4440 1414 4505 817.d.e.]
1449 4439 1545 4489 ‘Veii

335 4522 343 4533 ⁴
370 4537 466 4583 Patere.
483 4536 501 4581 1.
516 4546 539 4581 a
557 4530 592 4596 [c.
604 4544 646 4592 42
664 4534 685 4588 ς.
700 4542 723 4577 a.
735 4527 785 4593 aq.]
805 4530 870 4580 Plut·
889 4528 915 4579 in
930 4533 1003 4581 Caes.
1023 4530 1061 4595 [p.
1076 4534 1133 4589 708.
1147 4528 1204 4581 ab
1221 4530 1257 4593 c.]

1716 696 1720 847 i
