3450 5434
496 650 542 697 DE
565 650 659 716 Juuu
684 649 868 704 tuotone,
893 649 974 695 cAP.
999 649 1066 695 ull.
1304 648 1367 711 219

195 806 325 891 legibus
345 819 506 870 vocantur
527 812 562 885 ¹,
585 806 649 870 hoc
671 820 720 870 est
740 804 924 870 communia
946 804 1115 884 omniurn,
1140 804 1271 887 propria
1293 806 1367 870 nul·

193 917 272 983 lius.
320 917 431 1001 Hujus
462 914 590 1000 generis
620 930 670 980 est
694 919 769 996 air,
794 914 918 999 duplici
942 914 1091 996 ratione,
1116 930 1186 981 tum
1210 915 1289 997 quia
1311 936 1367 981 oc·

194 1026 308 1111 cupari
339 1046 405 1094 non
437 1041 571 1111 potest,
601 1042 673 1093 tum
704 1026 783 1109 quia
806 1045 903 1093 usum
927 1026 1151 1110 promiscuum
1176 1026 1367 1093 hominibus

194 1138 305 1205 debet.
351 1138 399 1204 Et
429 1138 552 1204 eisdem
582 1139 622 1204 de
656 1138 764 1204 causis
798 1158 972 1205 commune
1006 1153 1055 1203 est
1088 1138 1235 1203 omniurn
1270 1138 1367 1203 maris

196 1252 415 1332 elementum,
448 1248 614 1315 infinitum
647 1250 774 1316 scilicet
806 1250 876 1330 ita,
911 1264 949 1315 ut
972 1250 1132 1334 possideri
1154 1268 1221 1315 non
1245 1264 1366 1331 queat,

196 1376 230 1426 et
251 1360 398 1427 omnium
429 1362 547 1427 usibus
577 1360 880 1441 accommodatum,
904 1364 971 1429 sive
993 1340 1240 1448 navigationem
1264 1364 1368 1446 respi-

194 1476 318 1551 cimus,
338 1476 527 1541 sinceriora
541 1475 756 1558 piscaturam
776 1470 798 1537 ¹.
839 1472 948 1556 Cujus
966 1486 1073 1538 autem
1091 1471 1176 1557 juris
1196 1486 1246 1538 est
1263 1492 1366 1551 mare,

123 1666 127 1673 .
196 1584 341 1667 ejusdem
373 1598 475 1664 sunt,
507 1583 535 1648 si
558 1603 625 1665 qua
646 1602 734 1648 mare
755 1582 828 1648 aliis
851 1583 967 1648 usibus
991 1583 1159 1667 eripiendo
1182 1602 1242 1649 sua
1264 1582 1367 1665 fecit,

195 1710 234 1761 ut
256 1714 371 1761 arenae
401 1695 522 1775 maris,
555 1714 697 1777 quorum
721 1713 797 1777 pars
820 1694 914 1760 terris
937 1695 1094 1762 continua
1116 1695 1209 1779 littus
1233 1695 1366 1762 dicitur.

195 1806 300 1873 Recte
322 1805 426 1891 igitur
449 1806 569 1872 Cicero
589 1814 620 1870 ⁸:
654 1803 748 1889 Quid
766 1820 837 1871 tam
860 1819 1027 1871 commune
1049 1827 1149 1891 quam
1173 1827 1267 1871 mara
1283 1807 1367 1893 stuc·

194 1918 395 1998 tuentibus,
427 1918 525 1983 littus
557 1918 697 2002 ejectis?
743 1916 853 1983 Etiam
877 1916 1042 2001 Virgilius
1065 1937 1199 1997 auram,
1223 1917 1366 1998 undam,

195 2029 290 2095 littus
323 2029 454 2095 cunctis
476 2044 587 2113 patere
611 2028 702 2094 dicit.
748 2028 839 2094 Haec
862 2028 965 2114 igitur
986 2044 1064 2095 sunt
1087 2030 1166 2109 ilia,
1190 2048 1273 2111 quae
1298 2028 1368 2093 Ro-

194 2140 280 2207 mani
300 2140 312 2176 ⁴
331 2154 452 2206 vocant
483 2140 669 2206 communia
703 2140 848 2207 omnium
880 2142 953 2226 jure
989 2140 1151 2221 naturali,
1186 2153 1243 2205 aut
1276 2140 1366 2222 quod

195 2251 280 2316 idem
314 2269 384 2318 esse
415 2251 583 2333 diximus,
615 2252 748 2334 publiea
776 2252 861 2336 juris
893 2253 1061 2337 gentium,
1094 2251 1183 2318 sicut
1216 2266 1248 2316 et
1270 2272 1366 2317 usum

144 2436 158 2453 .
195 2382 307 2428 eorum
329 2363 430 2429 modo
449 2382 656 2429 communem
675 2363 774 2429 modo
793 2363 963 2446 publicum
985 2378 1113 2429 vocant.
1160 2362 1365 2450 Quamquam

194 2494 274 2540 vero
306 2474 403 2539 etiam
426 2494 464 2539 ea
485 2474 612 2540 nullius
643 2494 737 2555 esse,
770 2475 861 2557 quod
892 2474 933 2539 ad
962 2474 1193 2557 proprietatem
1226 2474 1366 2555 attinet,

197 2600 283 2650 reete
304 2585 473 2668 dicantur,
495 2587 635 2651 multum
659 2601 766 2652 tamen
791 2585 950 2652 differunt
973 2588 1020 2651 air
1035 2586 1111 2668 his,
1135 2606 1220 2668 quae
1241 2586 1367 2653 nullius

195 2712 328 2763 suntet
350 2697 515 2763 communi
539 2698 615 2763 usui
638 2697 798 2764 attributa
820 2716 887 2763 non
913 2712 1014 2778 sunt,
1044 2712 1082 2763 ut
1103 2696 1213 2778 ferae,
1236 2697 1366 2780 pisces,

196 2827 291 2874 aves:
324 2828 396 2874 nam
429 2808 489 2873 ista
518 2807 546 2875 si
570 2808 647 2891 quis
679 2823 845 2891 occupet,
879 2808 911 2873 in
941 2808 997 2892 jus
1028 2808 1198 2892 proprium
1231 2807 1368 2873 transire

194 2933 356 3002 possunt,
385 2918 441 2984 illa
463 2938 543 2985 vero
567 2920 671 2987 totius
694 2918 908 2986 humanitatis
931 2938 1094 2985 consensu
1117 2918 1309 3002 proprietati
1333 2919 1366 2983 in

193 3045 387 3115 perpetuum
410 3045 544 3114 excepta
563 3047 665 3112 suut,
689 3046 822 3114 propter
842 3050 962 3113 usum,
988 3031 1045 3113 qui
1057 3050 1130 3095 curn
1142 3030 1185 3096 sit
1195 3030 1367 3112 omniurn,

192 3161 260 3209 non
292 3142 395 3227 magis
426 3143 581 3209 omnibus
612 3143 657 3216 ab,
687 3162 754 3208 uno
788 3141 869 3225 eripi
902 3157 1036 3227 potest,
1071 3161 1167 3225 quarn
1191 3162 1209 3208 a
1231 3158 1263 3208 te
1286 3142 1368 3209 mihi

194 3253 286 3336 quod
316 3274 422 3319 meum
455 3269 515 3319 est.
561 3254 637 3319 Hoe
668 3269 719 3319 est
749 3254 841 3337 quod
876 3253 995 3320 Cicero
1015 3254 1027 3289 ⁸
1047 3254 1129 3321 dicit
1159 3254 1243 3321 inter
1265 3242 1369 3339 prima

195 3384 265 3432 esse
294 3365 443 3450 justitiae
474 3385 630 3447 munera,
662 3366 761 3432 rebus
794 3365 1026 3432 communibus
1056 3386 1117 3449 pro
1139 3367 1370 3433 communibus

195 3477 258 3542 uti.
313 3476 508 3542 Scholastiei
548 3477 696 3543 dicerent
734 3496 808 3543 esse
844 3477 1031 3542 communia
1064 3478 1126 3543 alia
1158 3478 1368 3559 affirmative,

192 3587 255 3653 alia
287 3587 461 3670 privative.
507 3587 691 3654 Distinctio
726 3588 806 3653 haec
838 3607 905 3655 non
939 3588 1038 3654 modo
1064 3588 1369 3672 jurisprudentibus

193 3699 313 3766 usitata
343 3713 414 3779 est,
447 3699 505 3765 sed
537 3699 630 3783 vulgi
663 3699 760 3765 etiam
793 3698 1035 3765 confessionem
1071 3700 1243 3783 exprimit:
1280 3701 1366 3767 unde

197 3862 393 3873 ..ο-ι*

229 3957 273 4004 ¹1.
297 3960 343 4005 ult.
367 3958 393 4006 ff.
417 3961 449 4006 de
467 3972 538 4007 usuc.
559 3958 602 4022 [D.
619 3974 662 4019 41.
682 3960 718 4021 3.]
753 3956 764 3990 ²
782 3963 798 4008 1.
817 3960 914 4009 Aristo.
932 3960 957 4009 t.
977 3962 1008 4009 de
1024 3974 1072 4009 rer.
1091 3962 1144 4009 div.
1164 3960 1208 4025 [D.
1229 3974 1250 4010 1.
1271 3966 1294 4010 8.
1317 3962 1367 4024 10.]

192 4046 282 4095 'loco
299 4062 374 4108 supra
395 4050 484 4098 citato.
518 4048 608 4098 ⁴Inst.
634 4053 666 4099 de
684 4065 733 4099 rer.
751 4050 805 4099 div.
824 4055 845 4110 5.
863 4063 888 4099 et
907 4052 1009 4112 quidem
1028 4052 1144 4100 naturali.
1162 4064 1187 4100 er
1205 4056 1226 4111 5.
1245 4052 1368 4101 littorum.

194 4136 228 4201 [1.
254 4152 276 4186 2.
306 4151 326 4187 1.
352 4142 374 4198 5.
399 4152 419 4188 1.
444 4153 468 4188 et
493 4144 514 4199 5.
539 4140 574 4203 5.]
603 4142 659 4202 Dig.
687 4143 719 4190 de
745 4156 794 4190 rer.
812 4142 865 4191 div.
884 4144 901 4190 1.
922 4156 943 4191 1.
962 4155 986 4191 et
1006 4145 1022 4190 Ι.
1043 4156 1065 4190 r.
1084 4157 1108 4191 et
1128 4146 1144 4191 1.
1164 4143 1261 4192 Aristo.
1279 4158 1310 4191 eo
1329 4144 1368 4193 tit.

194 4228 239 4290 [D.
266 4242 286 4276 1.
309 4228 345 4293 8.]
369 4232 386 4278 1.
409 4232 480 4291 quod
501 4231 528 4279 in
550 4233 645 4280 littore.
668 4244 693 4280 et
716 4235 732 4280 1.
757 4234 882 4293 quamvis.
900 4234 925 4282 ff.
944 4236 974 4283 de
993 4248 1048 4294 aeq.
1066 4248 1116 4282 rer.
1135 4235 1203 4282 dom.
1224 4232 1268 4297 [D.
1286 4248 1326 4295 41.
1348 4247 1368 4283 1.

196 4332 235 4379 14.
258 4331 284 4367 et
309 4320 363 4382 50·]
389 4322 407 4369 t.
433 4320 590 4377 injuriarum.
609 4326 631 4381 5.
648 4322 669 4371 si
686 4324 743 4384 quis
761 4336 811 4372 me.
827 4323 852 4372 ff.
871 4327 902 4373 de
922 4323 1030 4381 iniuriis.
1051 4325 1154 4386 [1247.
1176 4338 1213 4373 ιο.
1235 4338 1272 4382 13.
1290 4329 1312 4384 5.
1331 4328 1367 4388 7.]

190 4412 209 4457 1.
226 4410 314 4459 littora
338 4410 363 4460 ff.
388 4426 421 4461 ne
444 4413 507 4473 quid
530 4413 556 4461 in
574 4416 626 4463 loc.
643 4414 715 4475 publ.
734 4415 779 4477 [D.
796 4428 838 4477 4³·
857 4418 880 4463 8.
899 4414 936 4479 3.]
957 4428 1014 4465 cum
1033 4418 1050 4463 l.
1068 4429 1121 4477 seq.
1155 4416 1166 4447 ⁸
1185 4416 1235 4465 Off.
1255 4418 1272 4465 1.
1294 4430 1314 4465 1.
1334 4418 1369 4479 [c.

192 4514 217 4559 r·
235 4505 257 4560 t·
276 4502 331 4564 αα]
