3450 5434
492 658 541 705 D!
563 658 658 726 jule!
683 658 869 709 PRAEDAE·
893 661 974 709 CAP.
998 661 1081 710 vm.
1312 661 1372 723 103

194 811 311 879 niendi
331 832 468 877 causam
489 812 633 890 habent,
649 812 778 879 modum
799 836 864 880 non
886 816 1021 882 habent.
1047 814 1104 883 Ad
1118 815 1182 881 hoc
1204 827 1312 881 autem
1332 833 1373 881 ne
1385 806 1505 912 mg*

193 923 279 989 alius
298 942 358 1005 pro
380 923 446 989 alio
470 922 547 988 belli
569 922 664 990 malis
684 925 863 1008 afficiatur,
885 927 1065 993 notandum
1078 940 1128 995 est
1138 925 1303 993 interdum
1314 924 1374 991 ali·

194 1052 292 1115 quem
310 1053 351 1099 ex
367 1032 456 1101 facto
474 1052 536 1099 suo
555 1035 688 1118 proprio
707 1050 765 1104 aut
784 1038 952 1105 communi
970 1036 1128 1122 obligari,
1149 1033 1313 1102 interdum
1332 1055 1373 1102 ex

195 1145 324 1228 alieno,
340 1144 553 1228 praecedente
572 1160 681 1213 tamen
698 1161 756 1213 aut
775 1163 933 1230 sequente
953 1146 1044 1215 facto
1065 1163 1141 1215 suo:
1159 1146 1251 1229 quod
1269 1144 1311 1213 ad
1327 1147 1373 1212 le-

195 1275 251 1340 ges
281 1256 379 1339 primi
401 1256 526 1323 44411414
548 1272 710 1339 quantum
729 1258 872 1341 pertinet
892 1260 1001 1327 locum
1019 1259 1138 1325 habete
1158 1276 1225 1325 non
1242 1269 1371 1339 potest:

195 1366 276 1431 istae
295 1365 382 1433 enim
399 1365 524 1433 factum
543 1388 647 1435 unum
666 1367 863 1452 respiciunt,
885 1389 993 1452 neque
1011 1369 1110 1437 animi
1131 1369 1254 1435 habent
1273 1366 1371 1433 ratio·

193 1476 356 1543 nemtsed
371 1477 406 1544 in
422 1479 645 1545 contractibus
658 1499 755 1563 saepe
772 1479 910 1559 accidit,
923 1481 957 1547 in
978 1480 1106 1547 delictis
1118 1479 1213 1547 etiam
1226 1476 1372 1544 accidere

194 1602 325 1670 potest,
346 1602 508 1671 quatenus
526 1610 633 1673 poena
649 1590 760 1657 delicti
778 1591 966 1674 pecuniaria
984 1606 1035 1659 est
1052 1591 1122 1659 sive
1140 1590 1182 1659 ad
1200 1588 1372 1655 facultates

193 1696 353 1779 pertinet:
377 1697 464 1764 unde
489 1699 676 1766 vadimonia
695 1710 717 1766 ¹.
762 1701 829 1767 Sed
848 1720 973 1785 poenae
1000 1700 1177 1786 corporalis
1208 1697 1371 1765 vicarium

190 1808 266 1893 jura
284 1811 296 1846 ⁸
315 1826 383 1875 non
404 1809 580 1893 recipiunt.
616 1810 718 1877 Ratio
741 1826 790 1878 est
812 1811 893 1894 quia
910 1832 1005 1880 nemo
1023 1825 1133 1896 potest
1152 1810 1188 1877 id
1206 1809 1370 1894 obligare,

195 1919 229 1984 in
250 1920 344 2002 quod
362 1920 544 1987 dominium
565 1939 634 1987 non
654 1923 755 1991 lrabet
772 1924 797 1993 ⁸.
829 1924 869 1991 ln
888 1944 939 1991 res
959 1923 1142 1993 dominium
1163 1921 1259 1989 nobis
1279 1919 1373 1987 Deus

194 2029 305 2110 dedit,
328 2032 362 2097 in
383 2051 443 2098 nos
467 2032 557 2116 ipsos
579 2032 717 2101 retinuit
745 2035 828 2101 sibi:
851 2055 953 2117 quare
985 2054 1058 2101 cum
1082 2034 1164 2102 libet
1185 2034 1271 2099 bona
1293 2029 1373 2097 alie·

194 2160 270 2208 nare
290 2163 487 2226 possumus,
511 2143 612 2209 vitam
636 2146 799 2228 deponere
821 2163 888 2213 non
911 2164 1090 2230 possumus
1109 2148 1143 2227 ⁴,
1167 2144 1255 2210 sicut
1277 2160 1373 2209 servo

193 2252 359 2336 peculium
383 2253 495 2337 datur,
520 2254 555 2320 in
576 2275 611 2322 se
630 2269 777 2339 potestas
798 2276 866 2324 non
889 2257 999 2324 datur.
1030 2256 1175 2322 Primum
1199 2253 1300 2340 Igitur
1318 2271 1372 2317 so·

194 2364 267 2430 cius
279 2384 319 2431 ex
337 2363 426 2431 facto
442 2365 525 2433 socii
545 2367 636 2449 quod
651 2366 836 2451 obligatur,
857 2368 892 2435 id
914 2367 1005 2436 facto
1024 2366 1128 2451 ipsius
1150 2364 1288 2445 accidit,
1308 2364 1373 2429 hoc

195 2490 297 2541 estre
325 2474 418 2559 ipsa,
441 2495 510 2543 nou
530 2478 626 2559 quasi
655 2498 696 2543 ex
715 2479 944 2547 conventione.
988 2478 1076 2547 Nam
1094 2477 1137 2555 'si
1155 2476 1302 2543 debitum
1325 2474 1372 2543 rei

195 2585 387 2670 respicimus
403 2585 526 2670 optime
541 2604 574 2655 et
590 2609 631 2655 ex
647 2589 809 2673 aequitate
825 2590 997 2659 naturalia
1013 2588 1178 2675 theologis
1191 2585 1372 2654 ‘traditum

195 2713 263 2779 est,
282 2717 411 2763 causam
428 2699 619 2781 aequalitati
631 2717 793 2784 praestare
808 2720 923 2769 omnes
938 2701 1077 2782 debere,
1093 2699 1151 2782 qui
1168 2718 1297 2765 causam
1315 2696 1385 2763 ali·'

195 2829 264 2891 quo
280 2809 380 2876 modo
398 2810 623 2893 inaequalitati
642 2812 884 2895 praestiterunt.
907 2811 1112 2879 Praestitisse
1130 2824 1238 2877 autem
1257 2809 1372 2875 dicun·

195 2934 252 2986 tur
266 2940 333 2986 non
351 2920 387 2987 hi
405 2936 555 3006 tantum,
577 2923 636 3006 qui
653 2922 717 3006 ipsi
737 2921 894 2990 auferunt
915 2936 972 2992 aut
992 2920 1162 2997 detinent,
1185 2919 1244 2985 sed
1261 2934 1295 2985 et
1316 2917 1372 2985 alii

195 3031 255 3113 qui
270 3030 427 3099 ablationi
440 3034 588 3117 J’ussum,
601 3033 797 3116 consilium,
810 3050 1025 3115 consensum,
1041 3050 1173 3116 operam
1187 3043 1371 3114 praestant,

194 3156 253 3207 aut
267 3142 327 3224 qui
341 3158 455 3227 postea
469 3144 653 3227 impediunt
666 3144 844 3229 quominus
857 3144 916 3213 fiat
928 3143 1106 3217 restitutio.
1126 3143 1249 3210 Omnes
1263 3156 1371 3209 autem

194 3253 278 3320 socii
301 3269 358 3320 aut
379 3256 462 3335 hoc,
486 3269 542 3321 aut
561 3255 645 3322 illud
666 3255 807 3323 faciunt:
831 3275 931 3339 quare
951 3274 1083 3322 necesse
1104 3254 1206 3321 estin
1227 3252 1368 3320 solidum

193 3364 345 3450 singulos
359 3366 497 3451 obligari
507 3364 538 3449 ⁸,
558 3386 701 3449 quotum
718 3368 844 3433 auxilio
862 3388 936 3451 pars
951 3367 1066 3450 iniqua
1082 3366 1255 3448 audacior,
1270 3364 1371 3431 altera

194 3475 341 3543 timidior
372 3477 539 3544 redditur:
570 3480 662 3560 quod
693 3479 728 3544 in
755 3480 844 3546 bello
867 3478 1047 3546 universim
1070 3477 1277 3545 considerato
1297 3495 1369 3560 per·

229 3733 238 3768 ¹
255 3736 276 3785 1.
292 3735 315 3786 41
334 3734 401 3797 quis.
417 3736 443 3784 tf.
454 3737 487 3785 tle
504 3748 569 3786 eust.
586 3748 654 3785 reor.
675 3735 720 3798 [1).
740 3738 782 3798 41.
796 3748 821 3793 a.
835 3736 874 3798 4.]
891 3734 953 3785 silv.
970 3734 996 3787 ln
1013 3749 1040 3784 v.
1058 3732 1214 3791 Fideiussor.
1229 3738 1250 3794 5.
1266 3746 1290 3793 7.
1306 3736 1369 3783 441.

193 3823 206 3861 t
222 3828 289 3875 11444.
305 3826 333 3875 lo
349 3826 405 3877 l.sl
422 3826 487 3887 qula.
500 3825 528 3875 θ’.
540 3829 574 3877 de
590 3826 681 3887 poenit
696 3827 741 3889 [D.
757 3829 801 3887 41.
817 3840 856 3889 19.
871 3824 910 3890 6.]
924 3836 950 3877 et
966 3826 1015 3877 Dd.
1029 3825 1055 3875 in
1072 3828 1090 3875 1.
1107 3826 1156 3875 414
1172 3839 1227 3875 reo.
1244 3828 1267 3883 1.
1280 3823 1324 3875 fin.
1336 3838 1368 3874 eo

193 3918 235 3967 rit.
254 3916 319 3981 [non
336 3928 374 3966 444
391 3916 696 3979 14444144411146.
716 3930 739 3967 4.
757 3916 812 3979 ro]
847 3914 859 3949 ⁸
877 3915 1028 3967 111144.ῆῖ
1046 3917 1077 3965 sd
1095 3918 1113 3965 l.
1130 3917 1218 3983 Aquil.
1237 3916 1282 3982 [D.
1300 3930 1325 3979 9.
1343 3928 1366 3964 4.

197 4007 250 4074 rm]
269 4021 293 4057 4.
308 4008 333 4057 ti
350 4020 402 4058 non
424 4009 495 4057 lieet.
520 4006 610 4072 [Dect.
633 4009 702 4057 Grrt.
725 4020 753 4068 p.
777 4022 802 4057 4.
819 4019 861 4064 45.
880 4018 903 4063 5.
920 4005 957 4071 4.]
993 4006 1005 4041 ⁴
1022 4006 1093 4057 Facit
1110 4009 1160 4057 144
1177 4020 1225 4068 pro
1244 4006 1368 4067 opinione

195 4100 315 4149 Rusellae
332 4099 359 4147 in
372 4100 479 4160 summa,
487 4100 515 4148 in
524 4112 550 4160 q.
556 4100 589 4149 de
601 4097 695 4156 indiae.
704 4099 736 4147 V.
745 4098 807 4147 silv.
817 4098 844 4147 in
853 4099 979 4161 v.Judex.
991 4111 1017 4159 p.
1033 4111 1057 4146 4.
1072 4101 1094 4157 5.
1108 4110 1131 4154 5.
1145 4096 1197 4148 ibi:
1209 4110 1241 4147 ex
1254 4096 1293 4147 hls
1307 4096 1367 4145 dua·

195 4190 251 4241 144.
284 4188 411 4239 ι044444.
428 4188 455 4238 ln
473 4203 497 4238 4.
514 4200 658 4251 peccatum.
674 4190 696 4251 ς.
716 4202 755 4239 rs.
771 4202 797 4239 4.
816 4188 919 4241 48114.
937 4189 964 4239 in
981 4204 1007 4239 v.
1025 4186 1174 4239 Restitutio.
1193 4200 1216 4246 5.
1233 4188 1254 4249 s.
1272 4186 1296 4235 6.
1314 4186 1368 4235 lbis

195 4293 319 4342 quartum
333 4292 359 4330 et
372 4278 549 4330 lumllellum.
568 4294 591 4329 r.
607 4280 630 4342 ς
649 4294 688 4330 rr.
705 4282 789 4331 concl.
810 4292 874 4331 1.-et
892 4292 917 4339 7.
941 4278 987 4329 ⁸1.
1009 4294 1031 4329 r.
1048 4280 1070 4342 ς.
1087 4279 1202 4340 rlplures
1217 4279 1286 4328 dolo.
1298 4277 1324 4329 tl.
1336 4278 1368 4329 de
1429 4300 1432 4315 ·

197 4384 230 4423 44
244 4384 292 4433 per
312 4385 388 4433 quem
398 4372 492 4423 1444444
509 4372 567 4424 etit.
585 4370 632 4435 [D.
651 4384 690 4421 rr.
709 4384 749 4421 ro.
770 4384 791 4421 1.
808 4376 831 4431 1.
847 4370 885 4435 4.]
905 4370 1162 4432 1444444441144.
1183 4381 1221 4425 15·
1238 4383 1263 4430 q.
1282 4382 1305 4417 4.
1322 4379 1368 4417 art.

193 4474 219 4524 4.
243 4474 270 4511 et
294 4462 332 4513 lbi
356 4462 460 4513 Gabriel
493 4474 518 4511 et
544 4464 663 4513 ltieltssd.
685 4462 784 4513 llsidem
809 4474 856 4514 444.
885 4474 908 4519 a·
925 4477 952 4523 tl·
970 4476 995 4523 4·
1012 4474 1037 4511 et
1055 4462 1146 4511 Thom.
1164 4472 1211 4511 art.
1230 4472 1253 4519 5.
1271 4470 1368 4523 qusess.

196 4566 221 4611 5.
238 4554 376 4616 4441111114.
393 4556 475 4605 Mstlr.
492 4556 525 4604 de
542 4554 612 4605 bello
628 4552 696 4612 insto
714 4565 739 4604 et
756 4552 838 4603 lioito.
856 4552 883 4603 in
903 4567 926 4603 r.
941 4566 996 4614 req.
