3450 5434
529 647 577 695 nu
600 647 694 713 Juus
718 647 903 698 rosanae.
929 648 1008 696 ose.
1032 647 1071 698 tt.
1295 608 1309 630 ²
1345 651 1381 704 tt

208 803 280 874 Hac
312 805 397 872 enim
429 804 470 871 de
501 823 536 870 re
566 817 598 870 et
620 803 741 871 Stoicis
763 819 796 872 et
817 802 991 887 Epicureis
1015 818 1048 868 et
1062 803 1288 887 Peripateticis
1307 822 1385 874 con·

206 919 320 1001 venit3
355 937 396 983 ne
430 915 614 982 Academici
643 915 775 998 quidem
807 915 964 982 videntur
990 916 1166 986 dubitasse.
1211 915 1384 1004 Quatenus

208 1047 314 1098 autem
351 1049 488 1113 corpote
519 1043 726 1110 constamus,
750 1027 813 1094 alia
834 1029 932 1094 nobis
957 1047 1095 1112 corpora
1117 1030 1307 1096 naturaliter
1328 1046 1385 1098 aut

207 1143 361 1227 prodesse
382 1156 546 1225 possunt,
570 1155 628 1208 aut
648 1159 775 1206 nocere.
820 1139 867 1206 Et
887 1139 936 1207 sic
958 1141 1011 1206 lex
1033 1141 1089 1206 illa
1111 1142 1201 1224 prior
1217 1157 1384 1208 exercetur

207 1255 394 1338 repulsione
416 1252 598 1336 corporisa
621 1272 782 1336 corpore,
805 1252 968 1335 posterior
998 1252 1215 1337 applicatione
1237 1253 1383 1336 corporis

208 1367 248 1434 ad
270 1385 402 1450 corpus.
448 1365 515 1431 Cui
534 1365 611 1432 usui
635 1363 708 1430 data
739 1363 959 1430 animantibus
984 1366 1128 1432 membra
1151 1379 1185 1434 et
1211 1364 1308 1434 uobis
1327 1385 1383 1448 pe-

207 1478 264 1545 des
299 1497 336 1543 ac
368 1497 507 1560 manus,
543 1496 625 1559 quae
657 1491 727 1542 tum
756 1475 1035 1560 propulsationis‚
1059 1491 1130 1544 tum
1153 1476 1383 1560 applicationis

207 1589 388 1656 ministerio
411 1588 638 1674 fungerentur.
682 1570 926 1672 Applicatio'ea
943 1587 1008 1654 Dei
1023 1587 1200 1655 donatione
1223 1603 1291 1656 est:
1308 1609 1382 1656 nam

208 1702 265 1785 qui
289 1701 507 1767 animantibus
529 1716 567 1767 ut
586 1713 693 1767 essent
713 1699 826 1783 dedit,
851 1699 937 1766 idem
960 1698 1051 1766 dedit
1073 1700 1116 1766 ad·
1132 1701 1216 1766 hanc
1234 1720 1305 1770 ,rem
1326 1722 1383 1766 ne-

207 1812 355 1880 cessaria.
401 1813 595 1879 Necessaria
614 1827 722 1878 autern
746 1824 824 1878 sunt
843 1811 906 1877 alia
927 1826 966 1877 ut
988 1811 1071 1895 quid
1090 1811 1158 1893 sit,
1182 1811 1245 1878 alia
1266 1827 1306 1879 ut
1327 1813 1382 1880 cui

207 1925 289 1990 bene
310 1925 374 1991 sit:
394 1924 632 1991 incolumitatis
653 1937 685 1988 et
706 1923 948 1990 commoditatis
967 1924 1073 1990 dicere
1092 1943 1278 2006 possumus.
1303 1923 1383 1990 Our-

207 2036 285 2103 nino
305 2051 414 2102 autem
437 2035 555 2102 viliora
577 2034 846 2119 praestantiorum
870 2035 988 2101 usibus
1006 2054 1182 2114 concessa,
1204 2050 1243 2102 ut
1253 2037 1382 2119 plantae

206 2149 390 2232 herbaeque
402 2147 541 2229 bestiis,
565 2147 687 2213 bestiae
709 2163 743 2213 et
754 2165 804 2212 tes
821 2148 855 2212 in
872 2146 1062 2213 universum
1079 2165 1191 2213 omnes
1207 2147 1333 2216 homini
1344 2150 1380 2230 ¹,

206 2260 318 2344 utqui
340 2259 499 2346 dignitate
518 2260 617 2326 rebus
633 2259 785 2326 omnibus
803 2259 945 2325 conditis
961 2261 1141 2342 praecellat.
1169 2259 1257 2324 Cum
1272 2273 1381 2326 autem

205 2373 299 2439 Deus
321 2373 383 2438 ista
405 2373 549 2438 humano
571 2370 705 2456 generi,
728 2389 795 2438 nou
811 2369 1381 2456 hominibussingulisdonavetit²,

206 2503 265 2551 nec
294 2501 400 2550 tamen
421 2483 462 2549 ad
480 2503 562 2550 usus
585 2483 733 2550 converti
756 2483 885 2567 possint
906 2482 969 2550 nisi
993 2482 1146 2566 privatim
1169 2482 1381 2565 occupando,

205 2613 335 2662 necesse
368 2593 435 2662 fuit
469 2615 508 2662 eo
531 2594 676 2662 deveniri
707 2608 746 2660 ut
767 2614 864 2662 suum
895 2594 1018 2676 cuique
1046 2593 1161 2676 fieret,
1186 2595 1278 2676 quod
1297 2609 1382 2660 esset

208 2709 466 2792 apprehensum,
498 2711 531 2776 τὸ
553 2711 798 2794 nomentanum.
851 2705 1076 2790 Apprehensio
1108 2707 1188 2773 lraec
1216 2706 1379 2789 possessio
1392 2727 1511 2792 nonasp.

207 2818 351 2902 dicitur,
377 2819 463 2885 unde
487 2837 566 2884 usus
587 2834 620 2884 et
635 2837 712 2884 mox
735 2817 917 2884 dominium
940 2831 1090 2884 secutum
1112 2832 1163 2883 est
1185 2818 1208 2884 ⁸.
1230 2819 1279 2884 At
1300 2781 1524 2884 ver0¹'⁰¹⁵'¹''⁸¹'''¹

206 2951 271 2998 non
303 2931 382 2998 satis
416 2929 656 2997 conservationi
687 2948 822 3012 operum
847 2949 982 2994 suorum
1005 2928 1174 3011 provisum
1197 2929 1290 2996 Deus
1312 2948 1380 2995 cre·

207 3043 312 3123 didit,
336 3043 364 3110 si
387 3061 478 3109 suam
502 3042 660 3108 dunuxat
679 3039 935 3107 incolumitatem
959 3038 1080 3122 cuique
1097 3040 1379 3120 commendaretl,

206 3155 269 3222 nisi
304 3169 337 3221 et
367 3175 433 3220 reru
466 3156 596 3220 alteram
627 3153 759 3218 alterius
791 3152 974 3219 commodis
1001 3154 1104 3218 vellet
1123 3155 1318 3234 consulere,
1342 3169 1381 3219 ut

206 3283 323 3334 cuncta
356 3267 440 3334 inter
472 3287 506 3332 se
539 3267 633 3332 velut
655 3280 786 3331 aeterno
807 3263 939 3331 foedere
959 3265 1193 3331 consentirent.
1239 3265 1380 3332 Seneca:

207 3380 312 3445 alteri
333 3383 428 3449 uiuat
441 3391 588 3465 oportet,
601 3381 631 3440 si
652 3381 702 3445 ais
715 3377 911 3445 titinium.
935 3377 1069 3460 Duplex
1081 3376 1194 3458 itaque
1206 3392 1255 3443 est
1266 3397 1378 3461 amor,

207 3493 259 3560 sui
282 3506 315 3558 et
330 3491 488 3574 alterius,
513 3509 656 3573 quorum
680 3489 735 3555 ille
754 3489 942 3573 cupidinis,
966 3488 1019 3554 hic
1041 3487 1201 3554 amicitiae
1220 3488 1342 3555 dicitur
1352 3491 1378 3557 ⁶.

207 3605 320 3689 Huius
339 3617 448 3670 autem
467 3603 577 3685 aliqua
592 3601 687 3667 etiam
709 3601 742 3668 in
758 3601 856 3668 rebus
868 3600 1018 3667 inanimis
1030 3599 1155 3683 species
1166 3601 1379 3681 observatur,

207 3716 240 3782 in
264 3715 371 3782 brutis
386 3714 605 3781 animantibus
625 3713 766 3795 clarior,
790 3713 824 3779 in
844 3713 980 3779 homine
1000 3732 1080 3778 vcro
1097 3713 1378 3796 luculentissima,

206 3842 246 3894 ut
267 3828 321 3893 cui
342 3841 468 3910 praeter
487 3845 675 3892 communes
698 3845 773 3891 cum
796 3825 931 3891 caeteris
954 3822 1142 3891 affectiones
1173 3823 1380 3907 peculiariter

206 3958 358 4008 concessa
378 3937 422 4005 sit
443 3936 526 4004 ratio
546 3936 602 4002 illa
621 3936 828 4020 imperatrix:
853 3935 908 4002 cui
931 3935 1057 4003 scilicet
1068 3937 1108 4001 ab
1121 3935 1193 4020 ipso
1205 3937 1279 4002 Deo
1289 3937 1378 4020 ptin-

202 4155 396 4166 ...ηε-ει-

239 4294 331 4345 ¹Gen.
352 4293 488 4344 r.iniine.
524 4293 722 4344 Cludeoffil.
742 4305 763 4342 t.
784 4290 1376 4356 [c.4.§tu]l.inpecudrtrn.ff.deuturis.

206 4385 250 4451 [D.
263 4399 305 4435 aa.
325 4399 347 4436 1.
364 4385 415 4451 aa]
433 4385 508 4436 Arist.
526 4387 559 4436 de
573 4399 627 4447 rep.
644 4389 662 4436 1,
682 4399 705 4434 t.
723 4386 778 4436 oi.
791 4381 827 4448 [p.
847 4384 923 4439 1256.
936 4397 960 4432 a.
976 4381 1079 4447 usto]
1115 4380 1127 4416 ¹
1144 4382 1200 4432 Cic.
1214 4385 1246 4432 de
1260 4385 1308 4446 lep.
1320 4387 1338 4434 1.
1356 4399 1376 4434 ι.

207 4475 243 4540 [c.
256 4477 378 4542 d.§as.]
415 4476 524 4539 ³l.1.§
544 4476 656 4528 1.ff.de
671 4489 726 4536 acq.
741 4488 811 4537 poss.
829 4474 873 4538 [D.
891 4488 932 4537 41.
950 4474 987 4536 a]
1005 4473 1071 4524 Vide
1089 4473 1379 4538 intractatuprobl.

207 4579 246 4626 13.
280 4567 448 4630 ⁴l’latoLys.
465 4567 502 4632 [p.
520 4580 576 4627 207.
596 4567 632 4636 c.]
670 4567 788 4616 ‘Titum
806 4580 826 4616 1.
846 4581 870 4615 a.
885 4580 909 4632 q.
927 4566 968 4614 ad.
985 4577 1030 4614 att.
1048 4578 1073 4627 4.
