3450 5434
416 677 465 723 DE
487 677 582 743 JURE
606 677 794 724 PRAEDAE.
818 677 899 724 ΟΔΡ.
924 676 1004 723 xm.
1228 673 1292 738 275

118 830 211 896 Haec
233 829 296 896 tria
319 830 347 896 si
370 830 405 896 in
427 849 530 896 unum
553 829 764 896 conferantur
782 833 838 916 jus
853 830 973 896 facient
984 850 1086 914 prope
1098 829 1288 909 inlinitum,

116 959 206 1008 certe
229 941 332 1009 nullis
353 961 508 1023 umquam
532 942 872 1024 temporibus,nullis
894 942 1044 1007 ulctoriis
1057 941 1289 1024 recuperabile.

116 1053 291 1118 Adversus
314 1052 406 1134 ipsos
428 1050 607 1118 Lusitanos
630 1053 780 1134 propriae
802 1053 882 1118 belli
905 1073 1020 1118 causae
1034 1052 1190 1134 fuerunt,
1215 1072 1289 1117 cum
1303 1063 1449 1163 gerwe}

116 1160 330 1246 ipsi'priores
354 1164 441 1228 bello
465 1163 740 1246 aggrederentur,
763 1164 857 1228 utin
882 1167 983 1232 classe
1007 1163 1209 1246 Hispanica,
1233 1164 1447 1284 deff-5231}-

115 1273 226 1338 fensio
258 1273 452 1338 damnorum
475 1287 509 1338 et
531 1289 699 1338 sumtuum
731 1273 934 1356 recuperatio
957 1289 990 1338 et
1008 1275 1097 1358 justa
1132 1273 1289 1339 vindicta.
1303 1276 1442 1376 2135,ss

116 1385 267 1467 Itemque
289 1383 495 1468 recuperatio
517 1399 550 1448 et
561 1384 708 1448 vindicta
728 1384 875 1450 omnium
894 1404 1028 1464 eorum,
1052 1404 1137 1467 quae
1149 1383 1290 1451 detentis
1303 1386 1445 1483 22235213111·

115 1496 217 1562 toties
247 1495 390 1560 navibus
412 1508 445 1559 et
466 1495 577 1559 nautis
612 1495 787 1560 Hollandis
810 1495 844 1560 in
867 1495 1039 1561 Lusitania
1061 1491 1447 1589 contigeruntffgrou·

115 1624 176 1670 nec
200 1605 310 1670 minus
333 1624 543 1686 eorumquae
555 1604 730 1670 Hollandis
743 1619 849 1671 totum
860 1625 919 1687 per
930 1606 1066 1686 orbem,
1090 1624 1290 1686 quacunque
1304 1598 1448 1712 fijrff‘ffi

117 1734 153 1780 se
171 1715 409 1780 Lusitanorum
430 1715 577 1797 potentia
587 1716 628 1779 ad
638 1715 797 1798 iniurias,
817 1731 857 1780 ut
867 1715 1022 1797 videtur,
1035 1731 1109 1782 nata
1121 1715 1267 1781 extendit
1278 1761 1290 1794 ,
1303 1705 1378 1803 ἵξῃ
1394 1737 1448 1804 [Π.

117 1825 308 1890 acciderunt
336 1825 528 1892 hominibus
557 1826 730 1907 spoliatis,
769 1827 952 1893 trucidatis.
1009 1827 1047 1892 In
1080 1827 1149 1909 ipsa
1183 1841 1290 1890 autem
1304 1811 1450 1932 521pr

116 1937 214 2001 India
224 1937 405 2019 peculiares
417 1935 617 2019 reipublicae
628 1935 868 2001 Hollandorum
881 1955 997 2002 causae
1009 1939 1017 1972 ¹
1030 1983 1043 2016 ,
1066 1937 1146 2002 aliae
1158 1951 1291 2018 propter
1304 1875 1449 2018 ζΐρἳῇἠ

116 2068 174 2127 se,
198 2047 280 2112 aliae
299 2061 434 2130 propter
454 2047 560 2112 cives.
579 2047 636 2111 Ad
644 2047 738 2128 prius
747 2066 852 2130 genus
861 2046 976 2113 referri
987 2061 1127 2129 possunt
1139 2047 1290 2131 injuriae,
1304 2025 1449 2123 ἦζζῖἧζῇζ

116 2177 176 2240 per
206 2176 289 2239 quas
316 2172 387 2223 tota
415 2176 494 2241 gens
515 2157 755 2222 Hollandorum
774 2158 980 2225 commerciis
1000 2159 1165 2240 prohibita
1186 2173 1236 2224 est
1259 2145 1377 2230 etiif'·
1392 2131 1450 2177 Μ’

117 2269 207 2349 apud
238 2282 388 2332 externas
416 2269 568 2334 nationes
598 2267 762 2334 infamata.
816 2269 1007 2350 Utrumque
1034 2271 1099 2353 jam
1130 2283 1224 2332 antea
1256 2268 1289 2331 in

116 2378 227 2443 causis
247 2379 324 2443 belli
345 2378 465 2460 privati
488 2379 633 2444 exsecuti
656 2383 804 2444 sumus².
836 2379 950 2444 Unum
972 2393 1080 2443 tamen
1102 2379 1155 2442 hic
1173 2393 1290 2444 notatu

116 2508 185 2554 non
217 2489 387 2571 indignum
419 2505 489 2570 est,
523 2489 649 2554 etlamsi
673 2488 715 2552 ad
736 2489 918 2554 Lusitanos
939 2489 1153 2571 pertinuisset
1173 2490 1228 2572 jus
1251 2489 1293 2553 ad

116 2599 220 2664 Indos
251 2599 463 2684 negotiandi,
496 2601 542 2664 ita
572 2615 611 2664 ut
632 2598 712 2664 alias
736 2615 848 2682 gentes
871 2619 978 2665 arcere
1001 2614 1159 2682 possent,
1184 2614 1291 2664 tamen

118 2729 158 2774 ex
187 2729 256 2791 quo
288 2711 420 2776 Batavis
450 2730 523 2775 cum
558 2710 690 2774 illorum
718 2709 870 2792 Principe
904 2710 1025 2774 bellum
1047 2711 1173 2792 justum
1198 2723 1288 2790 erat,

118 2821 207 2885 sicut
225 2839 278 2885 res
297 2820 385 2886 hosti
406 2820 614 2885 subditorum
636 2820 760 2902 eripere
780 2820 898 2899 licuit,
922 2819 1009 2885 itaet
1019 2821 1074 2904 ius
1087 2820 1153 2886 illis
1165 2821 1290 2902 alioqui

116 2931 288 3013 proprium
311 2950 470 3013 usurpare
493 2930 640 2996 licuisse.
688 2930 743 2994 Ad
763 2932 900 2995 alterum
922 2949 1025 3014 genus
1048 2932 1139 3011 quod
1151 2931 1289 3012 attinet,

118 3041 199 3106 satis
222 3043 355 3122 planum
379 3055 429 3107 est
450 3042 587 3106 tutelam
607 3041 731 3124 jusque
754 3039 878 3107 civium
902 3054 934 3104 et
953 3039 1210 3107 vindicationem
1228 3042 1292 3106 rei·

118 3151 272 3233 publicae
294 3152 385 3216 cordi
409 3170 481 3216 esse
503 3151 644 3229 debere,
668 3170 742 3214 cum
754 3152 816 3216 hac
827 3151 967 3216 maxime
979 3151 1019 3215 de
1031 3171 1130 3216 causa
1142 3152 1293 3218 instituta

118 3262 164 3328 sit
187 3260 296 3327 civilis
320 3261 483 3342 societas,
500 3276 538 3326 ut
560 3261 653 3343 quod
671 3280 739 3326 non
761 3277 896 3343 possent
915 3261 1038 3345 singuli
1061 3279 1196 3345 possent
1218 3265 1293 3329 uni·

118 3370 241 3436 versi⁸.
287 3369 323 3436 Si
347 3371 513 3451 Romani,
537 3371 631 3453 quod
642 3369 778 3436 Tullius
791 3379 967 3453 annotat⁴,
990 3393 1087 3456 saepe
1100 3375 1294 3458 injuriosius

118 3481 267 3548 tractatis
277 3481 571 3547 ‘naviculatoribus
594 3483 678 3547 bella
701 3498 893 3566 gesserunt,
918 3483 999 3564 quid
1021 3503 1087 3550 non
1108 3484 1293 3552 Hollandos

119 3592 225 3657 facere
246 3593 396 3674 oportuit
419 3593 491 3677 ejus
513 3592 678 3657 societatis
702 3593 828 3676 gratia,
852 3612 918 3674 qua
941 3608 991 3658 tot
1007 3593 1128 3659 civium
1142 3597 1294 3662 alimenta

120 3702 351 3769 sustinentur?
389 3702 574 3768 Potuerunt
585 3721 686 3782 sane,
710 3703 802 3783 imo,
827 3719 986 3784 quantum
999 3703 1083 3769 ratio
1095 3705 1293 3788 reipublicae

119 3813 288 3895 permisit,
312 3813 409 3878 etiam
432 3813 618 3878 debuerunt
638 3812 726 3878 cives
750 3833 828 3878 suos
849 3829 924 3881 ante
946 3813 1080 3879 exitium
1101 3815 1293 3896 defendere,
1307 3826 1454 3926 3135?th

120 3923 224 3988 exitio
246 3924 340 4021 elatos
362 3923 499 4004 ulcisci,
523 3943 575 3988 res
598 3922 749 3988 similiter
770 3943 882 3988 eoruur
905 3940 963 3990 aut
981 3925 1104 4007 tutari,
1129 3928 1294 3994 autarmis
1328 3912 1336 3925 ’
1376 3912 1383 3925 ’
1431 3911 1438 3926 ’

118 4053 305 4116 reposcere.
351 4033 457 4099 Estne
477 4035 545 4097 ulla
566 4034 711 4100 sanctior
733 4034 810 4099 belli
832 4053 952 4113 causa,
986 4055 1083 4116 quam
1108 4037 1187 4101 lracc
1209 4059 1293 4120 quae

120 4160 153 4208 et
176 4143 300 4209 divinis
321 4143 425 4209 literis
448 4157 480 4207 et
502 4142 733 4224 antiquissimo
757 4143 901 4228 gentium
922 4146 1019 4229 jure,
1043 4146 1173 4231 legibus
1197 4149 1292 4214 etiam

157 4403 165 4434 ¹
186 4403 216 4449 V.
235 4415 310 4461 supra
326 4416 349 4450 c.
370 4415 409 4449 η,
443 4398 454 4432 ²
470 4403 501 4448 V.
516 4415 540 4450 c.
556 4402 582 4450 6.
600 4403 678 4461 paulo
693 4413 754 4462 post
772 4401 844 4450 artic.
865 4416 886 4450 t.
901 4415 926 4451 et
940 4417 963 4452 c.
977 4419 1002 4466 9.
1016 4407 1048 4453 ad
1063 4407 1148 4454 concl.
1159 4409 1182 4454 8.
1190 4406 1262 4456 artic.
1272 4421 1294 4456 r.

121 4493 133 4525 ³
152 4494 183 4539 V.
198 4506 220 4540 c.
239 4505 263 4540 a.
278 4493 310 4540 ad
328 4493 346 4539 l.
363 4505 387 4549 7.
405 4503 430 4539 et
448 4495 471 4538 8.
505 4492 517 4524 ⁴
534 4505 583 4552 pro
600 4493 617 4539 l.
636 4491 755 4540 Manilia.
771 4490 809 4554 [c.
823 4505 846 4548 5.
862 4496 885 4550 5.
904 4493 954 4556 ιι.]

1113 4587 1171 4649 18*
