3450 5434
355 631 416 694 170
659 630 706 675 nit
729 630 823 697 Juus
846 629 1031 679 PRAEDAE·
1054 630 1134 677 CAP.
1158 630 1209 685 lil-

351 782 545 851 verberibus
567 782 697 851 attritos
719 799 809 849 artus
833 785 875 850 ad
897 802 953 850 ora
975 782 1185 867 popularium
1208 784 1404 851 retulerunt.
1448 781 1528 851 Pars

352 910 446 979 capta
468 914 572 979 nuper
595 895 699 961 Clusa
716 910 749 961 et
768 894 957 979 Spinolanis
976 896 1116 963 navibus
1135 895 1224 963 tristi
1243 895 1380 965 servicio
1400 912 1528 963 exemta

352 1020 412 1072 est.
457 1005 543 1092 Quis
575 1006 661 1073 enim
693 1027 760 1073 non
792 1006 877 1073 vidit
909 1007 996 1073 illam
1029 1006 1245 1073 miserabilem
1276 1008 1432 1089 turbam,
1455 1007 1527 1075 sive

351 1136 425 1183 cum
448 1116 583 1201 optimis
606 1116 791 1185 Ordinibus
813 1139 874 1201 pro
885 1138 1011 1185 summa
1023 1117 1227 1203 benignitate
1239 1118 1360 1203 gratias
1370 1133 1528 1203 agerent,

352 1228 444 1311 quod
472 1228 597 1295 fessum
629 1243 680 1295 tot
706 1229 800 1296 malis
822 1227 974 1313 spiritum
998 1228 1032 1295 in
1055 1229 1160 1313 patria
1183 1229 1297 1312 potius
1320 1249 1418 1312 quam
1442 1229 1528 1295 inter

352 1340 501 1407 crudeles
512 1354 675 1406 tortorum
687 1359 804 1406 manus
814 1339 1022 1421 emitterent,
1045 1340 1116 1407 sive
1129 1360 1203 1407 cunr
1216 1354 1372 1427 cognatos
1383 1340 1529 1423 quisque
1639 1366 1642 1373 ·

352 1470 432 1517 suos
452 1465 485 1517 et
506 1452 616 1518 affines
635 1465 787 1534 orarent,
810 1470 851 1517 ne
871 1452 936 1517 tale
957 1470 1113 1535 umquam
1134 1450 1262 1519 facinus
1274 1450 1527 1517 inultumrelin-

353 1562 535 1645 queretur?
566 1561 655 1650 Quis
677 1577 786 1629 autem
810 1578 859 1631 est
883 1583 980 1645 quem
1003 1583 1070 1631 non
1095 1579 1151 1629 aut
1171 1562 1320 1631 miseriae
1341 1577 1399 1631 aut
1417 1562 1528 1629 damni

353 1672 463 1757 portio
493 1672 630 1758 tetigit?
686 1673 772 1761 Quis
805 1694 873 1741 non
905 1674 938 1740 in
972 1674 1027 1743 illa
1060 1674 1261 1743 immanitate
1290 1689 1347 1741 aut
1377 1673 1528 1742 fortunas

352 1804 428 1853 suas
439 1800 497 1850 aut
508 1784 632 1851 amicos
643 1785 832 1851 desiderati
855 1786 1018 1853 Damnum
1032 1801 1117 1855 recte
1129 1786 1171 1853 ad
1180 1788 1285 1853 multa
1295 1783 1415 1856 millies
1425 1785 1529 1852 millia

352 1896 578 1979 aestimarem,
611 1895 674 1963 nisi
706 1897 811 1981 pluris
842 1913 953 1964 essent
984 1912 1167 1978 tormenta,
1191 1916 1339 1983 poenae,
1362 1897 1528 1963 cruciatus

353 2006 570 2091 ingenuorum
593 2027 792 2091 corporum,
815 2030 909 2091 quae·
924 2008 1085 2077 aestimari
1109 2027 1176 2074 non
1199 2024 1350 2093 possunt.

193 2124 276 2173 Arete.
297 2124 340 2173 Vl·
396 2122 441 2185 At
460 2120 572 2185 saltem
593 2118 775 2185 Lusitanos
793 2120 904 2186 credet
916 2119 1038 2202 aliquis
1048 2118 1082 2185 in
1093 2119 1234 2189 coloniis
1244 2134 1277 2187 et
1286 2117 1424 2200 insulis,
1445 2136 1529 2202 quas

353 2228 509 2297 latissime
528 2248 654 2314 sparsas
673 2229 842 2309 obtinent,
861 2230 977 2297 mitius
987 2250 1091 2316 agere.
1114 2230 1202 2299 Nam
1213 2230 1247 2297 io
1259 2229 1363 2314 patria
1373 2249 1530 2314 praesens

350 2342 465 2427 jussus
494 2341 603 2426 regis,
637 2341 742 2409 libido
774 2342 1022 2428 magistratuum
1057 2341 1185 2425 aliquid
1216 2340 1300 2407 forte
1333 2356 1430 2407 sunt:
1465 2341 1527 2409 etsi

352 2453 521 2536 quomodo
544 2453 705 2521 innocens
724 2456 890 2538 populus,
914 2452 973 2537 qui
996 2454 1057 2520 ista
1080 2452 1172 2521 videt
1184 2469 1241 2519 aut
1252 2453 1403 2537 patitur?
1428 2473 1527 2535 quem

352 2585 432 2632 vero
461 2565 551 2650 juste
583 2564 801 2647 ulciscemur,
823 2565 851 2631 si
883 2564 944 2633 ista
969 2564 1126 2647 recipitur
1149 2564 1342 2631 excusatio?
1389 2564 1528 2649 Peregre

354 2692 486 2758 autem,
510 2691 585 2744 tuto
611 2675 760 2759 scilicet,
783 2676 936 2745 ostendet
960 2696 995 2743 se
1015 2674 1182 2759 ingenium
1202 2696 1269 2742 non
1289 2674 1392 2743 totius
1412 2694 1530 2761 expers

353 2789 588 2869 humanitatis,
610 2802 725 2855 mutua
755 2788 951 2873 provocabit
980 2788 1109 2871 officia,
1142 2788 1175 2855 in
1205 2808 1331 2857 summa
1352 2788 1387 2855 id
1408 2786 1528 2867 faciet,

354 2900 623 2983 quandoquidem
643 2900 741 2980 licet,
764 2900 855 2983 quod
876 2900 964 2967 inse
985 2898 1057 2966 fieri
1076 2899 1170 2967 velit.
1215 2898 1445 2967 Testabuntur
1463 2898 1528 2965 hoc

354 3011 547 3095 quicunque
580 3012 778 3081 batavorum
808 3027 867 3078 aut
897 3011 933 3081 vi
961 3024 1215 3094 tempestatum,
1247 3026 1305 3077 aut
1338 3030 1414 3076 cum
1447 3008 1530 3093 ipsis

355 3122 525 3191 Lusitanis
554 3122 716 3189 mercandi
746 3122 849 3207 gratia
876 3138 909 3189 et
927 3121 1111 3207 ignorantia
1137 3135 1201 3187 tam
1222 3120 1283 3189 feri
1303 3120 1425 3202 moris,
1449 3122 1530 3203 quia

355 3234 447 3316 quod
476 3232 583 3299 facere
611 3252 679 3301 uon
707 3249 849 3318 possunt
876 3234 966 3301 baud
993 3250 1112 3301 temere
1135 3234 1275 3299 credunt
1295 3232 1469 3316 homines,
1493 3232 1528 3299 in

353 3344 416 3411 ista
442 3344 554 3410 littora
583 3344 794 3411 advenerunt.
841 3345 947 3411 Pauca
981 3346 1139 3411 duntaxat
1164 3361 1197 3411 et
1219 3344 1362 3411 recentia
1385 3345 1529 3411 afferam.

196 3477 341 3535 Annalem
355 3457 393 3523 ln
414 3454 579 3538 Principis
600 3455 732 3538 insula,
760 3476 834 3523 cunr
858 3474 899 3521 ex
922 3458 1024 3523 classe
1048 3455 1189 3523 Oliverii
1212 3456 1530 3538 Roterodamensis‚

354 3587 439 3651 quae
460 3582 617 3633 terrarum
628 3568 742 3634 orbem
755 3583 870 3650 quarta
881 3567 1198 3653 circumnavigavit,
1221 3568 1390 3652 praecipui
1401 3568 1531 3651 aliquot

355 3680 387 3746 in
407 3693 525 3744 terram
545 3677 635 3744 missi
654 3678 807 3762 praelatis
816 3678 893 3745 binc
904 3678 979 3745 inde
989 3679 1078 3762 pacis
1088 3679 1273 3765 insignibus
1284 3678 1530 3764 exciperentur,

355 3790 508 3857 Lusitani
527 3790 602 3856 data
619 3810 718 3873 opera
740 3806 779 3856 ut
799 3792 910 3873 piures
933 3790 1123 3873 allicerent,
1148 3790 1207 3858 ubi
1229 3790 1263 3857 id
1283 3810 1351 3859 non
1371 3790 1531 3857 successit

355 3922 412 3969 eos
431 3900 541 3967 statim
557 3902 778 3983 obtruncant,
803 3915 949 3969 caeteros
960 3902 1001 3967 ad
1013 3922 1099 3969 mare
1111 3900 1275 3988 fugientes
1285 3915 1532 3986 persequuntur

355 4013 444 4081 etin
470 4012 627 4095 scapham
656 4012 832 4096 jaculando
861 4012 946 4080 duos
968 4013 1144 4095 perimunt.
1190 4013 1315 4081 Eadem
1339 4006 1373 4079 in
1395 4012 1531 4098 naviga·

354 4127 464 4206 tione,
488 4124 530 4189 ad
552 4123 674 4189 flumen
695 4123 850 4208 Janerum
874 4123 907 4189 in
921 4124 1077 4206 Brasilia,
1101 4124 1192 4191 missi
1203 4124 1243 4191 ad
1253 4123 1348 4191 littus
1358 4124 1426 4191 duo
1436 4144 1531 4207 prae·

356 4237 491 4305 structis
523 4233 758 4300 Lusitanorum
791 4234 920 4301 insidiis
954 4236 1059 4301 avecti
1094 4251 1181 4303 sunt.
1227 4233 1335 4302 Etiam
1369 4250 1533 4302 tormenta

356 4350 489 4432 explosa
521 4347 555 4413 in
585 4365 708 4428 naves,
740 4346 863 4429 quibus
894 4344 989 4415 fernes
1023 4346 1173 4432 disjecti,
1201 4348 1301 4413 bomo
1324 4346 1421 4413 etiam
1444 4366 1533 4413 unus

357 4458 547 4526 interiectus
570 4474 631 4527 est.
653 4456 740 4524 Nam
764 4458 805 4524 ad
828 4457 964 4527 Dulium
988 4477 1112 4526 amnem
1136 4476 1271 4526 accessu
1294 4458 1390 4527 etiam
1410 4455 1535 4525 littoris
