3450 5434
510 659 557 704 ns
580 658 673 725 Juns
700 657 883 704 rnnnnns.
909 658 988 705 cnr.
1013 660 1061 705 xr.
1307 656 1366 717 195

188 819 338 886 crudeles
360 817 393 883 in
416 836 532 883 manus
556 811 690 880 incidit:
714 814 859 881 occisum
881 828 1018 881 constat.
1043 812 1140 879 Fama
1158 834 1216 897 per
1237 824 1366 880 omnem

188 930 314 997 Indiam
333 945 488 996 constans
509 925 648 1008 asserit,
671 926 813 993 navibus
842 940 985 1009 quatuor
1008 925 1137 1010 longis,
1162 944 1245 1007 quae
1267 924 1364 989 remis

188 1042 223 1107 in
256 1018 423 1109 divers‘um
456 1038 693 1118 incitarentur,
726 1037 918 1105 distractum
949 1036 1235 1120 displicatumque.
1291 1035 1363 1101 Nee

188 1168 239 1220 est
261 1172 320 1219 cur
340 1151 448 1217 minus
471 1150 536 1216 hoc
569 1149 736 1229 credatur,
770 1169 868 1230 quam
897 1148 988 1231 quod
1011 1148 1119 1215 Gallis
1141 1146 1265 1216 factum
1288 1162 1362 1215 ante

112 1336 120 1347 ‚
187 1263 418 1342 meminimus,
443 1262 502 1346 qui
525 1260 634 1329 aeneis
658 1259 817 1326 machinis
841 1259 1009 1343 impositi,
1033 1274 1066 1325 et
1088 1259 1144 1326 teli
1171 1259 1245 1325 vice
1266 1258 1362 1343 ejecti

187 1390 277 1442 sunt
322 1375 420 1441 Certe
440 1387 538 1457 caput
557 1372 649 1439 illius
667 1392 685 1437 a
703 1390 839 1454 corpore
857 1374 1030 1453 avulsum,
1055 1387 1087 1437 et
1106 1371 1245 1437 sublime
1264 1390 1362 1453 super

188 1488 378 1553 caracollam
410 1484 530 1552 ferculi
562 1503 653 1550 more
686 1498 884 1550 ostentatum
912 1482 1044 1566 plurimi
1067 1482 1192 1549 videre.
1238 1482 1361 1548 Classis
1375 1504 1444 1551 Am
1457 1506 1507 1553 eod·

186 1598 317 1665 interim
339 1596 431 1680 prius
454 1610 652 1675 memorata,
690 1614 775 1676 quae
808 1594 950 1660 batavos
984 1594 1152 1661 Moluccis
1186 1608 1219 1659 et
1252 1594 1362 1659 Banda

189 1709 395 1785 excluderet,
418 1721 535 1790 paratu
557 1706 679 1791 majore
697 1704 925 1772 adornabatur.
948 1705 1061 1787 Atque
1081 1702 1177 1771 etiam
1196 1704 1307 1771 literae
1331 1720 1363 1771 et

189 1818 298 1885 nuntii
319 1817 534 1883 mittebantur
556 1817 597 1883 ad
619 1836 733 1883 omnes
752 1816 852 1901 Javae
870 1830 902 1881 et
924 1814 1060 1881 aliarum
1071 1816 1249 1881 insularum
1270 1815 1362 1882 Prin-

188 1930 298 2014 cipes,
323 1929 380 2012 qui
402 1927 623 2014 significarent
653 1942 768 2011 coepta
799 1929 879 1993 baec
902 1945 919 1992 a
943 1925 1134 2007 Lusitanis,
1159 1946 1226 2008 quo
1250 1926 1299 1993 illi
1323 1928 1362 1993 ab

191 2040 431 2108 Hollandorum
463 2039 586 2122 rapinis
616 2038 877 2105 vindicarentur:
911 2056 979 2119 quo
1009 2036 1096 2105 facto
1124 2036 1302 2118 meruisse,
1326 2051 1364 2104 ut

191 2152 233 2218 ad
255 2152 367 2237 ipsos,
399 2171 495 2217 veros
518 2149 646 2217 scilicet
668 2148 815 2215 Orientis
837 2147 1051 2229 liberatores,
1083 2148 1228 2214 omniurn
1251 2168 1363 2232 regum

190 2265 458 2346 populorumque
491 2259 606 2344 copiae
638 2259 864 2327 convenirent.
913 2260 984 2324 Hac
1018 2259 1058 2325 de
1091 2278 1125 2325 re
1160 2257 1363 2342 apraefecto

190 2372 398 2440 Bantamensi
430 2369 654 2454 praemonitus
685 2370 858 2451 Neclcius,
892 2390 966 2436 cum
996 2371 1062 2454 jam
1095 2371 1230 2437 alterurn
1263 2385 1364 2436 terras

191 2483 263 2550 illas
296 2482 477 2564 inviseret,
509 2480 655 2548 conlisus
686 2496 793 2547 tamen
826 2497 858 2546 et
880 2500 994 2549 causae
1021 2495 1055 2547 et
1072 2480 1209 2561 virtuti,
1236 2482 1365 2547 duabus

191 2614 266 2662 cum
297 2592 439 2660 navibus
462 2592 638 2659 Ternatam
669 2591 776 2676 petit,
809 2592 867 2659 ubi
899 2592 1068 2659 verissima
1100 2592 1258 2675 comperit
1280 2614 1365 2674 quae

191 2704 308 2772 auditu
339 2717 536 2787 perceperat.
582 2702 668 2769 Nam
701 2717 734 2769 et
765 2722 820 2769 rex
853 2702 979 2768 insulae
1010 2703 1057 2775 ad
1081 2701 1230 2772 ferendas
1253 2720 1366 2771 contra

191 2814 333 2881 llatavos
366 2814 534 2898 suppetias
564 2812 829 2896 sollicitabatur,
864 2828 897 2879 et
930 2814 1084 2879 Lusitani
1118 2835 1192 2881 cum
1226 2816 1367 2882 caraccis

191 2926 343 3006 duabus,
375 2924 511 2991 totidem
539 2924 679 3010 galeris,
714 2925 789 2990 navi
825 2924 942 2991 bellica
967 2944 1030 2991 una
1060 2925 1163 2992 littori
1196 2927 1365 2993 adhaeres·

191 3038 331 3117 cebant,
353 3050 499 3120 tempora
517 3050 686 3120 captantes
709 3051 741 3103 et
760 3037 983 3119 occasionem,
1006 3052 1044 3103 ut
1069 3037 1198 3105 Batavis
1225 3038 1365 3105 navibus

190 3146 335 3214 flammas
357 3147 527 3216 inferrent.
572 3147 698 3215 Ibidem
722 3149 895 3215 tormentis
918 3164 1075 3215 certatum
1100 3164 1160 3217 est.

236 3258 323 3324 Sunt
342 3258 475 3341 quidem
494 3260 574 3325 haec
594 3258 704 3325 omnia
721 3260 913 3328 hostilitatis
924 3279 1114 3345 progressae
1132 3262 1216 3329 ultra
1231 3261 1365 3328 humani
1380 3288 1460 3335 Am„
1474 3290 1500 3335 ν,

193 3369 261 3437 odii
290 3368 371 3435 lines
400 3369 522 3437 indicia
548 3385 613 3436 tarn
642 3372 727 3439 clara
752 3386 851 3453 atque
870 3370 1063 3455 manifesta,
1088 3373 1206 3455 utqui
1230 3373 1367 3440 certiora

193 3480 380 3563 desideret,
405 3479 435 3546 ei
463 3481 598 3548 meridie
620 3501 686 3548 non
710 3484 826 3549 luceat.
873 3483 966 3569 Quid
988 3484 1073 3551 enim
1096 3484 1181 3551 velis
1203 3485 1366 3569 amplius,

194 3616 292 3677 quam
328 3596 420 3679 quod
453 3595 502 3661 illi
536 3593 571 3661 in
603 3593 753 3661 nocendo
786 3612 847 3660 nec
882 3594 1031 3675 nomini,
1065 3613 1125 3660 nec
1157 3597 1277 3679 rebus,
1307 3616 1367 3663 nec

192 3706 281 3773 vitae
304 3706 527 3789 batavorum,
560 3724 620 3771 nec
642 3704 807 3771 sumtibus
830 3704 922 3787 suis,
945 3724 1006 3771 nec
1028 3706 1206 3788 periculis,
1229 3727 1270 3773 ne
1291 3707 1368 3773 fidei

193 3818 329 3901 quidem
360 3815 602 3901 pepercerunt?
649 3816 715 3882 Sed
747 3831 854 3882 tamen
886 3834 951 3883 una
983 3816 1078 3882 etiam
1110 3796 1159 3883 res
1191 3833 1260 3901 est,
1284 3839 1369 3902 quae

193 3949 247 3995 me
268 3927 412 3995 validius
434 3928 598 4007 concutit,
623 3942 656 3994 et
679 3948 760 4009 qua,
784 3942 822 3993 ut
843 3946 905 4012 ego
926 3926 1079 4006 arbitror,
1103 3927 1202 3994 animi
1222 3928 1368 4007 nobiles,

195 4039 321 4123 quibus
342 4038 445 4123 patria
474 4039 664 4124 patriaeque
687 4039 792 4124 gloria
814 4038 905 4104 cordi
929 4053 1000 4119 est,
1023 4038 1119 4105 etiarn
1140 4039 1368 4105 vehementius

195 4171 294 4234 quarn
316 4152 453 4219 caeteris
474 4152 707 4220 movebuntur.
751 4150 890 4217 Planum
912 4146 1026 4217 faciam
1050 4149 1229 4216 Lusitanos
1252 4150 1285 4215 in
1310 4169 1371 4234 po-

194 4265 294 4346 pulos
325 4280 460 4345 omnes,
494 4261 552 4345 qui
585 4263 726 4329 Batavos
759 4261 800 4327 ad
822 4282 857 4329 se
881 4260 1034 4328 accedere
1056 4260 1243 4346 negotiandi
1268 4261 1370 4347 gratia

194 4373 285 4457 passi
307 4388 408 4455 sunt,
439 4392 507 4440 non
538 4372 647 4439 minus
680 4391 778 4455 quarn
802 4372 835 4437 in
858 4372 951 4457 ipsos
983 4373 1161 4453 saeviisse,
1196 4372 1371 4439 autetiam

195 4499 289 4551 tanto
307 4484 428 4571 magis,
452 4500 576 4567 quanto
597 4483 646 4550 illi
667 4484 769 4570 magis
789 4499 857 4551 arte
878 4483 957 4550 belli
978 4498 1134 4566 possunt,
1159 4486 1370 4566 pollentque:

1181 4596 1239 4678 13*
