3450 5434
504 638 552 684 ore
573 637 668 703 June
694 636 880 685 rannone.
905 636 988 684 che.
1013 636 1064 684 xr.
1278 691 1281 696 ,
1309 620 1369 699 1⁶7

196 812 314 861 norum
334 793 518 859 constabat.
556 791 665 879 Quam
687 789 839 876 injuriam
860 789 998 873 Batavi,
1022 810 1108 873 quos
1130 790 1212 857 nihil
1236 789 1371 857 decebat

196 904 287 971 hosti
319 904 519 985 concedere,
551 901 666 969 ulcisci
697 916 905 985 statuerunt,
937 901 983 968 ita
1014 917 1053 969 ut
1083 902 1228 970 vicissim
1256 902 1370 969 autin

198 1016 426 1082 Britannorum
458 1014 639 1097 societate,
676 1028 734 1082 aut
763 1033 821 1097 per
849 1034 884 1080 se
917 1013 1119 1081 Lusitaniam
1152 1014 1370 1099 regionesque

196 1126 365 1194 Lusitanis
386 1126 536 1192 subditas
558 1124 671 1193 hostili
694 1128 797 1193 classe
819 1125 1084 1211 aggrederentur.
1130 1126 1179 1191 Ut
1202 1124 1287 1192 inter
1309 1124 1371 1191 alia

198 1239 310 1307 classis
332 1238 388 1304 illa
407 1236 544 1321 docuit,
568 1256 652 1319 quae
673 1237 769 1303 missa
787 1236 887 1303 Petro
906 1237 1020 1303 Dousa
1040 1235 1203 1319 praelecto
1221 1236 1370 1304 Thomac
1383 1256 1453 1304 Am
1469 1271 1530 1315 noo·

199 1350 339 1416 insulam
362 1348 597 1431 Brasiliamque
619 1348 756 1431 publico
780 1349 868 1415 bello
891 1347 1004 1414 adorta
1028 1363 1087 1415 est.
1130 1348 1195 1415 Pro
1218 1346 1371 1415 hostibus

199 1460 302 1547 igitur
331 1480 367 1527 se
399 1472 570 1545 gesserunt
600 1458 678 1525 hinc
711 1459 888 1543 Lusitani,
921 1458 996 1525 inde
1028 1458 1160 1525 Batavi:
1195 1458 1261 1527 utri
1292 1478 1371 1527 vero

198 1571 322 1657 majore
345 1569 410 1648 lide
432 1586 466 1635 et
487 1569 710 1653 humanitate,
734 1570 768 1635 id
786 1589 875 1636 nunc
900 1569 1079 1637 videndum
1103 1585 1213 1638 restat.

244 1681 347 1770 Quod
355 1682 455 1748 modo
465 1681 653 1749 dicebamus
665 1696 876 1748 mercaturam
889 1681 974 1749 inter
985 1682 1097 1749 hostes
1112 1701 1178 1749 non
1190 1679 1373 1749 necessario
1386 1698 1466 1747 Alere.
1477 1696 1519 1749 ιν.

199 1793 295 1875 tolli,
318 1792 353 1858 id
374 1811 451 1859 sane
473 1812 602 1860 causam
621 1812 785 1875 nusquam
811 1794 931 1862 habere
952 1792 1063 1878 potuit
1080 1792 1252 1877 iustiorem
1276 1813 1372 1877 quam

200 1906 284 1974 inter
315 1907 377 1974 hos
407 1907 573 1989 populos,
597 1924 739 1988 quorum
770 1926 821 1973 res
844 1926 970 1973 summa
994 1905 1161 1989 utrimque
1185 1904 1219 1971 in
1241 1905 1375 1991 naviga·

200 2018 348 2085 tionibus
385 2015 537 2083 consistit
571 2029 604 2082 et
636 2036 722 2099 quos
757 2016 951 2103 jamdudum
986 2037 1066 2084 usus
1105 2017 1374 2085 commerciorum

201 2128 444 2196 conciliaverat.
489 2125 583 2214 Quid
611 2143 750 2211 uterque
782 2122 875 2196 alteri
909 2128 1131 2212 praestiterint
1153 2127 1373 2197 conferamus.

200 2238 437 2307 Vetustissima
470 2258 541 2304 esse
575 2236 682 2307 fertur
712 2241 826 2305 harum
858 2240 1004 2325 gentium
1038 2239 1242 2326 conjunctio.
1288 2239 1373 2311 Cum
1387 2260 1458 2309 crue
1474 2272 1516 2305 aa·

202 2351 288 2418 enim
321 2350 428 2417 adhuc
459 2350 523 2416 sub
545 2348 670 2416 Mauris
692 2370 766 2433 pars
787 2371 904 2436 magna
927 2366 1013 2419 esset
1036 2351 1236 2435 Hispaniae,
1260 2349 1376 2435 Belgas
1388 2329 1441 2361 Μ
1454 2328 1514 2371 '¹⁵⁰'

201 2462 237 2529 vi
266 2462 428 2529 maritima
454 2461 633 2545 plurimum
661 2463 727 2547 jam
756 2476 826 2528 tum
849 2446 998 2546 potuis'se
1019 2462 1214 2547 accepimus.
1259 2461 1375 2543 Itaque

202 2574 357 2641 advectos
376 2587 565 2656 tempestate
585 2592 638 2641 eas
657 2572 698 2639 ad
716 2593 813 2655 oras,
836 2573 914 2640 dum
934 2573 1060 2658 Syriam
1081 2573 1158 2639 belli
1177 2572 1259 2639 sacri
1278 2592 1376 2639 causa

202 2698 342 2768 petunt,
375 2683 610 2751 Lusitanorum
642 2683 796 2767 precibus
828 2684 1029 2752 concessisse
1057 2699 1095 2750 ut
1116 2683 1375 2768 Ulyssiponem,

203 2796 438 2862 Saracenorum
470 2794 591 2879 regiam
618 2794 759 2861 navibus
781 2794 1054 2880 aggrederentur,
1078 2814 1174 2878 quam
1199 2808 1231 2860 et
1250 2809 1374 2879 captam

202 2907 374 2975 tradidisse
404 2906 582 2975 Lusitanis.
630 2907 738 2994 Cujus
770 2906 878 2975 meriti
902 2906 1125 2975 testimonium
1148 2904 1288 2990 plurima
1309 2905 1376 2988 pri·

201 3020 324 3105 vilegia
366 3020 536 3104 Belgarum
579 3034 613 3085 et
646 3018 867 3085 immunitates
908 3018 942 3084 in
976 3038 1015 3085 eo
1048 3038 1150 3104 regno
1192 3016 1376 3099 antiquitus

204 3130 371 3198 exstitere.
415 3133 461 3195 dt
481 3131 598 3216 Belgae
618 3130 763 3197 vicissim
785 3130 953 3214 Principes
973 3150 1062 3196 more
1083 3128 1202 3213 passim
1222 3142 1375 3212 recepto,

205 3262 273 3325 quo
304 3242 422 3308 melius
453 3241 646 3308 commercia
686 3243 927 3325 coalescerent,
968 3240 1145 3309 Lusitanos
1183 3255 1376 3308 mercatores

206 3354 397 3436 quicunque
427 3373 502 3419 cum
534 3353 644 3438 Belgis
664 3352 934 3439 negotiarentur,
958 3352 991 3419 in
1015 3372 1107 3421 suam
1131 3354 1266 3427 tutelam
1288 3372 1377 3419 rece·

204 3481 341 3549 petunt:
385 3484 454 3546 quo
487 3464 558 3549 ejus
596 3463 812 3532 sanctimonia
845 3465 885 3531 ab
919 3464 1073 3532 omnibus
1107 3462 1237 3550 injuriis
1271 3478 1379 3529 essent

204 3575 357 3642 tutiores.
400 3576 488 3642 Idem
520 3576 585 3642 illis
618 3575 761 3642 Ordines
789 3574 895 3661 Belgii
926 3576 1025 3643 motis
1057 3575 1112 3641 hic
1141 3577 1239 3643 rebus
1270 3575 1376 3659 diplo·
1390 3591 1535 3690 Anulm.

206 3701 292 3755 mate
313 3686 568 3768 confirmarunt,
592 3708 632 3753 ne
655 3686 738 3769 quid
760 3687 886 3754 scilicet
899 3688 1033 3753 bellicae
1045 3685 1196 3753 licentiae
1206 3701 1377 3770 praetextu
1391 3647 1534 3759 g‘sssmrss*

206 3798 380 3866 adversum
411 3814 607 3882 paterentur.
652 3798 703 3863 lta
731 3798 883 3865 Lusitani
915 3818 989 3864 cum
1025 3798 1209 3879 uxoribus,
1242 3798 1377 3880 liberis,

206 3908 361 3992 familiis,
393 3910 618 3994 supellectile,
649 3929 796 3992 merces,
827 3908 1051 3993 possessiones
1090 3909 1230 3993 juraque
1271 3907 1379 3976 omnia

207 4036 266 4088 aut
299 4036 503 4104 praesentum
538 4035 594 4087 aut
627 4022 798 4087 absentum
833 4018 985 4104 propria,
1021 4019 1055 4087 in
1087 4019 1183 4085 fidem
1215 4020 1403 4104 publicam.

206 4146 336 4216 recepta
347 4148 443 4199 sunt:
467 4133 541 4197 data
552 4130 707 4199 facultate
719 4131 859 4223 intrandi
874 4132 1081 4215 exeundique
1094 4130 1174 4197 fines
1187 4129 1378 4215 Belgarum,

208 4242 293 4309 intra
322 4262 378 4311 eos
407 4242 486 4310 fines
508 4244 680 4324 manendi,
703 4262 827 4309 merces
846 4242 1045 4325 invehendi,
1069 4240 1252 4322 evehendi,
1276 4256 1380 4322 terra,

208 4354 302 4424 mari.
345 4353 436 4439 Jussi
458 4356 555 4421 etiam
578 4353 734 4438 praefecti
756 4374 870 4421 omnes
892 4354 940 4421 rei
965 4354 1097 4420 bellicae
1117 4367 1151 4419 et
1170 4352 1291 4421 milites
1313 4353 1381 4421 Lu·

207 4464 387 4532 sicanorum
422 4465 457 4532 in
490 4465 542 4534 his
574 4466 767 4551 regionibus
807 4465 1009 4535 versantium
1052 4464 1310 4533 incolumitatem
1349 4480 1382 4533 ct
