3450 5434
387 614 429 678 54
702 613 748 658 nr
772 613 866 677 June
890 614 1075 660 exsensa.
1100 615 1179 660 cnr.
1204 615 1253 660 rv.

387 785 496 837 tentos
530 787 609 833 esse.
665 767 738 831 Nec
772 765 842 832 aliis
865 787 902 832 ea
919 767 1079 832 sententia
1099 787 1197 849 quam
1220 768 1352 834 rusticis
1375 784 1409 836 et
1425 771 1566 854 hospiti·

387 883 449 946 bus
470 880 596 964 parcit,
620 878 652 943 in
686 896 772 959 quos
803 877 941 943 nimium
973 877 1102 943 crebrae
1127 891 1206 944 sunt
1228 879 1369 946 militum
1401 880 1565 966 injuriae,

387 1007 427 1059 ut
448 1011 560 1058 omnes
592 991 634 1056 ad
663 1009 738 1054 eum
768 990 877 1054 locum
898 989 1112 1071 interpretes¹
1127 990 1349 1056 consentiunt.
1394 991 1458 1058 Est
1478 994 1565 1059 enim

388 1105 451 1170 hoc
472 1103 683 1186 periniquum
705 1098 840 1183 spoliari
860 1118 1005 1182 paganos
1028 1099 1255 1182 immerentes,
1280 1101 1340 1183 qui
1362 1102 1403 1167 ad
1425 1103 1477 1169 sui
1507 1105 1565 1170 de-

388 1213 569 1280 fensionem
605 1227 637 1277 et
661 1209 932 1277 sustentationem
953 1209 1095 1275 militum
1116 1229 1215 1276 onera
1238 1212 1419 1294 publicitus
1441 1213 1565 1280 indicta

387 1325 580 1391 sustineant.
626 1321 691 1388 Sed
722 1321 804 1386 nihil
834 1322 897 1386 hoc
931 1321 973 1385 ad
1004 1340 1055 1386 res
1086 1320 1232 1386 hostium
1261 1322 1422 1404 pertinet,
1456 1347 1565 1409 raeque

388 1437 481 1502 aliam
514 1433 706 1502 sententiam
738 1432 858 1513 habet,
894 1450 990 1514 quam
1025 1431 1116 1512 quod
1138 1447 1212 1497 ante
1234 1433 1417 1515 publicanis
1440 1436 1565 1502 dictum

388 1563 480 1629 erat,
503 1565 544 1612 ne
567 1545 648 1628 quid
671 1544 809 1628 amplius
831 1545 997 1628 exigerent
1016 1561 1114 1625 quam
1134 1544 1208 1628 jure
1230 1545 1447 1613 constitutum
1469 1562 1563 1614 esset.

385 1658 480 1742 Juste
500 1657 625 1742 igitur,
657 1655 685 1722 si
718 1656 911 1739 imperantes
943 1654 989 1718 ita
1021 1654 1246 1738 decreverint,
1269 1657 1385 1738 praeda
1409 1677 1450 1722 ex
1470 1660 1564 1723 hoste

387 1769 430 1834 ad
452 1767 587 1832 militem
610 1765 779 1850 perveniet
801 1766 996 1848 diceturque
1019 1779 1051 1829 et
1072 1766 1153 1830 lraec
1170 1785 1243 1848 pars
1264 1787 1333 1833 esse
1345 1768 1477 1850 salarii,
1499 1770 1562 1834 hoc

387 1893 437 1944 est
456 1879 699 1962 praemiorum,
723 1895 807 1958 quae
826 1875 946 1942 milites
962 1878 1052 1960 juste
1073 1878 1230 1958 consequi
1246 1877 1369 1944 Paulus
1389 1873 1563 1946 'testatur

365 1989 468 2054 'Non
491 1989 582 2055 aliud
604 2007 680 2072 ergo
700 1987 867 2071 Johannes
890 1986 941 2051 his
964 1985 1025 2068 qui
1051 1985 1085 2050 in
1102 1986 1227 2070 Judaea
1251 1988 1433 2055 militabant
1465 2011 1561 2073 quam

231 2347 297 2392 Dm.
310 2347 346 2392 ἰη-

231 2411 279 2446 arr.
294 2401 368 2448 artic.

230 2454 273 2500 IV.

230 2509 300 2554 Proh.
314 2518 364 2553 tota

229 2576 279 2620 que
296 2563 326 2606 ab
340 2575 379 2608 ex-

231 2615 318 2676 amplis.

389 2100 586 2166 exercitibus
609 2099 678 2166 suis
698 2099 896 2164 Aurelianus
917 2094 928 2130 ³
948 2095 1070 2162 edixit:
1103 2095 1249 2168 Annona
1276 2119 1338 2163 sua
1365 2103 1504 2186 quisque
1525 2114 1564 2164 ut

388 2225 558 2276 contentus
581 2223 684 2275 esset:
708 2199 747 2276 ile
763 2207 896 2294 praeda
919 2209 1045 2289 hostis,
1069 2229 1133 2272 non
1155 2207 1194 2274 de
1217 2207 1375 2294 lacrymis
1392 2214 1564 2296 provinci-

389 2319 494 2398 alium
517 2325 655 2389 vireret.
702 2319 802 2385 Omni
824 2333 932 2384 eutem
954 2319 1028 2403 jure
1044 2319 1196 2402 praedam
1219 2339 1288 2386 esse
1308 2321 1430 2403 justam
1453 2323 1562 2388 eadem

389 2431 565 2497 auctoritas
600 2431 745 2512 evincit,
780 2449 862 2512 quae
897 2430 937 2495 de
968 2429 1055 2495 bello
1087 2428 1174 2494 idem
1208 2429 1371 2512 probavit.
1427 2430 1563 2498 Restant

390 2557 574 2608 sanctorum
608 2542 753 2608 virorum
778 2543 946 2624 exempla:
976 2559 1117 2622 quorum
1148 2539 1299 2624 princeps
1329 2539 1426 2607 facile
1457 2544 1562 2608 Abra·

390 2654 505 2720 hamus
529 2659 540 2698 ⁴
564 2657 666 2721 multa
699 2653 794 2720 nobis
826 2665 1015 2738 argumenta
1044 2650 1245 2734 suppeditat.
1301 2651 1447 2718 Primum
1476 2652 1562 2719 enim

391 2784 465 2830 cum
498 2785 550 2832 res
577 2765 729 2833 hostibus
763 2781 929 2848 possessas
959 2761 994 2828 vi
1028 2760 1138 2827 aufert
1159 2764 1195 2843 ⁸,
1229 2762 1307 2829 satis
1329 2763 1474 2830 ostendit
1495 2783 1563 2830 non

390 2876 507 2943 debere
530 2893 569 2942 ut
590 2877 729 2944 alienum
753 2875 896 2958 relinqui
917 2875 973 2955 id,
996 2873 1088 2956 quod
1104 2873 1218 2940 hostes
1228 2874 1397 2956 detinent,
1422 2873 1564 2956 ideoque

390 2989 453 3054 hoc
475 2988 595 3055 factum
617 3004 703 3054 recte
727 2986 939 3052 imitabimur.
984 2984 1145 3070 Agnoscit
1177 2983 1295 3049 deinde
1318 2985 1467 3068 praedam
1487 3005 1562 3050 cum

391 3099 463 3184 ejus
494 3113 617 3182 partem
651 3097 808 3163 decimam
843 3096 898 3162 dat
927 3087 1114 3177 sacerdoti,
1138 3109 1177 3160 ut
1199 3094 1233 3161 in
1256 3095 1409 3178 Epistola
1430 3096 1472 3161 ad
1494 3096 1563 3161 He·

390 3209 656 3275 braeosldiserte
676 3208 869 3289 explicatur.
893 3206 980 3272 Illud
1000 3222 1108 3272 autem
1129 3206 1237 3288 ipsum
1255 3207 1300 3270 'de
1321 3207 1459 3289 praedae
1474 3207 1563 3272 deci·

388 3339 440 3385 ma
463 3320 550 3402 apud
571 3318 648 3384 alias
670 3317 765 3383 etiam
787 3333 898 3402 gentes
919 3317 1086 3384 invenitur
1108 3319 1131 3382 ².
1154 3315 1209 3381 Ad
1228 3317 1381 3383 ultimum
1400 3321 1456 3403 jus
1471 3339 1563 3402 prae-

389 3432 448 3496 dae
483 3429 626 3512 apertius
659 3430 796 3512 probare
826 3447 893 3494 non
925 3427 1060 3510 potuit,
1084 3430 1189 3508 'quam
1213 3447 1289 3492 cum
1312 3429 1470 3510 quaedam
1492 3429 1564 3513 ejus

389 3539 609 3608 consumenda
628 3539 786 3607 ministris
813 3539 883 3606 suis
906 3539 1019 3621 dedit,
1043 3537 1293 3604 auxiliatoribus
1316 3559 1394 3605 vero
1416 3554 1523 3622 partes
1545 3559 1563 3604 e

389 3651 552 3718 manubiis
585 3650 740 3736 assignari
773 3651 884 3717 voluit
904 3649 928 3716 ⁸.
951 3649 1073 3732 Neque
1102 3649 1188 3714 enim
1213 3665 1281 3715 erat
1302 3649 1330 3716 is
1356 3650 1564 3719 Abrabamus

390 3762 449 3844 qui
472 3762 561 3828 daret
589 3763 769 3845 quidquam
793 3761 884 3844 quod
906 3764 1043 3827 honeste
1062 3760 1166 3845 accipi
1191 3780 1257 3826 non
1279 3776 1400 3844 posset.
1445 3761 1564 3826 Caete-

389 3893 462 3938 rum
483 3874 574 3956 quod
596 3893 613 3938 e
637 3873 751 3956 spoliis
771 3873 937 3955 reliquum
961 3887 1030 3938 erat
1054 3890 1120 3937 non
1141 3870 1235 3953 quasi
1257 3873 1366 3937 minus
1386 3873 1459 3956 jure
1489 3892 1563 3954 par-

390 3999 459 4049 tum
482 3983 671 4065 recusavit,
696 3985 758 4050 hoc
776 3985 883 4066 ipsum
905 3981 990 4048 enim
1012 3997 1120 4065 aperte
1143 3980 1261 4047 fuisset
1287 3981 1474 4065 professus:
1506 4003 1564 4049 ne-

424 4241 482 4288 ¹V.
500 4239 581 4298 Caiet.
608 4241 634 4288 in
661 4253 748 4290 summ.
773 4254 847 4301 pecc.
873 4241 938 4288 Belli
966 4243 1062 4289 damna.
1085 4241 1158 4288 Ferd.
1173 4239 1246 4287 Diae.
1263 4241 1295 4287 ad
1311 4241 1376 4288 Duc.
1393 4240 1458 4300 leeg.
1475 4253 1527 4300 reg.
1539 4255 1563 4288 a.

389 4332 559 4381 innocentiae.
593 4322 683 4380 'Coi
704 4345 725 4379 1.
742 4345 767 4394 9.
786 4345 808 4389 7.
842 4329 977 4392 ³v0pisc.
995 4333 1082 4379 Aurel.
1101 4331 1136 4392 [c.
1153 4329 1190 4391 7.]
1224 4329 1367 4379 ⁴Historia
1381 4341 1421 4378 est
1439 4331 1503 4378 Gen.
1523 4343 1561 4390 ¹4

389 4422 641 4480 ‘lbid.15.et16.
674 4420 767 4472 ⁰ibid.
784 4435 823 4470 20.
849 4434 874 4470 ct
899 4423 976 4470 Hebr.
1002 4435 1026 4478 7.
1052 4435 1076 4480 a
1111 4419 1194 4468 ⁷Liv.
1213 4422 1229 4468 l.
1258 4431 1280 4474 s.
1310 4419 1345 4484 [c.
1373 4419 1425 4483 25·]
1461 4419 1473 4452 ⁸
1497 4422 1560 4469 Gen.

395 4525 432 4573 ¹4·
451 4525 490 4572 24.
