3450 5434
502 637 549 682 DE
573 636 668 705 Jutttt
694 635 878 683 renuunt.
903 635 984 682 CAP.
1008 634 1048 682 11.
1321 637 1362 699 23

194 808 287 858 sensu
309 791 525 875 approbatur,
548 794 631 874 νόμον
653 795 712 875 γὰρ
734 800 790 860 τῶν
808 793 898 878 φύσει
913 798 1065 860 πολιτικῶν
1075 791 1150 877 ζῴων
1160 793 1362 874 moerentis,

195 900 245 967 1ου
275 905 361 968 enim
387 917 522 990 praeses
553 907 778 968 animantium
808 915 878 982 est,
913 923 999 988 quae
1020 904 1074 967 sui
1096 915 1225 967 natura
1246 900 1364 970 civilia

196 1029 268 1080 sunt
291 1011 327 1097 ¹,
347 1016 441 1099 juxta
471 1015 714 1100 Chrysippum:
736 1028 864 1080 constat
894 1013 1038 1097 denique
1062 1013 1263 1098 singulorum
1285 1032 1364 1079 con·

194 1127 345 1193 ventione
375 1142 474 1210 atque
505 1129 646 1212 placito,
670 1146 738 1209 quo
761 1140 911 1209 respectu
929 1130 1002 1204 torni
1024 1128 1134 1201 πόλεως
1156 1128 1275 1204 συνθήκη
1295 1124 1315 1189 i.
1336 1145 1362 1189 e.

194 1243 367 1304 communis
381 1243 495 1325 pactio
516 1243 667 1306 civitatis
686 1237 900 1304 Demostheni
921 1251 954 1302 et
974 1234 1103 1302 Platoni
1127 1235 1289 1301 interdum
1308 1257 1364 1319 ap-

195 1348 331 1430 pellatur
342 1346 365 1414 ¹.
389 1350 441 1416 Ex
463 1350 627 1433 prioribus
649 1349 751 1435 igitur
771 1349 894 1434 regulis
913 1363 946 1414 et
964 1348 1026 1416 ista
1046 1347 1234 1414 descendit:
1260 1344 1364 1430 Quid·
1377 1365 1518 1428 aeguum

195 1458 279 1546 quid
298 1462 482 1546 respublica
506 1483 538 1528 se
559 1463 642 1531 velle
665 1459 884 1549 significarit,
908 1458 947 1527 td
965 1465 1002 1526 in
1024 1464 1109 1529 ctus
1130 1460 1364 1546 universosjus

45 1649 54 1664 ι
96 1604 98 1608 -
194 1583 251 1633 est.
298 1568 385 1633 Hinc
406 1571 511 1637 oritur
530 1574 585 1657 jus
605 1571 688 1637 illud
708 1571 799 1653 quod
828 1573 934 1640 οετοιόν
965 1569 1036 1637 sive
1057 1572 1167 1652 νομουν
1190 1584 1248 1635 aut
1270 1570 1419 1650 etiamne
1431 1590 1510 1639 cuno.

191 1683 257 1750 latu
269 1680 473 1765 philosophi,
495 1683 578 1769 juris
601 1697 750 1749 auctores
771 1682 870 1750 ciuile
887 1697 1028 1752 vocant:
1052 1680 1144 1763 quod
1161 1701 1227 1747 non
1247 1697 1295 1748 est
1312 1683 1366 1768 jus

194 1811 252 1874 per
270 1812 322 1872 se,
344 1792 402 1858 sed
424 1814 462 1858 ex
481 1795 545 1860 alio
565 1801 588 1861 ⁸.
634 1792 918 1882 Quemadmodum
937 1793 965 1859 si
985 1793 1045 1859 bos
1063 1813 1138 1858 cum
1155 1813 1218 1858 ove
1236 1813 1366 1876 permu-

195 1917 300 1984 tetur,
323 1923 388 1969 non
408 1921 485 1971 sunt
503 1906 635 1988 quidem
652 1907 732 1972 haec
755 1926 812 1990 per
827 1925 862 1973 se
878 1904 1043 1989 aequalia,
1067 1904 1125 1972 sed
1143 1904 1221 1987 quia
1239 1919 1366 1972 contra-

194 2015 348 2082 hentibus
371 2015 416 2081 ita
438 2018 573 2100 placuit.
620 2010 716 2084 Nihil
734 2037 810 2103 ergo
829 2016 946 2093 mirum
965 2032 1031 2102 est,
1056 2017 1147 2100 quod
1164 2015 1311 2100 alioquin
1328 2016 1367 2085 il·
1431 2066 1434 2072 ,

194 2125 319 2192 licitum
350 2148 416 2193 non
445 2125 528 2194 foret
557 2131 616 2195 hac
647 2129 771 2196 ratione
798 2128 949 2196 illicitum
973 2129 1043 2195 fieri
1067 2136 1098 2211 ⁴,
1121 2143 1178 2194 aut
1200 2148 1273 2194 cum
1294 2129 1368 2213 jura

193 2239 366 2314 naturalia,
391 2255 428 2304 ut
451 2261 534 2324 quae
551 2261 678 2308 causam
702 2242 843 2308 habeant
859 2255 1068 2324 perpetuam,
1096 2239 1166 2324 ipsa
1182 2240 1276 2307 etiam
1294 2262 1368 2325 per-

194 2365 295 2432 petuo
318 2349 452 2434 durent,
476 2351 537 2418 ista
556 2353 630 2437 jura
650 2353 767 2418 mutari
791 2373 864 2419 cum
889 2373 946 2419 sua
969 2373 1067 2421 causa
1089 2357 1120 2435 ⁸,
1143 2352 1207 2417 hoc
1226 2367 1275 2420 est
1293 2372 1366 2418 curn

194 2462 363 2527 hominum
385 2465 572 2546 voluntate,
596 2479 653 2529 aut
676 2464 737 2529 alia
760 2465 837 2530 alibi
861 2485 949 2548 esse,
974 2464 1052 2547 quia
1075 2464 1199 2533 scilicet
1215 2465 1301 2530 bona
1318 2485 1368 2530 re·

194 2574 469 2657 rumpublicarum
488 2590 565 2645 sunt
586 2575 725 2644 diversa.
769 2577 935 2644 Voluntas
956 2576 1183 2644 universorum
1200 2577 1241 2650 ad
1256 2576 1530 2664 singu-uerum.

194 2687 244 2752 los
267 2684 388 2754 directa
410 2685 487 2752 boni
511 2685 636 2770 publici
656 2687 779 2754 intuitu
785 2665 956 2775 judicium
977 2703 1037 2755 est.
1070 2688 1247 2753 Nemeum
1262 2686 1369 2753 homi·

194 2816 252 2865 nes
266 2797 388 2882 abrepti
405 2817 500 2881 saepe
515 2816 581 2864 non
598 2819 676 2864 vero
694 2800 752 2865 sed
768 2797 849 2865 falso
864 2815 963 2882 atque
980 2799 1164 2865 inordinato
1178 2799 1230 2866 sui
1243 2818 1367 2875 amore,
1396 2803 1402 2815 “

196 2909 253 2994 qui
276 2909 351 2975 mali
371 2909 476 2978 omnis
499 2930 596 2976 causa
616 2925 684 2993 est,
709 2910 743 2976 id
760 2910 852 2993 quod
866 2930 978 2976 revera
992 2925 1059 2977 erat
1072 2913 1147 2995 plus
1162 2910 1281 2976 habere
1298 2929 1368 2975 cre-

195 3021 309 3089 derent
326 3021 551 3104 aequalitatem
569 3041 639 3087 esse
659 3036 691 3087 et
709 3021 786 3088 hinc
803 3021 937 3088 dissidia
957 3042 993 3088 ac
1011 3024 1173 3088 tumultus
1187 3020 1367 3104 orirentur,

195 3153 278 3216 quae
297 3134 379 3202 mala
397 3131 492 3197 vitari
512 3133 704 3199 concordiae
726 3147 758 3198 et
773 3133 1018 3217 tranquillitatis
1033 3133 1183 3218 publicae
1200 3132 1367 3211 intererat,

195 3244 300 3310 media
322 3244 405 3310 inter
428 3243 661 3311 contendentes
679 3245 863 3329 respublica
887 3245 980 3328 quasi
1000 3245 1279 3328 compromissaria
1297 3267 1369 3330 par-

195 3371 244 3423 tes
276 3355 404 3422 diremit
426 3376 530 3439 aequa
553 3355 725 3424 divisione.
771 3357 846 3423 Hoc
870 3372 919 3425 est
942 3357 1033 3441 quod
1054 3356 1177 3424 indicat
1198 3357 1369 3429 Democri·

195 3483 249 3534 tus
270 3467 303 3532 ⁸:
326 3474 377 3537 οὐκ
398 3471 434 3538 ἂν
452 3473 573 3537 ἐκώλυον
594 3473 618 3537 οἱ
641 3470 718 3551 νόμον
739 3471 791 3546 τὴν
811 3471 934 3537 ἓκοὶυτυυ
955 3471 1095 3546 νοντ’ἰδίνν
1115 3472 1258 3550 ἐξουσίαν,
1273 3475 1305 3553 ,εἰ
1326 3473 1368 3552 μὴ

193 3580 283 3664 ἕτερος
316 3579 406 3662 ἕτερον
438 3581 619 3662 ἐλυμαίνετο.
661 3581 761 3670 φθόνος
794 3585 853 3665 γὰρ
886 3583 1003 3655 ποίους
1036 3586 1129 3670 ἀρχὴν
1156 3584 1367 3669 ἀπεργάζεται.

197 3689 276 3755 Non
293 3689 540 3778 prohibuissent
564 3693 680 3776 utiquc
703 3690 785 3778 leges
808 3711 864 3755 suo
888 3711 1046 3778 quemque
1067 3692 1214 3757 arbitrio
1237 3696 1368 3774 virere,

230 4009 238 4042 ¹
257 4011 344 4058 eadem
361 4011 378 4058 l.
397 4023 420 4057 n.
453 4005 464 4040 ¹
482 4009 569 4058 eadem
585 4011 602 4057 l.
621 4023 644 4058 ν.
662 4020 686 4058 et
701 4011 718 4058 Ι.
737 4023 758 4058 1.
777 4009 855 4060 Arist.
870 4011 946 4059 Rhet.
960 4013 977 4058 l.
999 4023 1020 4059 1.
1035 4024 1057 4058 c.
1075 4010 1367 4075 15.[p.1376.t.vs.9.]

196 4115 221 4152 et
235 4103 266 4152 de
281 4115 335 4162 rep.
348 4103 365 4148 l.
386 4114 407 4149 1.
425 4114 448 4148 c.
462 4101 487 4148 6.
505 4100 543 4162 [p.
560 4112 632 4157 125⁵·
650 4114 670 4149 1.
685 4113 724 4150 vs.
739 4100 775 4162 6.]
796 4103 826 4149 V.
843 4102 919 4161 Vasq.
936 4101 1024 4149 Contr.
1038 4099 1076 4149 ill.
1091 4113 1243 4163 c.44.rr.5.
1259 4112 1284 4148 et
1297 4103 1369 4150 ωδ.

194 4205 219 4240 n.
236 4204 273 4240 ιν.
307 4190 318 4223 ⁸
336 4191 413 4239 Arlst.
425 4192 456 4240 de
468 4203 531 4238 mor.
545 4191 576 4238 ad
595 4190 697 4240 Nicom.
713 4193 730 4239 l.
746 4203 768 4247 5.
785 4205 807 4239 c.
827 4205 864 4240 10.
883 4191 921 4253 [p.
939 4204 1010 4253 1134
1026 4205 1051 4240 υ.
1063 4205 1101 4242 vs.
1119 4192 1169 4254 18.]
1188 4193 1264 4240 Rhet.
1277 4194 1294 4240 l.
1308 4205 1329 4241 ι.
1346 4205 1369 4240 c.

199 4296 237 4341 13·
253 4283 291 4345 [p.
302 4294 373 4340 1³7³·
388 4295 411 4331 t.
426 4295 464 4330 vs.
480 4281 518 4343 4]
533 4281 625 4330 Thone.
640 4296 662 4331 ο.
680 4295 703 4330 υ.
712 4297 736 4342 q.
753 4293 793 4341 57.
809 4295 854 4332 art.
868 4296 892 4334 a.
904 4281 931 4331 ln
944 4295 1011 4343 resp.
1035 4283 1079 4332 ⁴1.
1091 4283 1263 4344 praetercunt
1274 4283 1370 4333 r.lf.de

197 4389 240 4436 op.
252 4388 313 4424 nov.
324 4385 395 4422 nunt.
413 4373 457 4436 [D.
471 4386 510 4435 ³9·
529 4386 550 4422 t.
565 4372 616 4434 20.]
632 4376 649 4422 l.
666 4387 688 4424 r.
705 4374 799 4433 §luem
812 4374 976 4435 Pomponius.
985 4373 1011 4427 if.
1020 4375 1162 4436 quodfalso
1171 4385 1264 4423 tutore.
1275 4375 1320 4438 [D.
1329 4387 1370 4433 αν.

197 4466 220 4514 6.
238 4479 258 4515 1.
274 4469 287 4524 ς
307 4465 342 4527 5.]
379 4463 389 4496 ⁵
407 4465 467 4513 inst.
490 4465 521 4513 de
540 4461 589 4521 jur.
610 4477 660 4513 nat.
676 4468 689 4524 5
704 4478 763 4526 pen.
779 4465 811 4527 [1.
832 4479 853 4514 t.
869 4479 892 4513 υ.
909 4469 922 4524 5
940 4465 990 4527 11.]
1008 4477 1034 4514 et
1051 4465 1088 4513 ibi
1106 4465 1272 4527 Theophilus.
1291 4466 1370 4514 Arist.

197 4559 228 4607 de
240 4569 294 4616 rep.
309 4558 326 4604 Ι.
345 4568 367 4613 ³·
382 4569 406 4603 c.
422 4568 447 4618 9.
463 4554 501 4616 [p.
520 4557 590 4604 1280.
608 4569 629 4603 ι.
644 4569 681 4605 vs.
701 4569 738 4604 11.
753 4556 821 4618 sqq.]
856 4555 868 4587 ⁸
887 4556 940 4619 [tp.
955 4556 1025 4605 Stob.
1043 4557 1070 4605 in
1084 4557 1159 4606 norit.
1175 4560 1193 4607 l.
1208 4559 1248 4616 38.
1259 4570 1284 4606 n.
1298 4557 1351 4619 sp]
