3450 5434
498 669 545 716 nn
567 669 661 736 Junn
686 668 872 716 ruerunt.
897 666 979 716 cun.
1004 669 1086 717 vrn.
1336 659 1377 735 85

210 841 271 888 seu
290 823 398 907 legum
418 822 577 905 quaedam
597 821 682 888 inter
702 840 739 888 se
756 820 932 888 harmonia.
957 822 1042 907 Ejus
1053 836 1160 889 autent
1174 822 1376 905 harmoniae,

210 946 250 997 ut
267 932 313 999 ita
330 932 453 1014 dicam,
472 948 665 999 concentum
685 932 770 1017 regit
789 934 842 998 lex
859 933 983 999 decima
1002 933 1107 999 tertia.
1141 934 1266 999 bellum
1287 952 1377 1000 exse-

210 1042 375 1109 cutionem
394 1062 464 1111 esse
481 1043 634 1110 diximus.
679 1043 737 1109 Ad
755 1062 824 1108 earn
855 1043 917 1109 rite
937 1042 1195 1109 constituendam
1218 1045 1271 1109 lex
1293 1063 1379 1109 nona

211 1166 244 1217 et
261 1155 314 1219 lex
343 1153 536 1221 duodecima
561 1154 717 1221 duntaxat
743 1152 915 1236 pertinent.
960 1153 1057 1219 Prius
1073 1166 1180 1219 autern
1200 1168 1249 1219 est
1267 1153 1379 1220 videre

211 1263 254 1328 dc
270 1284 310 1329 eo
330 1264 418 1331 bello
440 1267 532 1348 quod
550 1285 570 1330 a
588 1263 726 1347 privaris
748 1263 948 1348 suscipitur,
977 1264 1010 1330 in
1031 1283 1100 1346 quo
1121 1264 1292 1330 difficultas
1315 1278 1379 1329 sta·

211 1373 270 1439 tim
299 1393 428 1442 senon
457 1375 540 1441 levis
565 1373 718 1441 ostendit
762 1375 805 1439 In
832 1374 962 1457 privato
994 1374 1078 1441 enim
1107 1376 1194 1440 bello
1219 1373 1379 1459 iudicium

210 1486 403 1568 praecedere
430 1506 497 1552 non
520 1500 738 1569 potestatum
757 1484 841 1550 enim
859 1484 983 1569 judicia
1003 1486 1069 1551 sint
1087 1504 1187 1567 penes
1204 1484 1380 1567 rempubli-

212 1616 305 1679 cam,
340 1597 513 1663 accedente
536 1598 606 1681 ejus
635 1596 827 1663 auctoritate
848 1596 968 1661 bellum
986 1595 1146 1663 desineret
1175 1610 1244 1661 esse
1271 1594 1380 1677 priva·

211 1720 282 1772 tum
306 1712 332 1772 ¹.
378 1707 556 1794 Quomodo
575 1707 677 1792 igitur
693 1709 815 1792 justam
835 1707 953 1773 habere
970 1706 1110 1789 speciem
1133 1704 1242 1789 potebl
1257 1706 1380 1771 bellum

213 1819 305 1900 quod
333 1818 496 1902 privatum
526 1833 599 1899 est,
630 1836 703 1883 cum
733 1820 785 1884 lex
814 1836 898 1883 nona
921 1831 954 1881 et
973 1816 1165 1883 duodecima
1186 1817 1381 1900 praecedens

211 1929 372 2013 juditium
392 1928 584 2011 requirant?
606 1928 708 2015 Quod
727 1948 761 1993 ιιι
780 1926 918 2013 singulis
941 1927 1037 1993 etiam
1049 1928 1381 1994 casibusauctoritate

213 2040 395 2123 sapientum
410 2039 559 2124 jurisque
580 2038 689 2105 civilis
708 2040 950 2121 comprobatur.
971 2038 1105 2104 Nemini
1126 2038 1209 2105 enim
1230 2038 1382 2121 Principe

213 2151 400 2217 inconsulto
418 2150 514 2216 datur
530 2170 692 2217 armorum
714 2150 949 2216 movendorum
970 2149 1063 2233 copia
1076 2149 1106 2214 ²:
1125 2164 1210 2215 esset
1221 2150 1306 2215 enim
1319 2150 1382 2219 hoc

159 2248 166 2255 ⁸
213 2282 280 2329 non
296 2264 422 2347 iustum
445 2264 588 2344 bellum,
611 2264 668 2330 sed
689 2264 851 2345 privatum
871 2261 1077 2329 latrocinium
1097 2261 1130 2327 ἐ
1152 2262 1239 2327 unde
1257 2262 1286 2327 si
1307 2259 1383 2343 quis

214 2372 343 2458 injussu
372 2375 488 2458 populi
518 2388 575 2439 aut
606 2374 767 2457 Principis
794 2375 916 2441 bellurn
941 2373 1074 2459 gesserit
1102 2373 1305 2439 delectumve
1326 2371 1384 2437 ha·

215 2484 323 2550 buerit
343 2500 401 2551 aut
424 2484 601 2550 exercinrm
622 2485 876 2568 comparaverit,
894 2487 964 2569 lege
980 2482 1069 2569 Julia
1086 2498 1215 2550 tenetur
1233 2485 1383 2568 majesta-

215 2596 259 2661 tis
277 2602 300 2663 1.
333 2595 501 2682 Quorsum
521 2594 621 2681 igitur
638 2596 795 2679 praesidia
814 2596 848 2662 in
869 2596 1003 2679 publico
1023 2594 1203 2677 disposita,
1226 2612 1382 2677 quorsum

216 2706 388 2772 interdicta
404 2721 438 2771 et
456 2706 624 2773 cautiones
644 2706 685 2771 de
704 2724 771 2773 non
790 2704 986 2771 offendendo
1001 2706 1035 2771 in
1050 2705 1122 2789 jure
1136 2704 1307 2788 proditae,
1319 2704 1383 2769 nisi

216 2831 255 2883 ut
272 2818 416 2899 privatae
435 2816 614 2888 defensioni
639 2836 707 2884 non
725 2831 810 2883 esset
825 2820 921 2883 locus
939 2816 977 2880 ⁸?
1002 2815 1058 2881 Ad
1075 2834 1151 2880 suae
1173 2814 1219 2879 rei
1236 2812 1385 2879 vindrca·

216 2926 338 2994 tionem
368 2928 460 3011 quod
487 2930 602 2995 attinet
630 2942 788 2995 statutum
815 2926 962 3006 scimus,
982 2922 1010 2991 sl
1033 2924 1184 2992 dominus
1205 2923 1386 3007 possessio-

216 3057 290 3104 nem
320 3052 394 3105 ante
423 3038 599 3106 adventum
627 3039 793 3124 iudicialis
826 3036 950 3103 arbitrii
977 3036 1136 3103 violenter
1157 3034 1329 3113 invaserit,
1353 3049 1386 3099 et

217 3150 455 3231 possessionem
487 3150 605 3215 debere
631 3150 760 3217 restitui
782 3163 816 3215 et
837 3146 1017 3215 dominium
1038 3147 1143 3213 amitti
1160 3142 1183 3214 ⁸.
1230 3145 1386 3212 Similiter

218 3258 252 3325 in
264 3259 441 3327 debitoris
461 3278 530 3327 csse
551 3259 687 3339 dicitur,
707 3261 840 3341 quoties
860 3258 936 3342 quis
957 3258 992 3324 id
1011 3258 1103 3342 quod
1121 3257 1230 3325 deberi
1248 3256 1311 3323 sibi
1324 3276 1386 3339 pu·

218 3384 266 3436 tat
286 3388 353 3436 non
372 3390 429 3453 per
449 3370 592 3456 judicem
610 3370 778 3455 reposcit,
802 3386 834 3436 et
852 3372 907 3454 jus
930 3370 1045 3436 crediti
1065 3368 1114 3435 illi
1132 3368 1236 3452 perire
1257 3366 1315 3449 qui
1332 3369 1386 3452 jus

219 3479 283 3547 sibi
312 3480 430 3546 dixerit
447 3484 472 3548 ⁷.
516 3482 640 3547 Delicti
670 3500 769 3548 causa
796 3481 894 3547 etiam
924 3480 1085 3565 apertior:
1114 3485 1156 3565 μὴ
1178 3484 1296 3555 ἑωυτοὺς
1315 3483 1388 3548 ἐκδι-

219 3598 351 3669 κοῦντες,
382 3613 447 3657 non
470 3607 594 3660 uosmet
617 3598 701 3679 ipsos
731 3593 944 3673 ulciscenter,
967 3592 1077 3673 inquit
1098 3591 1282 3673 Apostolus
1300 3596 1332 3654 ⁸:
1356 3603 1389 3654 et

221 3702 344 3769 Seneca
364 3706 396 3767 'a
426 3704 644 3769 inhumanum
666 3704 802 3771 uerbum
823 3716 869 3767 est
890 3716 921 3767 ct
942 3702 1072 3787 quidem
1087 3715 1152 3787 pro
1163 3702 1258 3787 justo
1279 3716 1389 3787 recep-

223 3891 415 3902 ——-—.

255 4006 310 4057 ¹in
336 4019 382 4057 ιιι.
404 4022 427 4057 ι.
442 4012 528 4057 conci.
545 4021 567 4065 5.
583 4009 645 4057 Silu.
661 4007 688 4057 in
705 4008 843 4059 misellum
863 4022 889 4057 ιι.
908 4020 931 4065 ³·
948 4008 986 4057 ibi
1003 4008 1094 4069 primo.
1128 4005 1179 4057 ²c.
1196 4008 1259 4069 quid
1273 4009 1389 4068 culpatur

223 4098 312 4159 [Dect.
331 4100 401 4147 orat.
414 4112 440 4159 p.
457 4113 480 4148 ι.
497 4112 537 4156 aa.
555 4112 576 4148 r.
593 4100 631 4162 4,]
650 4100 679 4148 c.
695 4112 866 4149 arumnorum
878 4112 947 4149 usus.
964 4110 1011 4148 tor.
1033 4099 1073 4149 rit.
1094 4099 1137 4161 [c.
1159 4112 1197 4147 ιι.
1217 4098 1270 4159 47.]
1305 4096 1316 4129 ⁸
1333 4098 1389 4148 Llu.

221 4190 294 4246 ltu.
310 4188 347 4251 [e.
362 4190 416 4251 4s.]
450 4188 537 4246 ⁴1.3.
558 4189 585 4237 ff.
610 4191 641 4239 ad
658 4192 676 4237 1.
689 4190 781 4252 [ullam
795 4188 893 4247 majest.
915 4190 959 4251 [D.
978 4192 1018 4251 41.
1039 4189 1075 4251 4.]
1110 4188 1289 4237 ΗΙ.11ιιι.ὶιι
1307 4190 1324 4236 l.
1345 4187 1390 4250 qul

221 4277 615 4340 bonafidanrlqulsquldn.
633 4292 654 4328 r.
673 4278 746 4329 une
763 4280 901 4330 damminf.
920 4281 1016 4343 [Dap.
1033 4279 1209 4341 a.1s.[.11.]
1244 4279 1288 4326 ⁸1.
1302 4279 1323 4327 sl
1335 4279 1390 4339 quis

221 4368 249 4416 ln
262 4380 364 4418 mutam.
382 4370 491 4419 eunde
509 4369 546 4418 vl.
565 4369 608 4430 [c.
629 4372 689 4431 (1.4.
708 4371 745 4432 7.]
779 4368 825 4419 ⁷l.
845 4385 869 4421 r.
887 4376 908 4431 ς.
924 4372 972 4419 lrtc
992 4370 1093 4419 actione
1108 4368 1133 4417 ff.
1146 4368 1173 4417 vl
1188 4368 1249 4417 bon.
1265 4380 1328 4429 rapt.
1346 4371 1390 4433 [D.

222 4469 264 4520 47.
275 4460 299 4507 8.
315 4471 338 4507 a.
354 4458 377 4520 ς.
396 4458 446 4523 tn]
466 4461 484 4507 l.
501 4471 534 4508 er
552 4470 599 4508 tot.
615 4460 643 4508 11.
660 4463 731 4521 quod
751 4471 826 4511 metu.
847 4461 891 4523 [D.
911 4476 936 4522 4.
955 4474 977 4509 a.
1002 4460 1052 4522 tn]
1072 4462 1089 4508 l.
1106 4460 1255 4510 creditores.
1275 4472 1300 4509 et
1316 4463 1332 4509 l.
1346 4464 1382 4511 ult

221 4548 292 4599 fiad
310 4550 440 4613 1.]ιι1ι1ε
459 4549 486 4600 vl
503 4550 571 4610 priv.
592 4550 864 4614 [1).41.7.7.ει11.]
891 4548 995 4600 ⁸lions.
1013 4564 1050 4600 ιι.
1071 4564 1108 4612 19.
1134 4548 1194 4599 ’de
1210 4550 1391 4611 lral.a.c.sa.
