3450 5434
353 612 414 694 156
666 634 713 680 nr
736 634 831 702 Junr
856 634 1045 682 rannone.
1070 636 1154 684 cnr.
1177 638 1216 686 x.

350 783 446 850 etiam
469 784 539 851 sine
561 788 657 869 culpa
680 786 785 852 amitti
804 789 952 870 soleant,
975 803 1013 854 ut
1024 788 1064 853 de
1077 790 1171 871 equis
1182 790 1297 857 scribit
1308 791 1490 860 Marcellus
1502 802 1525 859 ¹.

350 895 423 960 Nec
441 896 551 963 minus
569 896 703 963 evidens
723 911 795 978 est,
815 917 875 965 cur
895 918 935 965 ex
954 900 1017 965 hoc
1040 919 1153 966 rursus
1166 901 1281 970 ordine
1292 902 1391 967 eximi
1402 902 1527 969 debue-

351 1006 418 1072 rint
438 1027 495 1089 ea,
519 1027 602 1090 quae
624 1006 695 1075 sine
715 1007 840 1092 flagitio
861 1028 927 1074 non
950 1009 1170 1091 amittuntur,
1194 1027 1233 1078 ut
1255 1031 1341 1079 arma
1363 1013 1479 1079 militis
1499 1017 1525 1079 ¹.

352 1117 439 1183 Cum
458 1137 538 1183 vero
560 1138 616 1197 ea,
638 1137 723 1199 quae
745 1118 780 1184 in
790 1118 996 1201 postliminio
1009 1136 1107 1202 sunt,
1130 1140 1229 1206 saepe
1240 1124 1425 1188 mutatione
1435 1143 1527 1188 com·

352 1228 545 1295 merciorum
577 1228 619 1293 ad
640 1228 722 1294 alios
746 1230 933 1327 earumdem
955 1231 1120 1313 partium,
1142 1251 1210 1298 non
1235 1248 1361 1299 veteres
1374 1232 1528 1300 dominos

351 1338 543 1421 perveniant
561 1345 595 1420 ³,
627 1357 723 1405 causa
755 1352 794 1405 ut
821 1339 961 1406 dicimus
984 1361 1147 1425 onerosa,
1172 1344 1321 1425 aequitas
1346 1344 1432 1409 inter
1452 1363 1527 1410 eum

351 1449 409 1532 qui
438 1449 590 1517 dominus
621 1447 686 1515 fuit
713 1465 747 1515 et
777 1470 850 1515 eum
875 1450 933 1533 qui
956 1451 1097 1534 pretium
1122 1453 1214 1520 dedit
1236 1454 1281 1519 ita
1303 1452 1372 1521 fuit
1395 1454 1529 1537 dispen-

352 1558 472 1641 sanda,
505 1574 544 1625 ut
572 1560 628 1626 ille
660 1580 726 1627 rem
757 1580 849 1627 suam
884 1562 1028 1645 recipere
1050 1578 1162 1646 posset
1180 1563 1260 1630 huic
1279 1564 1422 1647 pretium
1446 1564 1530 1631 offe-

352 1670 467 1736 rendo.
490 1670 572 1738 Non
592 1686 701 1738 tamen
721 1672 801 1737 haec
822 1671 950 1753 omnia,
975 1687 1013 1739 ut
1032 1672 1065 1739 in
1086 1674 1239 1742 Romano
1255 1675 1329 1758 jure
1348 1672 1531 1742 constituta

352 1794 450 1863 sunt,
473 1781 519 1847 ita
530 1780 654 1864 ubique
665 1782 764 1849 hodie
773 1784 1000 1850 observantur.
1023 1784 1130 1867 Nam,
1144 1798 1182 1851 ut
1194 1788 1377 1869 exemplum
1389 1786 1528 1866 demus,

353 1912 454 1960 naves
486 1893 653 1976 plerisque
684 1893 718 1959 in
751 1892 835 1961 locis
868 1893 1107 1978 postliminium
1137 1915 1204 1961 non
1228 1898 1371 1978 habent,
1396 1895 1455 1963 sed
1476 1896 1527 1961 in-

355 2003 536 2069 continenti
570 2003 699 2070 demum
733 2020 882 2089 receptae
919 2019 1002 2087 aut,
1035 2005 1227 2089 priusquam
1263 2006 1348 2072 intra
1381 2005 1528 2073 hostium

354 2112 515 2197 praesidia
533 2114 692 2181 abductae
712 2129 806 2193 sunt,
828 2115 870 2180 ad
889 2130 1019 2183 veteres
1037 2116 1191 2183 dominos
1212 2118 1351 2184 redeunt
1371 2116 1531 2202 praestito

355 2224 579 2307 receptoribus
609 2223 808 2308 honorario,
838 2225 883 2292 ita
912 2243 952 2292 ut
982 2228 1038 2312 jus
1059 2227 1203 2295 navium·
1216 2241 1250 2293 et
1269 2226 1426 2294 mercium
1444 2228 1530 2294 nihil

355 2334 502 2401 differat:
535 2335 627 2417 quod
657 2336 691 2401 in
721 2336 1015 2424 constitutionibus
1046 2338 1186 2405 Gallicis
1216 2352 1315 2420 atque
1345 2337 1470 2404 Italicis
1489 2338 1530 2403 de

355 2466 390 2510 re
419 2444 579 2511 maritima
595 2448 609 2481 ⁴
626 2444 739 2513 videre
771 2461 834 2514 cst.
879 2446 926 2513 Et
955 2452 1036 2515 haec
1059 2449 1192 2531 quidem
1216 2448 1358 2514 remedia
1381 2448 1415 2513 in
1437 2468 1530 2529 rem,

355 2572 394 2623 ut
416 2557 461 2623 ita
476 2557 602 2639 dicam,
623 2558 754 2641 prodita
767 2573 858 2625 sunt.
882 2558 969 2625 Nam
981 2560 1080 2626 rebus
1090 2558 1123 2625 in
1136 2572 1332 2643 potestatem
1344 2573 1528 2626 nostrarum

355 2667 496 2751 partium
531 2689 597 2734 non
630 2669 792 2752 redactis,
827 2684 866 2735 ut
897 2668 1029 2736 aliunde
1049 2670 1208 2753 jacturam
1230 2670 1432 2751 sarciamus,
1456 2672 1530 2754 lege

357 2780 505 2846 Romana
517 2779 733 2846 constitutum
746 2794 891 2845 nonest:
905 2781 996 2862 quod
1007 2780 1114 2864 ipsum
1127 2779 1294 2863 hodieque
1306 2782 1530 2859 observamus,

357 2888 421 2956 nisi
453 2905 616 2972 quatenus
647 2906 738 2957 extra
758 2890 903 2957 ordinem
926 2890 1089 2956 interdum
1115 2890 1242 2957 affectis
1265 2891 1384 2958 damno
1404 2906 1529 2956 certum

358 2998 442 3083 quid
461 3020 501 3066 ex
522 3001 641 3084 praeda
662 3000 819 3084 capienda
841 3000 1048 3085 assignatur,
1073 3021 1157 3082 quae
1177 3016 1256 3067 sunt
1274 3000 1369 3084 quasi
1389 3002 1423 3067 in
1442 3002 1531 3068 bello

357 3112 576 3193 repressaliae.
623 3109 750 3193 Operae
780 3126 888 3178 autem
919 3112 1058 3177 bellicae
1088 3111 1267 3194 praemium
1298 3114 1388 3178 nulla
1421 3130 1461 3177 er
1496 3132 1532 3178 re

359 3220 499 3300 utilius,
528 3240 625 3301 quam
657 3240 696 3286 ex
727 3222 846 3304 praeda
866 3221 1072 3289 dissolvitur.
1115 3221 1203 3288 Nam
1224 3222 1269 3287 ita
1292 3236 1325 3287 et
1344 3222 1531 3305 respublica

359 3346 503 3397 sumtum
537 3350 603 3397 non
636 3329 717 3396 facit
749 3347 781 3398 et
811 3332 917 3399 hostis
949 3332 1212 3417 depauperatur‚
1247 3332 1456 3417 flagrantiore
1490 3330 1531 3397 ad

360 3456 478 3508 cuncta
504 3441 629 3523 milite,
662 3441 720 3524 qui
751 3443 833 3507 sciat
864 3444 959 3507 etiam
992 3442 1055 3510 sibi
1077 3444 1274 3511 revincere.
1319 3441 1396 3508 Non
1421 3458 1530 3509 autem

360 3551 465 3618 omnis
489 3552 607 3635 praeda
629 3552 833 3638 assignatur,
856 3554 912 3638 (id
935 3553 1019 3620 enim
1042 3553 1179 3621 nimium
1202 3551 1305 3638 foret)
1327 3553 1385 3620 sed
1404 3568 1530 3619 certum
1709 3598 1710 3613 2

360 3662 498 3746 aliquod
527 3682 631 3748 genus
659 3666 774 3748 cjtrsve
794 3684 889 3748 pars,
914 3664 1014 3748 idque
1037 3685 1073 3730 ee
1106 3666 1178 3750 lege
1208 3679 1247 3731 ut
1270 3665 1363 3746 quod
1386 3663 1531 3746 quisque

360 3774 482 3857 ceperit
511 3794 552 3841 ex
584 3777 680 3842 hoste
712 3776 747 3840 id
774 3796 872 3841 suum
895 3774 1003 3842 faciat.
1049 3775 1125 3840 Hoc
1146 3774 1245 3841 modo
1269 3774 1429 3840 incertum
1452 3774 1531 3840 belli

359 3884 542 3969 periculum
572 3886 697 3953 incerto
718 3886 862 3953 vicissim
886 3886 1059 3953 commodo
1078 3886 1268 3970 rependitur
1287 3884 1310 3951 ⁵.
1354 3884 1533 3971 Quidquid

1709 4332 1710 4371 l

196 4011 400 4128 maren
431 3998 488 4063 tali
518 3996 601 4082 legis
633 3997 854 4082 assignatione
887 3998 927 4062 ad
959 3996 1107 4081 singulos
1139 3996 1311 4080 pervenit,
1345 3996 1478 4079 proprie
1501 4010 1535 4061 et

361 4108 517 4193 peculiari
540 4108 682 4191 quodam
705 4107 893 4193 significatu
911 4108 1006 4174 vocis
1025 4100 1173 4190 alioquin
1196 4106 1378 4191 generalis,
1397 4105 1533 4193 pracda

359 4262 558 4274 -n——u—

395 4332 447 4381 ¹d
465 4335 482 4381 l.
501 4347 526 4385 2.
558 4330 689 4383 ’ibidem
723 4332 768 4382 ⁸1.
793 4332 819 4381 in
843 4333 923 4382 bello.
948 4336 969 4391 §-
993 4332 1016 4383 sl
1042 4332 1099 4392 quis
1118 4343 1229 4381 servum.
1247 4329 1272 4378 ff.
1292 4332 1324 4378 de
1341 4340 1409 4389 capt.
1429 4326 1474 4392 [D.
1491 4342 1535 4393 49.

365 4434 403 4479 15·
423 4435 462 4472 ια.
488 4428 509 4483 ς.
533 4424 573 4487 7.]
606 4421 619 4455 ⁴
643 4427 732 4474 const„
750 4426 816 4473 Gall.
840 4422 883 4472 lib.
903 4422 1126 4482 ao.tit.·1s.art.
1145 4418 1452 4483 apconrulmcrlsc.
1476 4422 1536 4479 287.

362 4512 405 4561 ⁸1.
421 4527 530 4576 semper.
546 4518 568 4574 ς.
585 4516 765 4576 negotiatores.
782 4516 809 4565 ff.
826 4516 858 4565 de
877 4514 933 4573 jure
951 4514 1020 4564 imm.
1039 4512 1086 4577 [D.
1105 4524 1145 4569 so.
1164 4512 1189 4560 6.
1208 4524 1231 4569 5.
1250 4514 1273 4571 ς.
1291 4508 1329 4575 a]
