3450 5434
332 590 395 662 a66
651 613 698 659 uu
722 615 815 680 Junu
842 614 1026 662 nunaunt.
1051 613 1131 660 cnn.
1155 615 1220 662 x11.

332 771 523 838 volentibus
545 769 682 854 capitur.
727 767 806 833 Sive
836 767 940 852 igitur
962 771 1051 835 hunc
1080 767 1178 837 finem
1202 771 1358 836 volumus
1379 768 1506 850 fuisse,

332 899 371 949 ut
394 884 508 949 damna
539 901 572 948 et
602 898 730 948 sumtus
763 897 1010 965 repararentur,
1036 883 1105 950 sive
1135 882 1231 948 etiam
1254 899 1293 951 ut
1316 885 1504 968 iniquorum

334 995 455 1061 malitia
477 1010 697 1075 averteretur,
721 997 801 1060 alter
822 993 945 1061 sufficit
968 1010 999 1060 et
1019 1009 1158 1078 uterque
1177 995 1249 1061 sine
1272 995 1375 1062 dubio
1394 997 1506 1080 justus

187 1126 228 1226 {ab
250 1128 320 1171 conca
335 1121 393 1172 est.
440 1106 597 1173 Evolutis
619 1105 725 1172 causis
746 1106 923 1187 omnibus,
944 1106 1073 1189 justum
1096 1107 1159 1172 hoc
1182 1127 1251 1174 esse
1271 1108 1394 1173 bellum
1415 1107 1507 1174 Indi·

222 1211 230 1225 ’
334 1237 389 1282 cae
409 1217 650 1283 Hollandorum
671 1217 838 1284 societatis
858 1217 891 1283 in
909 1217 1111 1298 Lusitanos,
1136 1219 1178 1284 ad
1195 1239 1281 1301 quos
1302 1219 1396 1287 navis
1412 1235 1507 1304 capta

187 1328 236 1428 ᾗῇ.
250 1329 323 1375 cml·
333 1330 519 1412 pertinuit,
543 1332 819 1414 pronuntiamus;
845 1351 947 1413 quare
978 1344 1010 1396 et
1036 1330 1186 1413 praedam
1216 1331 1337 1415 justam
1371 1331 1506 1398 omnino

333 1441 458 1516 fuisse,
482 1458 520 1507 ut
552 1457 664 1509 nostra
686 1441 849 1525 principia
872 1442 1046 1507 declarant.
1091 1441 1230 1507 Etcum
1253 1441 1508 1509 evidentissimis

189 1556 236 1656 fier·
250 1557 321 1656 2351:
335 1553 517 1620 rationibus
538 1555 794 1620 demonstratum
814 1553 880 1634 sit,
900 1553 1051 1635 praedam
1067 1573 1196 1620 omnem
1217 1573 1256 1619 ex
1271 1554 1359 1619 bello
1375 1553 1506 1636 privato

184 1675 210 1725 n·
226 1665 247 1709 ¹·
334 1685 440 1748 usque
463 1666 505 1730 ad
527 1665 630 1732 debiti
648 1664 903 1731 satisfactionem
925 1665 1031 1747 primo
1052 1666 1123 1750 ejus
1140 1663 1236 1744 fieri,
1254 1663 1311 1747 qni
1332 1663 1408 1730 belli
1424 1663 1506 1748 justi

334 1792 449 1844 auctor
480 1793 552 1857 est,
584 1775 678 1842 facile
710 1775 906 1860 intelligitur
926 1796 1088 1842 caraccam
1114 1777 1197 1842 hanc
1225 1790 1404 1858 captasque
1424 1795 1507 1840 mer·

334 1907 411 1968 ces,
435 1908 517 1971 quas
540 1889 581 1954 ad
601 1888 704 1954 debiti
727 1887 929 1954 solutionem
949 1888 1095 1954 nondum
1118 1887 1265 1954 sufficere
1286 1887 1506 1966 ostendimus,

333 2000 483 2066 societati
516 2000 646 2066 Indicae
678 2017 749 2065 esse
771 1999 974 2081 acquisitas,
999 2020 1083 2082 quae
1105 1998 1176 2066 suis
1197 1999 1363 2065 sumtibus
1383 1999 1506 2064 bellum

334 2111 419 2176 illud
440 2109 689 2176 administravit.
713 2111 852 2176 Planum
877 2111 962 2176 enim
981 2109 1138 2191 fecimus,
1154 2129 1222 2177 non
1238 2110 1346 2176 minus
1363 2130 1403 2175 ex
1418 2110 1505 2175 bello

336 2221 485 2304 privato,
508 2241 605 2302 quam
628 2222 763 2304 publico
787 2222 938 2306 praedam
962 2221 1158 2306 contingere.
1202 2221 1328 2287 Verum
1349 2219 1506 2286 etiamilli

335 2332 393 2414 qui
414 2332 521 2398 verbis
545 2332 752 2415 discrepant,
779 2334 820 2398 ad
844 2335 926 2399 hanc
950 2333 1175 2414 quaestionem
1197 2333 1289 2415 quod
1311 2331 1449 2410 attinet,
1473 2351 1507 2396 re

335 2443 403 2526 ipsa
435 2445 659 2511 consentiunt.
705 2445 863 2510 Fatentur
898 2444 983 2510 enim
1017 2464 1129 2510 omnes
1149 2445 1183 2526 ¹,
1208 2443 1235 2510 si
1265 2445 1369 2529 judex
1398 2443 1506 2522 desit,

336 2554 431 2620 etiam
462 2576 502 2621 ex
533 2556 707 2623 intervallo
735 2556 778 2622 ad
801 2556 1078 2638 recuperationem
1101 2575 1208 2621 rerum
1240 2569 1273 2621 et
1293 2555 1394 2621 debiti
1418 2574 1507 2620 com·

333 2667 578 2748 pensationem,
603 2669 636 2733 in
661 2687 758 2750 quarn
789 2682 822 2733 et
842 2682 971 2734 sumtus
990 2665 1151 2747 veniunt,
1175 2685 1228 2732 res
1247 2665 1507 2732 adversariorum

334 2778 406 2860 capi
428 2798 549 2862 posse,
582 2780 646 2845 nisi
668 2780 760 2863 quod
782 2777 933 2844 nonnulli
954 2777 1052 2844 certis
1075 2777 1205 2844 casibus
1228 2777 1403 2860 requirunt
1428 2777 1508 2842 sub-

309 2929 312 2932 -
335 2904 525 2972 sequentem
546 2890 667 2976 judicis
689 2889 902 2956 sententiam:
928 2908 1012 2971 quae
1035 2909 1109 2954 cum
1132 2889 1217 2954 hanc
1238 2888 1388 2970 praedam
1413 2908 1508 2954 secu-

175 3015 206 3113 ii
226 3013 277 3071 fine
296 3025 321 3074 p.
336 3014 368 3065 ta
390 3000 434 3067 sit
456 3002 547 3067 nulla
578 3001 778 3082 relinquitur
806 2999 979 3066 dubitatio.
1023 3000 1096 3085 Jam
1125 3019 1224 3078 vero,
1248 2998 1339 3081 quod
1366 2997 1508 3080 amplius

204 3079 322 3129 ΛΜΨ
337 3125 408 3193 cst,
442 3112 561 3176 docent
592 3110 782 3178 scholastici
804 3111 840 3191 ¹,
873 3114 1025 3196 quamtis
1053 3110 1173 3175 bellum
1205 3114 1250 3175 sit
1279 3110 1443 3194 injustum
1466 3127 1507 3172 ex

335 3243 462 3304 eausa,
487 3225 621 3302 animo,
639 3237 784 3308 persona
807 3234 839 3287 et
862 3225 1092 3302 auctoritate,
1117 3234 1229 3286 tamen
1252 3223 1281 3285 si
1303 3240 1355 3284 res
1378 3219 1507 3300 subsit,

336 3335 418 3417 quia
450 3332 576 3396 scilicet
600 3346 664 3417 pro
697 3333 794 3396 rebus
827 3331 1011 3417 repetendis
1036 3330 1172 3414 factum
1196 3344 1266 3411 est,
1290 3329 1442 3416 intellige
1466 3349 1507 3393 ex

335 3441 541 3523 interuallo,
574 3463 644 3506 eum
677 3445 736 3526 qui
767 3441 888 3506 bellum
921 3445 1023 3509 mouit
1046 3445 1082 3504 in
1104 3443 1305 3506 conscientia
1329 3443 1509 3505 restituere

336 3574 400 3616 non
422 3555 530 3618 teneri
541 3598 552 3632 ,
578 3555 644 3617 nisi
665 3555 830 3639 acceperit
852 3551 909 3620 nel
924 3549 1194 3634 damnificaterit
1214 3551 1310 3616 ultra
1330 3571 1430 3636 quam
1448 3547 1508 3616 ad·

334 3667 509 3731 terrarius
532 3663 689 3728 habuerit
712 3665 836 3749 injuste
857 3662 897 3728 de
919 3683 986 3728 suo.
1021 3661 1068 3727 Et
1083 3664 1163 3728 haec
1186 3660 1313 3728 ratione
1337 3659 1509 3726 societatis

335 3773 466 3839 Indicae
501 3775 765 3854 Hollandorum,
801 3787 964 3856 quatenus
997 3793 1057 3855 pro
1089 3794 1124 3840 se
1157 3793 1241 3839 arnna
1268 3771 1397 3852 movit,
1421 3771 1509 3837 dieta

337 3901 446 3951 sunto.
491 3884 616 3950 Eodem
641 3885 739 3950 modo
763 3886 845 3966 quin
869 3905 953 3950 arma
970 3904 1101 3950 movere
1118 3883 1264 3966 potuerit
1279 3902 1339 3966 pro
1357 3881 1508 3966 injuriis,

337 4017 421 4078 quae
448 3995 547 4062 sociis
578 4011 610 4060 et
639 3995 751 4062 amicis
781 3995 951 4078 ipsorum,
981 4009 1061 4078 puta
1088 3994 1238 4061 societati
1262 3993 1509 4072 Zelandorum,

339 4211 527 4223 n-——u

371 4365 379 4398 ¹
397 4368 429 4413 V.
451 4368 494 4414 all,
517 4366 542 4413 in
567 4365 649 4426 princ.
665 4380 689 4415 c.
713 4379 752 4414 10.
774 4378 800 4414 et
824 4367 889 4414 adde
914 4367 981 4414 Batt.
1005 4367 1037 4414 de
1053 4377 1161 4426 repress.
1177 4378 1204 4424 q.
1219 4377 1243 4425 9.
1257 4377 1282 4412 n.
1298 4375 1322 4423 4.
1342 4361 1411 4411 circa
1426 4359 1510 4410 finem.

335 4455 346 4488 ²
364 4457 426 4505 silv.
443 4457 468 4505 in
484 4473 509 4504 v.
522 4459 619 4506 Bellum
641 4471 662 4505 1.
677 4460 698 4514 5.
716 4469 753 4505 ro.
