3450 5434
373 643 434 717 146
688 653 736 703 nr
758 656 851 723 Juran
877 652 1063 707 nonnulla.
1088 655 1171 703 cnr.
1195 656 1232 703 x.

371 806 511 875 Gallicis
538 806 794 892 Hispanicisque
823 808 998 891 triumphis
1028 807 1149 874 ducunt
1180 806 1323 891 quisque
1349 828 1409 891 per
1429 828 1464 877 se
1488 826 1547 876 aut

371 932 558 1000 quaestores
587 920 621 985 in
651 919 809 985 aerarium
838 918 1006 994 retulerit,
1036 938 1122 1001 opus
1151 918 1338 1001 quaerentis
1357 918 1403 984 slt
1422 918 1545 987 dicere.

370 1028 491 1110 Neque
519 1043 626 1095 tamen
660 1028 847 1112 impositam
880 1027 1021 1094 ducibus
1051 1029 1275 1096 necessitatem
1306 1029 1391 1095 hanc
1419 1028 1545 1110 fuisse,

371 1139 463 1220 quod
482 1138 616 1204 innuere
637 1138 792 1205 videntur
814 1152 1039 1220 accusatores,
1063 1158 1106 1203 erc
1125 1138 1236 1205 eadem
1248 1138 1385 1205 historia
1397 1156 1542 1222 apparet.

370 1248 519 1315 Dabatur
538 1249 623 1315 enim
643 1250 763 1333 pracda
782 1248 946 1315 interdum
967 1247 1064 1330 Diis,
1088 1248 1250 1315 interdum
1271 1248 1325 1316 lris
1345 1248 1404 1332 qui
1425 1250 1546 1317 milita·

369 1373 504 1442 verant,
527 1360 689 1427 interdum
708 1359 792 1425 aliis.
835 1358 912 1425 Diis
933 1354 991 1425 aut
1010 1359 1081 1441 ipsa
1101 1378 1255 1442 corpora,
1279 1375 1318 1426 ut
1336 1358 1441 1443 spolia
1460 1380 1546 1442 quae

370 1471 537 1537 Romulus
560 1470 704 1536 Feretrio
725 1469 898 1552 suspendit
918 1474 951 1553 ¹,
980 1484 1037 1535 aut
1062 1470 1192 1535 redacta
1217 1470 1293 1537 inde
1323 1469 1483 1554 pecunia,
1506 1484 1547 1533 ut

370 1599 412 1645 ex
442 1580 622 1649 Pometinis
653 1580 817 1646 manubiis
851 1581 1021 1663 Superbus
1052 1582 1209 1664 templum
1238 1581 1335 1665 Jovis
1366 1580 1401 1645 in
1432 1594 1545 1645 monte

371 1689 516 1775 Tarpeio
545 1690 662 1757 statuit
678 1696 704 1758 ¹.
750 1689 920 1757 Militibus
949 1690 1098 1774 praedam
1129 1690 1205 1757 dare
1235 1690 1354 1774 priscis
1383 1690 1545 1757 Romanis

370 1799 580 1867 ambitiosum
609 1802 802 1867 videbatur:
834 1800 885 1865 uti
918 1800 1037 1866 Sextus
1070 1800 1246 1883 Tarquinii
1281 1800 1422 1883 Superbi
1454 1799 1546 1866 filius

369 1930 437 1977 non
460 1910 593 1993 quidem
618 1912 766 1993 Rornae,
795 1912 853 1977 sed
880 1910 997 1976 Gabiis
1017 1909 1185 1995 profugus
1206 1912 1357 1993 praedam
1377 1910 1475 1976 militi
1495 1910 1545 1975 di-

370 2022 508 2105 largitus
539 2020 661 2087 dicitur
680 2025 715 2103 ⁸,
749 2037 789 2087 ut
822 2041 861 2088 eo
895 2020 994 2087 modo
1027 2021 1208 2103 potentiam
1243 2021 1306 2087 sibi
1339 2020 1544 2087 conciliaret.

369 2132 501 2215 Appius
533 2132 695 2197 Claudius
713 2139 725 2176 ⁸
744 2131 778 2197 in
810 2146 923 2198 senatu
956 2130 1159 2216 largitionem
1190 2132 1274 2197 hanc
1303 2151 1444 2215 novam,
1468 2150 1545 2214 pro-

370 2241 502 2325 digana,
525 2241 749 2323 inaequalem,
773 2241 990 2308 inconsultam
1011 2242 1130 2325 arguit.
1177 2242 1299 2307 Praeda
1319 2256 1427 2307 autem
1446 2242 1544 2307 militi

370 2352 446 2417 data
467 2366 527 2418 aut
547 2350 728 2434 dividitur,
760 2366 818 2416 aut
848 2351 1012 2433 diripitur.
1057 2351 1173 2418 Dividi
1203 2366 1314 2434 potest
1339 2352 1466 2418 ratione
1486 2352 1545 2419 sti·

369 2462 564 2544 pendiorum
583 2476 640 2526 aut
657 2462 858 2528 meritorum.
882 2461 1126 2544 stipendiorum
1146 2463 1272 2529 ratione
1290 2462 1395 2530 dividi
1411 2462 1546 2546 Appius

372 2572 534 2637 Claudius
555 2572 688 2638 volebat
705 2576 740 2655 ¹,
771 2572 800 2639 si
819 2572 902 2638 illud
923 2572 1071 2637 obtinere
1095 2592 1162 2638 non
1182 2588 1316 2655 posset,
1344 2589 1383 2639 ut
1405 2573 1545 2656 pecunia

371 2682 446 2747 inde
467 2682 595 2749 redacta
617 2682 650 2748 in
670 2682 791 2748 aerario
813 2697 907 2748 esset.
932 2681 1058 2748 Totum
1078 2696 1185 2749 autern
1205 2682 1376 2749 dividendi
1395 2683 1544 2749 ordinem

370 2791 550 2877 Polybius‘
561 2792 716 2876 explicat:
739 2814 855 2875 nempe
874 2793 908 2858 in
929 2792 1000 2859 dies
1019 2808 1076 2859 aut
1093 2792 1224 2877 vigilias
1240 2808 1363 2875 partem
1381 2794 1544 2859 exercitus

370 2904 502 2969 alteram
525 2918 583 2969 aut
603 2904 761 2970 minorem
784 2903 825 2968 ad
847 2904 1113 2987 comportandam
1136 2904 1287 2986 praedam
1307 2903 1395 2969 mitti
1414 2906 1543 2987 solere,

370 3028 404 3080 et
435 3012 528 3094 quod
558 3014 701 3095 quisque
722 3013 896 3096 reperisset
918 3014 953 3079 id
974 3028 1122 3080 coactum
1142 3014 1175 3079 in
1195 3028 1297 3079 castra
1314 3013 1483 3096 perferre,
1507 3030 1545 3079 ut

368 3143 427 3206 per
465 3123 618 3189 tribunos
657 3123 836 3205 aequaliter
873 3123 1148 3204 distribueretur,
1186 3123 1313 3191 vocatis
1347 3126 1388 3189 ad
1420 3139 1542 3207 partem

371 3232 467 3298 etiam
495 3232 569 3313 his,
598 3232 656 3313 qui
684 3247 788 3298 castra
818 3248 986 3300 servarant
1016 3233 1141 3316 quique
1172 3252 1229 3316 per
1246 3234 1468 3299 valetudinem
1488 3250 1544 3299 aut

369 3342 516 3425 delegata
543 3341 722 3409 ministeria
750 3343 894 3409 aberant.
939 3344 1108 3409 Interdum
1138 3363 1204 3410 non
1233 3343 1304 3426 ipsa
1322 3344 1462 3426 praeda,
1485 3345 1546 3411 sed

368 3451 507 3535 pecunia
525 3452 661 3535 praedae
679 3454 754 3519 loco
772 3453 933 3519 militibus
961 3455 1099 3534 donata,
1124 3454 1215 3536 quod
1234 3452 1304 3520 fere
1322 3454 1355 3519 in
1373 3454 1542 3537 triumpho

370 3560 478 3627 fiebat.
523 3562 769 3645 Proportionem
799 3565 883 3631 lranc
911 3564 1045 3631 invenio
1065 3573 1092 3628 ⁷:
1114 3564 1254 3648 simplex
1271 3564 1397 3647 pediti,
1421 3564 1544 3647 duplex

370 3670 580 3753 centurioni,
609 3672 731 3757 triplex
758 3674 864 3757 equiti
893 3674 1022 3739 datum:
1054 3675 1217 3740 interdum
1248 3674 1387 3757 simplex
1416 3674 1542 3757 pediti,

371 3780 476 3863 equiti
502 3783 624 3865 duplex
641 3790 675 3848 ⁸:
705 3784 870 3850 interdum
895 3784 1032 3868 simplex
1049 3784 1175 3868 pediti,
1198 3785 1320 3867 duplex
1339 3785 1540 3868 centurion,

368 3890 502 3957 tribuno
522 3907 554 3957 et
572 3894 676 3975 equiti
698 3893 903 3976 quadruplex
920 3891 950 3959 ἐ
976 3894 1051 3959 item
1073 3894 1174 3962 sociis
1194 3895 1365 3961 navalibus
1385 3894 1541 3977 simplex,

368 4002 642 4085 gubernatoribus
660 4003 803 4085 duplex,
826 4004 990 4089 magistris
1012 4004 1145 4069 navium
1167 4004 1374 4093 quadruplex
1385 4000 1421 4071 ¹‘.
1466 4004 1542 4070 Me·

401 4246 507 4296 ¹Dion.
525 4247 607 4297 llalic.
624 4246 713 4308 Anth.
730 4249 749 4295 l.
767 4262 791 4298 a.
809 4248 847 4309 [p.
874 4262 929 4297 roa.
947 4262 986 4298 vs.
1006 4248 1059 4311 ab]
1095 4247 1181 4300 'lia
1198 4252 1216 4298 l.
1236 4262 1258 4298 r.
1276 4249 1313 4311 [c.
1332 4258 1384 4312 ss]
1420 4248 1544 4299 'liat

371 4353 393 4388 r.
411 4338 448 4401 [c.
468 4339 520 4400 54]
554 4336 647 4388 ⁴Liv.
664 4341 682 4387 l.
701 4350 724 4395 ς.
750 4338 786 4400 [c.
805 4339 858 4400 aa]
893 4338 1030 4388 llbident.
1063 4338 1226 4400 ‘Polybi
1252 4352 1290 4391 ιο.
1315 4340 1351 4401 [c.
1371 4340 1422 4402 td]
1458 4336 1544 4389 lxlv.

368 4430 386 4476 l.
409 4440 452 4489 4³·
478 4428 515 4491 [c.
538 4428 596 4491 ura]
628 4427 687 4478 ἰι
710 4430 729 4477 l.
754 4428 791 4491 [c.
814 4428 868 4490 ιφ]
903 4426 1000 4479 ’suaa
1013 4431 1086 4480 Caes.
1101 4444 1125 4481 c.
1144 4433 1184 4489 st.
1201 4442 1227 4479 et
1245 4433 1314 4492 App.
1332 4430 1412 4489 civil.
1429 4432 1448 4479 l.
1466 4444 1489 4481 a.
1506 4431 1543 4493 [ο.

370 4530 426 4567 ιοο.
442 4529 467 4566 et
488 4516 554 4582 aaa]
593 4516 614 4550 ¹⁰
630 4518 687 4568 Liv.
701 4519 727 4567 d.
742 4520 760 4567 l.
776 4516 813 4582 [e.
826 4516 882 4581 qa]
