3450 5434
721 631 930 673 nocumsrvun.
1352 634 1408 694 347

238 801 298 873 ipsa
331 801 487 875 Hispania,
515 817 601 875 quam
629 801 659 858 in
690 803 849 877 provinciis
882 804 1007 878 Belgicis
1039 821 1098 862 non
1125 807 1217 864 solum
1236 806 1266 863 vi
1288 818 1316 865 et
1339 804 1408 867 dolo

238 906 341 978 Belgas
371 918 538 981 ceterasque
568 908 699 964 nationes
725 925 740 964 a
763 908 949 981 navigatione
970 919 1000 966 et
1017 909 1196 966 commerciis
1219 910 1408 983 prohibeant,

237 1011 405 1084 navigantes
425 1010 548 1084 superbe
566 1028 599 1070 ac
620 1011 779 1070 crudeliter
800 1022 945 1080 tractent,
966 1027 1052 1069 naves
1074 1023 1103 1070 et
1121 1028 1229 1070 merces
1241 1013 1409 1086 publicent,

236 1112 285 1171 sed
312 1116 398 1172 etiam
426 1113 520 1173 datam
546 1112 630 1173 fidem
652 1127 729 1173 terra
750 1117 881 1189 marique
901 1116 1035 1184 violent,
1054 1117 1111 1174 hoc
1133 1118 1249 1187 colore,
1270 1117 1348 1191 quod
1372 1117 1407 1176 ad

236 1217 314 1276 hunc
345 1217 421 1276 diem
451 1218 556 1292 opibus
584 1220 701 1278 illorum
727 1230 758 1277 et
788 1217 926 1292 perfidiae
957 1220 1138 1289 resistamus,
1168 1236 1222 1278 nec
1243 1221 1407 1293 provincias

235 1321 395 1380 foederatas
426 1324 580 1397 tyrannico
610 1335 640 1381 et
671 1323 796 1397 superbo
828 1323 1025 1396 Hispanorum
1046 1322 1177 1381 dominio
1197 1321 1294 1383 addici
1314 1327 1407 1399 patia-

236 1442 318 1495 mur,
348 1437 443 1484 tamen
474 1427 587 1485 tristem
618 1428 696 1485 hunc
726 1439 757 1484 et
786 1443 902 1499 gravem
931 1443 1025 1484 rerum
1047 1437 1154 1486 statum
1175 1427 1300 1485 animum
1323 1429 1406 1487 nobis

235 1529 360 1588 adimere
390 1531 551 1588 noluimus:
583 1531 658 1603 imo,
687 1531 737 1604 qui
763 1547 821 1604 ope
841 1528 941 1588 divina
962 1540 991 1588 et
1012 1531 1128 1588 auxiliis
1150 1531 1223 1604 regis
1243 1532 1405 1590 Britannici

235 1644 324 1706 atque
350 1634 472 1693 aliorum
504 1634 693 1707 Principum,
724 1634 856 1707 inprimis
885 1649 958 1692 vero
979 1644 1096 1691 strenua
1118 1651 1151 1692 ac
1172 1636 1318 1693 constanti
1340 1653 1407 1694 nos-

236 1737 354 1795 tratium
381 1753 469 1810 opera
488 1738 658 1807 sustentati,
678 1753 731 1811 per
751 1740 858 1795 multos
878 1737 934 1810 iam
955 1753 1046 1795 annos
1068 1725 1199 1795 consiliis
1221 1739 1338 1796 illorum
1360 1755 1406 1797 su-

234 1840 331 1912 perbis
349 1852 380 1898 et
400 1841 511 1898 nomini
530 1841 699 1899 Christiano
719 1841 830 1913 ubique
854 1842 1000 1900 nocituris
1022 1839 1195 1911 restitimus,
1216 1839 1331 1900 tandem
1350 1843 1406 1916 ipsi

237 1944 382 2018 Hispanos
411 1947 492 2003 ultro
519 1945 548 2002 in
581 1947 676 2018 regnis
698 1956 727 2002 et
758 1945 881 2002 coloniis
902 1945 960 2003 suis
979 1955 1078 2018 petere
1100 1944 1295 2016 decrevimus,
1315 1955 1406 2020 atque

235 2049 276 2105 ita
296 2065 356 2105 non
382 2051 475 2105 solum
503 2047 637 2107 damnosa
657 2049 775 2107 illorum
796 2049 919 2107 consilia
936 2047 1096 2124 impedire,
1117 2047 1166 2106 sed
1185 2065 1301 2123 operam
1320 2048 1407 2120 dare,

235 2163 270 2209 ut
289 2151 369 2208 bello
387 2151 508 2224 publico
528 2163 558 2210 et
575 2153 710 2226 privato,
731 2152 994 2226 copiismaritimis
1014 2164 1044 2210 et
1066 2153 1251 2211 terrestribus
1266 2164 1296 2211 et
1306 2155 1406 2212 amissa

236 2270 437 2328 recuperemus
463 2266 494 2313 et
523 2255 650 2313 vicissim
677 2252 779 2313 damna
799 2256 963 2314 inferamus.
1005 2255 1155 2330 Speramus
1174 2267 1270 2316 autem
1289 2257 1351 2315 fore
1372 2269 1406 2316 ut

236 2361 315 2416 Deus
344 2371 459 2418 nostrae
484 2375 584 2418 causae
612 2360 707 2418 faveat
725 2376 758 2417 ac
780 2361 944 2433 provincias
962 2359 1120 2418 foederatas
1142 2360 1338 2433 Hispanorum
1360 2371 1406 2435 ty-

236 2461 356 2520 rannide
383 2463 504 2533 liberet,
525 2473 615 2535 utque
636 2465 753 2536 insuper
779 2463 964 2538 Principibus
986 2475 1015 2520 et
1036 2463 1204 2521 civitatibus
1226 2465 1406 2522 Germanicis

234 2567 343 2624 animos
361 2564 447 2624 addat
468 2566 560 2638 iisque
581 2565 752 2640 persuadeat
770 2583 845 2641 opus
866 2583 941 2635 esse,
963 2577 997 2624 ut
1018 2566 1103 2625 rebus
1124 2567 1182 2624 suis
1203 2565 1356 2625 attendant
1375 2578 1406 2626 et

236 2671 380 2744 Hispanos
397 2687 413 2727 e
433 2670 492 2727 suis
513 2671 598 2728 terris
618 2681 648 2728 et
669 2686 685 2727 e
706 2671 867 2745 provinciis
899 2671 1024 2744 Belgicis
1056 2672 1214 2743 expellant.
1256 2670 1314 2743 Ipsi
1333 2687 1405 2728 vero

234 2787 269 2832 ut
297 2776 337 2833 rei
365 2775 513 2832 communi
538 2775 631 2848 justae
657 2787 688 2833 et
716 2776 891 2833 necessariae
919 2777 1118 2844 consulamus,
1147 2774 1269 2832 omnino
1290 2789 1404 2832 necesse

233 2878 368 2936 habemus
395 2879 565 2952 prohibere,
591 2879 745 2953 quominus
773 2879 969 2952 inposterum
996 2895 1082 2936 naves
1101 2875 1137 2936 ad
1159 2878 1304 2952 Hispanos
1326 2893 1404 2936 com·

232 2995 328 3040 meent
349 2993 399 3041 aut
417 2999 525 3041 merces
545 2993 623 3041 terra
642 2984 751 3041 marive
768 2981 804 3040 ad
821 2998 870 3040 eos
892 2980 1089 3040 devehantur:
1109 2983 1165 3040 hoc
1182 2981 1258 3040 enim
1276 2983 1306 3040 in
1326 2981 1405 3040 bello

233 3101 292 3142 non
324 3097 436 3144 tantum
463 3086 528 3159 jure
554 3087 683 3160 gentium
714 3087 828 3144 licitum
848 3096 908 3156 est,
928 3084 1082 3143 sedetiam
1105 3085 1217 3158 legibus
1240 3085 1356 3159 Imperii
1373 3097 1404 3144 et

232 3190 362 3247 omnium
385 3190 495 3263 ubique
513 3190 684 3264 Principum
702 3201 732 3247 et
751 3185 904 3248 civitatum
922 3189 984 3247 iieri
1006 3193 1097 3258 solet,
1113 3200 1142 3247 et
1162 3188 1308 3264 prioribus
1325 3187 1404 3248 edie-

233 3294 270 3351 tis
286 3296 393 3352 uostris
414 3305 444 3351 et
465 3295 580 3367 reginae
601 3293 770 3352 Britanniae
789 3295 831 3352 ita
853 3294 1048 3352 constitutum
1069 3304 1129 3352 est:
1150 3305 1298 3367 praeterea
1319 3295 1403 3351 nolu-

232 3415 294 3455 mus
325 3399 356 3454 in
387 3408 536 3470 posterum
567 3415 738 3471 quemquam
763 3395 800 3455 de
820 3397 865 3454 his
888 3397 972 3456 terris
989 3395 1163 3468 foederatis,
1184 3395 1252 3455 dum
1274 3398 1403 3470 negotia-

233 3501 322 3558 tionis
350 3504 396 3559 vel
428 3503 598 3574 piscationis
629 3503 720 3574 gratia
748 3502 818 3559 mari
847 3504 895 3559 vel
925 3499 1141 3560 mediterraneis
1171 3502 1254 3574 aquis
1285 3512 1404 3568 utatur,

232 3604 309 3661 falsis
338 3605 465 3664 hostium
497 3604 662 3678 diplomatis
682 3618 713 3663 et
733 3606 825 3663 literis
846 3603 962 3679 decipi;
992 3604 1073 3678 quod
1093 3606 1243 3664 nonnullis
1264 3602 1403 3664 accidisse

231 3706 394 3766 audivimus
411 3720 513 3766 contra
533 3704 781 3782 exspectationem
803 3720 941 3766 nostram.

272 3812 373 3886 ltaque
401 3812 437 3870 de
467 3813 609 3871 sententia
639 3812 783 3885 Principis
809 3811 961 3882 Mauritii,
983 3811 1120 3884 praefecti
1138 3811 1270 3868 classium
1291 3811 1402 3880 nostri,

230 3915 362 3989 jubemus
389 3923 488 3974 omnes
517 3917 646 3974 homines
665 3932 822 3989 omnesque
841 3931 903 3984 res,
923 3930 997 3988 quae
1022 3916 1052 3971 in
1072 3930 1162 3987 regno
1180 3913 1337 3986 Hispaniae
1358 3915 1402 3971 in-

230 4021 406 4089 veniuntur,
427 4037 601 4093 quocunque
629 4023 696 4078 loco
722 4035 769 4076 eas
797 4020 828 4076 in
850 4029 1023 4092 potestatem
1046 4029 1173 4075 nostram
1193 4014 1401 4089 redegerimus,

230 4121 363 4196 praedam
394 4133 521 4180 nostram
542 4139 620 4181 esse:
641 4134 770 4180 vetamus
792 4137 983 4194 quemquam,
1004 4119 1201 4193 undecunque
1223 4119 1261 4177 sit
1282 4123 1329 4177 vel
1351 4136 1401 4177 cu·

229 4226 391 4300 juscunque
416 4225 614 4294 conditionis,
633 4224 669 4284 ad
697 4237 800 4301 portus
819 4228 867 4283 vel
889 4224 996 4300 oppida
1017 4225 1144 4282 hostium
1164 4234 1240 4282 terra
1261 4225 1309 4280 vel
1328 4223 1398 4281 mari

229 4334 293 4390 ullo
314 4342 465 4404 praetextu
487 4329 644 4404 quidquam
666 4329 880 4398 transmittere,
902 4329 962 4386 sive
984 4343 1070 4385 naves
1092 4328 1170 4396 sint,
1191 4327 1252 4384 sive
1274 4342 1399 4396 merces,

186 4481 190 4487 .
230 4437 290 4494 sive
310 4436 364 4492 alia
384 4436 480 4492 bona:
500 4432 604 4506 quodsi
620 4435 685 4507 quis
705 4431 737 4491 id
758 4434 938 4506 neglexerit,
954 4431 1145 4491 mulctabitur
1164 4430 1308 4490 mercibus
1332 4431 1399 4504 ipsis
