3450 5434
1319 604 1323 636 l

496 681 542 726 un
566 681 659 748 June
686 681 871 728 rannone.
897 678 979 725 car.
1004 679 1057 724 ιν.
1327 675 1369 734 49

198 833 326 898 resistat
349 833 490 918 graviter
513 833 701 916 delinquere
723 843 743 900 ¹.
790 835 906 915 Atque
932 833 1012 898 adeo
1036 832 1064 896 si
1088 829 1169 911 quid
1189 830 1244 895 ille
1264 825 1369 893 felici·

196 959 247 1010 ter
266 961 376 1029 gerat,
400 943 455 1010 fur
476 960 525 1010 est
548 961 579 1011 et
600 961 710 1028 raptor
731 946 898 1012 violentus
919 960 950 1009 ct
971 942 1119 1008 sicarius.
1156 942 1240 1007 Sunt
1260 954 1366 1005 autem

197 1058 277 1122 haec
307 1071 437 1140 peccata
469 1057 653 1142 ejusmodi,
687 1072 724 1123 ut
755 1077 845 1123 reum
876 1054 1090 1121 facultatibus
1110 1052 1287 1132 omnibus,
1311 1065 1367 1116 aut

196 1183 287 1252 parte
303 1189 418 1252 magna
437 1168 586 1234 mulctari
599 1167 719 1234 faciant
730 1173 762 1232 ¹:
784 1173 868 1250 quae
880 1167 909 1234 ei
926 1166 1046 1250 apponi
1064 1166 1198 1246 debent,
1218 1164 1251 1228 i‘rr
1268 1183 1365 1245 quem

196 1294 363 1362 peccatum
387 1295 459 1360 est,
480 1295 537 1346 aut
558 1279 682 1345 homini
714 1273 790 1345 autl
795 1278 1002 1363 reipublicae.
1047 1277 1093 1343 Et
1115 1278 1179 1351 hoc
1204 1289 1253 1341 est
1275 1273 1371 1357 quod·

195 1390 328 1456 madunt
350 1389 540 1476 theologi⁸,
562 1389 595 1456 in
607 1389 770 1474 principio
791 1390 894 1470 belli,
918 1389 946 1456 si
967 1388 1074 1455 hostis
1098 1387 1215 1455 offerat
1236 1389 1364 1470 plenam

196 1500 449 1568 satisfactionem
478 1520 545 1568 non
574 1515 698 1567 tantum
732 1499 869 1586 injuriae
890 1515 923 1566 et
942 1520 1073 1580 rerum,
1096 1500 1154 1566 sed
1174 1500 1364 1565 damnorum

196 1612 290 1678 etiam
322 1633 358 1678 ac
392 1612 634 1697 impensarum,
658 1611 856 1678 audiendum
889 1631 962 1677 eum
987 1630 1068 1677 esse.
1114 1612 1162 1676 At
1191 1628 1285 1675 secus
1306 1609 1364 1674 fla-

197 1738 309 1808 grante
328 1721 393 1807 J'am
416 1723 528 1804 bello,
553 1723 631 1805 quia
653 1722 760 1789 hostis
785 1722 979 1805 delinquens
999 1722 1064 1805 jam
1087 1741 1153 1787 non
1174 1741 1212 1787 eo
1236 1721 1279 1786 sit
1300 1736 1364 1786 sta·

195 1849 256 1914 tu,
280 1848 318 1899 ut
338 1832 525 1900 satisfacere
548 1834 685 1915 debeat,
708 1835 765 1900 sed
788 1842 808 1912 †
832 1881 1061 1901 ...........
1083 1848 1132 1898 est
1151 1831 1242 1915 pati,
1264 1834 1364 1898 altero

195 1943 349 2011 videlicet
369 1944 479 2029 judice
500 1945 565 2030 jam
586 1945 792 2027 constituto,
812 1946 870 2030 qui
894 1989 1237 2013 ................
1250 1943 1363 2026 possit.

195 2053 248 2120 Ex
271 2055 428 2137 hisquae
451 2055 537 2122 dicta
560 2072 636 2123 sunt
660 2056 739 2124 satis
762 2071 894 2142 apparet
914 2055 1008 2122 etiam
1030 2053 1235 2120 concordiam
1256 2054 1365 2137 reipu-

196 2165 298 2232 blicae
321 2181 353 2231 et
374 2166 619 2251 magistratuum
643 2167 868 2234 auctoritatem
886 2187 981 2250 saepe
1003 2166 1072 2232 sine
1094 2165 1211 2248 pracda
1233 2183 1365 2231 conset-

195 2277 264 2342 vari
295 2296 360 2343 noa
382 2286 525 2361 posse⁴‚
549 2279 721 2363 praecipue
743 2279 820 2362 quia
842 2279 883 2344 ad
906 2298 973 2344 eam
996 2297 1062 2343 rem
1085 2276 1216 2343 maximi
1237 2291 1365 2343 sumtus

195 2388 419 2454 desiderantur
442 2409 502 2456 nec
525 2390 656 2473 impune
677 2391 762 2456 ferte
784 2391 925 2470 debent,
949 2388 1007 2473 qui
1029 2400 1148 2454 temere
1170 2401 1362 2472 repugnant.

196 2499 282 2564 Cum
308 2499 408 2584 igitur
427 2501 569 2583 patuerit
592 2499 604 2535 ⁵
624 2501 749 2586 justum
771 2521 865 2586 esse,
892 2500 968 2584 quia
992 2516 1024 2567 et
1045 2500 1119 2566 Deo
1142 2515 1267 2585 gratum
1289 2516 1362 2582 est,

195 2628 257 2675 nos
278 2613 412 2676 salutem
438 2627 579 2677 nostram
603 2613 711 2693 tueri,
735 2631 785 2679 res
808 2628 936 2678 nostras
958 2610 1128 2677 defensare
1150 2627 1206 2678 aut
1229 2631 1363 2695 recupe-

196 2741 290 2803 rare,
315 2723 459 2788 debitum
492 2724 674 2805 consequi,
698 2723 792 2790 etiam
818 2724 902 2789 illud
922 2722 1013 2804 quod
1035 2741 1172 2805 poenam
1192 2722 1362 2803 continet,

193 2853 278 2914 quae
311 2853 371 2899 nos
403 2833 495 2900 alteri
518 2833 670 2916 cuiquam
696 2834 857 2900 remittere
889 2834 983 2898 Deus
1012 2852 1079 2897 non
1100 2831 1188 2916 cogit
1207 2835 1244 2912 ⁸,
1271 2853 1362 2915 prac-

193 2943 303 3009 sertim
336 2964 410 3010 cum
440 2943 472 3010 in
497 2965 667 3012 commune
688 2943 816 3010 intersit
838 2942 995 3010 maleficia
1015 2962 1081 3009 non
1104 2963 1233 3008 manere
1256 2942 1362 3025 impu-

190 3054 284 3136 nita,
318 3075 523 3140 propugnare
547 3056 778 3139 rempublicam
801 3072 833 3122 et
855 3055 1079 3141 magistratus:
1115 3056 1231 3121 horum
1252 3071 1360 3120 autem

192 3164 275 3230 nihil
298 3165 368 3232 fieri
389 3165 518 3249 possit,
541 3165 604 3232 nisi
625 3167 738 3233 hostes
760 3167 880 3251 opibus
902 3183 1084 3247 exuantur,
1108 3168 1262 3248 pleraque
1282 3185 1361 3232 vero

192 3296 257 3341 non
281 3276 373 3343 aliter
395 3278 560 3361 possimus
581 3277 750 3359 obtinere,
774 3279 837 3344 nisi
860 3300 918 3362 per
938 3280 1081 3359 bellum,
1105 3275 1303 3358 acquirendo
1327 3276 1362 3342 id

192 3388 284 3470 quod
315 3389 420 3455 hostis
442 3387 530 3470 fuit,
554 3389 617 3456 hoc
640 3405 746 3456 autem
769 3390 811 3455 sit
832 3391 914 3455 illud
938 3390 1028 3471 quod
1046 3388 1164 3471 praeda
1184 3386 1304 3454 dicitur
1324 3392 1360 3468 ⁷,

191 3499 325 3566 omnino
355 3500 568 3583 consequitur
592 3501 736 3584 praedari
757 3501 933 3583 aliquando
951 3502 1076 3585 justum
1101 3519 1183 3566 csse.
1227 3500 1308 3584 Jam'
1320 3521 1359 3566 err
1371 3508 1437 3607 ᾖτε·
1449 3512 1524 3610 01th

1372 3616 1421 3661 111.

223 3843 325 3893 ¹Mart.
342 3847 419 3894 Land.
442 3859 466 3906 q.
492 3860 570 3909 14.et
591 3849 629 3896 16.
663 3847 722 3897 ²err
740 3852 812 3910 alleg.
829 3863 905 3911 supra
922 3863 978 3911 pos.
1011 3847 1121 3908 ’Caice
1137 3850 1163 3898 in
1178 3864 1267 3901 summ.
1284 3865 1358 3912 pecc.

187 3934 252 3984 Belli
269 3935 411 3985 revocatio.
444 3935 542 3994 ⁴iuxta
560 3941 577 3986 l.
596 3951 619 3996 7.
637 3951 662 3988 et
681 3953 736 4000 sqq.
754 3941 784 3988 V.
801 3941 870 3988 Vict.
887 3955 913 3990 n.
934 3952 970 3996 rs.
989 3941 1052 3990 Silv.
1069 3941 1095 3989 in
1120 3957 1144 3990 v.
1167 3943 1359 4004 Repressaliac,
1389 3988 1393 3994 .

188 4025 214 4074 in
231 4026 314 4086 pn'nc.
331 4027 382 4075 ibi:
400 4027 450 4091 Qul
469 4039 559 4078 autem.
594 4028 678 4078 ‘toto
696 4043 719 4078 c.
738 4044 762 4078 2.
781 4030 793 4062 ⁵
810 4031 889 4079 Wilh.
908 4033 989 4079 Mam.
1009 4034 1040 4082 de
1059 4033 1128 4080 bello
1145 4030 1214 4089 iusto
1232 4044 1257 4080 et
1274 4031 1356 4079 licito.

188 4113 214 4162 ln
234 4127 257 4171 3.
275 4129 329 4176 req.
364 4114 425 4166 ἐκ
450 4117 526 4166 defin.
551 4121 660 4178 praedae
684 4120 710 4168 in
735 4118 785 4168 fine
811 4134 868 4181 cap.
887 4135 909 4169 2.

219 4207 234 4265 †
254 4204 332 4269 [Folii
350 4220 434 4268 margo
451 4207 558 4257 inferior
572 4211 604 4258 ad
619 4212 731 4258 dextram
747 4224 846 4260 uranum
869 4225 882 4259 a
900 4212 1012 4261 muribus
1029 4225 1134 4260 corrosa
1151 4223 1205 4272 cst,
1222 4213 1289 4260 unde
1304 4211 1356 4259 sae-

186 4305 239 4343 tum
257 4307 285 4343 ut
303 4299 353 4345 dun
372 4311 460 4348 versus
479 4312 526 4358 pto
545 4309 616 4359 parte
634 4301 711 4348 deleti
729 4301 788 4350 sint.
824 4304 872 4350 sed
889 4302 1005 4362 quamvls
1023 4305 1055 4351 de
1073 4302 1135 4362 ipsis
1162 4300 1245 4350 Grotii
1270 4301 1356 4348 verbis

186 4386 265 4434 hodie
283 4399 399 4436 constare
416 4401 541 4450 nequeat,
559 4392 625 4439 haud
642 4393 747 4440 multum
766 4392 948 4455 aberrabimus,
967 4393 989 4442 si
1008 4393 1115 4442 insane
1133 4392 1187 4439 fere
1206 4391 1356 4440 sententiam

186 4476 319 4536 scripsisse
337 4492 394 4526 eum
417 4493 555 4539 ponamus:
581 4481 606 4529 in
631 4481 718 4542 priore
737 4497 812 4532 versu
830 4486 906 4534 haec:
935 4486 980 4532 scd
997 4484 1080 4532 illatis
1095 4484 1218 4547 graviora
1237 4483 1305 4531 haud
1318 4484 1355 4530 in-

181 4565 281 4628 justum
298 4581 336 4617 est
354 4571 423 4628 pati;
440 4571 465 4619 ln
484 4573 563 4620 altero
583 4573 630 4621 ita:
649 4573 693 4633 qui
712 4574 741 4620 de
757 4585 835 4638 poena
851 4585 900 4638 pro
917 4575 990 4622 libitu
1008 4583 1125 4623 ,statuere
1141 4573 1245 4638 possit]

1203 4686 1224 4745 4
