<?xml version="1.0" encoding="UTF-8"?>
<!DOCTYPE html PUBLIC "-//W3C//DTD XHTML 1.0 Transitional//EN"
    "http://www.w3.org/TR/xhtml1/DTD/xhtml1-transitional.dtd">
<html xmlns="http://www.w3.org/1999/xhtml" xml:lang="en" lang="en">
 <head>
  <title>
</title>
<meta http-equiv="Content-Type" content="text/html;charset=utf-8" />
  <meta name='ocr-system' content='tesseract 3.04.00' />
  <meta name='ocr-capabilities' content='ocr_page ocr_carea ocr_par ocr_line ocrx_word'/>
</head>
<body>
  <div class='ocr_page' id='page_1' title='image "./ledroitdeprised02hamagoog_0098.png"; bbox 0 0 3450 5434; ppageno 0'>
   <div class='ocr_carea' id='block_1_1' title="bbox 372 620 1250 699">
    <p class='ocr_par' dir='ltr' id='par_1_1' title="bbox 372 620 1250 699">
     <span class='ocr_line' id='line_1_1' title="bbox 372 620 1250 699; baseline -0.007 -16"><span class='ocrx_word' id='word_1_1' title='bbox 372 620 414 699; x_wconf 80' lang='lat'>7⁶</span> <span class='ocrx_word' id='word_1_2' title='bbox 681 632 730 679; x_wconf 80' lang='lat' dir='ltr'>ns</span> <span class='ocrx_word' id='word_1_3' title='bbox 751 631 846 699; x_wconf 74' lang='lat' dir='ltr'>June</span> <span class='ocrx_word' id='word_1_4' title='bbox 871 627 1160 681; x_wconf 70' lang='lat' dir='ltr'>vesanensem</span> <span class='ocrx_word' id='word_1_5' title='bbox 1184 630 1250 679; x_wconf 87' lang='lat' dir='ltr'>vrr.</span> 
     </span>
    </p>
   </div>
   <div class='ocr_carea' id='block_1_2' title="bbox 366 781 1547 3539">
    <p class='ocr_par' dir='ltr' id='par_1_2' title="bbox 366 781 1545 1631">
     <span class='ocr_line' id='line_1_2' title="bbox 366 781 1545 874; baseline -0.004 -18"><span class='ocrx_word' id='word_1_6' title='bbox 366 789 485 874; x_wconf 83' lang='lat' dir='ltr'>partim</span> <span class='ocrx_word' id='word_1_7' title='bbox 516 807 584 856; x_wconf 89' lang='lat' dir='ltr'>non</span> <span class='ocrx_word' id='word_1_8' title='bbox 606 785 734 869; x_wconf 87' lang='lat' dir='ltr'>utitur,</span> <span class='ocrx_word' id='word_1_9' title='bbox 769 804 838 869; x_wconf 88' lang='lat' dir='ltr'>quo</span> <span class='ocrx_word' id='word_1_10' title='bbox 873 784 957 852; x_wconf 86' lang='lat' dir='ltr'>illud</span> <span class='ocrx_word' id='word_1_11' title='bbox 989 783 1127 852; x_wconf 83' lang='lat' dir='ltr'>Homeri</span> <span class='ocrx_word' id='word_1_12' title='bbox 1158 788 1184 871; x_wconf 86' lang='lat'>†</span> <span class='ocrx_word' id='word_1_13' title='bbox 1215 781 1353 851; x_wconf 86' lang='lat' dir='ltr'>mirifice</span> <span class='ocrx_word' id='word_1_14' title='bbox 1383 784 1545 869; x_wconf 85' lang='lat' dir='ltr'>pertinet:</span> 
     </span>
     <span class='ocr_line' id='line_1_3' title="bbox 540 896 1301 983; baseline 0.004 -15"><span class='ocrx_word' id='word_1_15' title='bbox 540 901 631 983; x_wconf 72' lang='grc' dir='ltr'><strong><em>ἥμισυ</em></strong></span> <span class='ocrx_word' id='word_1_16' title='bbox 647 901 709 983; x_wconf 64' lang='grc' dir='ltr'>γάρ</span> <span class='ocrx_word' id='word_1_17' title='bbox 731 927 765 967; x_wconf 76' lang='grc' dir='ltr'>τε</span> <span class='ocrx_word' id='word_1_18' title='bbox 785 899 848 967; x_wconf 69' lang='grc' dir='ltr'>νόου</span> <span class='ocrx_word' id='word_1_19' title='bbox 863 900 1061 981; x_wconf 59' lang='lat' dir='ltr'>&amp;romipetae</span> <span class='ocrx_word' id='word_1_20' title='bbox 1081 896 1206 981; x_wconf 69' lang='grc' dir='ltr'>εὐρύοπα</span> <span class='ocrx_word' id='word_1_21' title='bbox 1228 900 1301 972; x_wconf 76' lang='grc' dir='ltr'>Ζεὺς</span> 
     </span>
     <span class='ocr_line' id='line_1_4' title="bbox 541 1004 1301 1092; baseline -0.007 -12"><span class='ocrx_word' id='word_1_22' title='bbox 541 1014 664 1092; x_wconf 70' lang='grc' dir='ltr'>ἀνδρῶν,</span> <span class='ocrx_word' id='word_1_23' title='bbox 684 1006 733 1085; x_wconf 72' lang='grc' dir='ltr'>οὓς</span> <span class='ocrx_word' id='word_1_24' title='bbox 752 1010 790 1077; x_wconf 67' lang='grc' dir='ltr'>ἂν</span> <span class='ocrx_word' id='word_1_25' title='bbox 809 1012 843 1087; x_wconf 73' lang='lat' dir='ltr'>tl</span> <span class='ocrx_word' id='word_1_26' title='bbox 866 1012 948 1077; x_wconf 72' lang='lat' dir='ltr'>torol</span> <span class='ocrx_word' id='word_1_27' title='bbox 969 1010 1075 1077; x_wconf 71' lang='lat' dir='ltr'>tolno:</span> <span class='ocrx_word' id='word_1_28' title='bbox 1095 1004 1174 1090; x_wconf 69' lang='grc' dir='ltr'>ἦμαρ</span> <span class='ocrx_word' id='word_1_29' title='bbox 1195 1005 1301 1090; x_wconf 64' lang='grc' dir='ltr'>ἕλῃσιν.</span> 
     </span>
     <span class='ocr_line' id='line_1_5' title="bbox 545 1115 1502 1205; baseline -0.005 -20"><span class='ocrx_word' id='word_1_30' title='bbox 545 1118 695 1186; x_wconf 74' lang='lat' dir='ltr'><em>Tollitur</em></span> <span class='ocrx_word' id='word_1_31' title='bbox 717 1120 795 1185; x_wconf 80' lang='lat' dir='ltr'>huic</span> <span class='ocrx_word' id='word_1_32' title='bbox 817 1120 984 1186; x_wconf 75' lang='lat' dir='ltr'>hominum</span> <span class='ocrx_word' id='word_1_33' title='bbox 1005 1119 1123 1205; x_wconf 78' lang='lat' dir='ltr'>generi</span> <span class='ocrx_word' id='word_1_34' title='bbox 1139 1130 1225 1202; x_wconf 85' lang='lat' dir='ltr'>pars</span> <span class='ocrx_word' id='word_1_35' title='bbox 1246 1115 1361 1182; x_wconf 79' lang='lat' dir='ltr'>altera</span> <span class='ocrx_word' id='word_1_36' title='bbox 1383 1118 1502 1181; x_wconf 80' lang='lat' dir='ltr'>mentis</span> 
     </span>
     <span class='ocr_line' id='line_1_6' title="bbox 541 1226 1422 1318; baseline -0.001 -23"><span class='ocrx_word' id='word_1_37' title='bbox 541 1227 597 1295; x_wconf 81' lang='lat' dir='ltr'>Ab</span> <span class='ocrx_word' id='word_1_38' title='bbox 616 1230 727 1318; x_wconf 72' lang='lat' dir='ltr'>Jove,</span> <span class='ocrx_word' id='word_1_39' title='bbox 749 1228 902 1298; x_wconf 66' lang='lat' dir='ltr'>servilem</span> <span class='ocrx_word' id='word_1_40' title='bbox 924 1227 1032 1297; x_wconf 76' lang='lat' dir='ltr'>voluit</span> <span class='ocrx_word' id='word_1_41' title='bbox 1055 1248 1134 1314; x_wconf 84' lang='lat' dir='ltr'>quos</span> <span class='ocrx_word' id='word_1_42' title='bbox 1157 1226 1276 1293; x_wconf 81' lang='lat' dir='ltr'>ducere</span> <span class='ocrx_word' id='word_1_43' title='bbox 1301 1228 1422 1294; x_wconf 73' lang='lat' dir='ltr'>vitam.</span> 
     </span>
     <span class='ocr_line' id='line_1_7' title="bbox 366 1338 1360 1424; baseline -0.008 -17"><span class='ocrx_word' id='word_1_44' title='bbox 366 1342 516 1423; x_wconf 85' lang='lat' dir='ltr'>Itemque</span> <span class='ocrx_word' id='word_1_45' title='bbox 537 1341 655 1424; x_wconf 85' lang='lat' dir='ltr'>partim</span> <span class='ocrx_word' id='word_1_46' title='bbox 681 1340 816 1407; x_wconf 82' lang='lat' dir='ltr'>virtutis</span> <span class='ocrx_word' id='word_1_47' title='bbox 839 1355 1036 1424; x_wconf 74' lang='lat' dir='ltr'>caperest,</span> <span class='ocrx_word' id='word_1_48' title='bbox 1059 1338 1177 1424; x_wconf 88' lang='lat' dir='ltr'>partim</span> <span class='ocrx_word' id='word_1_49' title='bbox 1200 1356 1267 1405; x_wconf 88' lang='lat' dir='ltr'>non</span> <span class='ocrx_word' id='word_1_50' title='bbox 1291 1351 1360 1404; x_wconf 88' lang='lat' dir='ltr'>est:</span> 
     </span>
     <span class='ocr_line' id='line_1_8' title="bbox 542 1448 1217 1538; baseline -0.007 -16"><span class='ocrx_word' id='word_1_51' title='bbox 542 1452 633 1535; x_wconf 66' lang='lat' dir='ltr'>imon</span> <span class='ocrx_word' id='word_1_52' title='bbox 652 1463 706 1531; x_wconf 75' lang='grc' dir='ltr'>τῆς</span> <span class='ocrx_word' id='word_1_53' title='bbox 722 1458 828 1538; x_wconf 66' lang='grc' dir='ltr'>ἀρετῆς</span> <span class='ocrx_word' id='word_1_54' title='bbox 844 1457 980 1536; x_wconf 56' lang='lat' dir='ltr'>inempti</span> <span class='ocrx_word' id='word_1_55' title='bbox 1000 1454 1106 1523; x_wconf 70' lang='lat' dir='ltr'>tolno</span> <span class='ocrx_word' id='word_1_56' title='bbox 1128 1448 1217 1534; x_wconf 68' lang='lat' dir='ltr'>im.</span> 
     </span>
     <span class='ocr_line' id='line_1_9' title="bbox 546 1560 1288 1631; baseline -0.003 -4"><span class='ocrx_word' id='word_1_57' title='bbox 546 1560 705 1631; x_wconf 76' lang='lat' dir='ltr'>Dt&#39;nrr‘dr&#39;a</span> <span class='ocrx_word' id='word_1_58' title='bbox 724 1566 855 1631; x_wconf 71' lang='lat' dir='ltr'>virtute</span> <span class='ocrx_word' id='word_1_59' title='bbox 876 1574 972 1627; x_wconf 81' lang='lat' dir='ltr'>earet</span> <span class='ocrx_word' id='word_1_60' title='bbox 993 1564 1122 1629; x_wconf 70' lang='lat' dir='ltr'>servire</span> <span class='ocrx_word' id='word_1_61' title='bbox 1142 1571 1288 1625; x_wconf 80' lang='lat' dir='ltr'>coaetus.</span> 
     </span>
    </p>

    <p class='ocr_par' dir='ltr' id='par_1_3' title="bbox 366 1669 1547 3539">
     <span class='ocr_line' id='line_1_10' title="bbox 409 1669 1547 1760; baseline 0 -21"><span class='ocrx_word' id='word_1_62' title='bbox 409 1672 514 1760; x_wconf 90' lang='lat' dir='ltr'>Quod</span> <span class='ocrx_word' id='word_1_63' title='bbox 535 1687 643 1741; x_wconf 85' lang='lat' dir='ltr'>autem</span> <span class='ocrx_word' id='word_1_64' title='bbox 663 1672 699 1741; x_wconf 89' lang='lat' dir='ltr'>in</span> <span class='ocrx_word' id='word_1_65' title='bbox 720 1691 817 1741; x_wconf 81' lang='lat' dir='ltr'>servo</span> <span class='ocrx_word' id='word_1_66' title='bbox 840 1672 926 1740; x_wconf 90' lang='lat' dir='ltr'>idem</span> <span class='ocrx_word' id='word_1_67' title='bbox 949 1671 983 1739; x_wconf 87' lang='lat' dir='ltr'>in</span> <span class='ocrx_word' id='word_1_68' title='bbox 1002 1670 1146 1739; x_wconf 86' lang='lat' dir='ltr'>subditis</span> <span class='ocrx_word' id='word_1_69' title='bbox 1166 1669 1239 1739; x_wconf 87' lang='lat' dir='ltr'>aliis</span> <span class='ocrx_word' id='word_1_70' title='bbox 1269 1669 1423 1753; x_wconf 90' lang='lat' dir='ltr'>obtinet,</span> <span class='ocrx_word' id='word_1_71' title='bbox 1450 1686 1489 1737; x_wconf 91' lang='lat' dir='ltr'>ut</span> <span class='ocrx_word' id='word_1_72' title='bbox 1511 1670 1547 1739; x_wconf 89' lang='lat' dir='ltr'>in</span> 
     </span>
     <span class='ocr_line' id='line_1_11' title="bbox 367 1781 1547 1868; baseline 0.003 -18"><span class='ocrx_word' id='word_1_73' title='bbox 367 1782 450 1852; x_wconf 84' lang='lat' dir='ltr'>lilio.</span> <span class='ocrx_word' id='word_1_74' title='bbox 494 1782 606 1866; x_wconf 88' lang='lat' dir='ltr'>Nam,</span> <span class='ocrx_word' id='word_1_75' title='bbox 640 1798 680 1851; x_wconf 86' lang='lat' dir='ltr'>ut</span> <span class='ocrx_word' id='word_1_76' title='bbox 710 1784 821 1868; x_wconf 83' lang='lat' dir='ltr'>inquit</span> <span class='ocrx_word' id='word_1_77' title='bbox 844 1784 926 1865; x_wconf 91' lang='lat' dir='ltr'>ille,</span> <span class='ocrx_word' id='word_1_78' title='bbox 948 1782 1055 1851; x_wconf 87' lang='lat' dir='ltr'>virtus</span> <span class='ocrx_word' id='word_1_79' title='bbox 1074 1781 1169 1867; x_wconf 90' lang='lat' dir='ltr'>pueri</span> <span class='ocrx_word' id='word_1_80' title='bbox 1189 1788 1240 1853; x_wconf 74' lang='grc' dir='ltr'>οὐκ</span> <span class='ocrx_word' id='word_1_81' title='bbox 1257 1787 1352 1853; x_wconf 64' lang='grc' dir='ltr'><em>αὐτοῦ</em></span> <span class='ocrx_word' id='word_1_82' title='bbox 1370 1786 1439 1867; x_wconf 71' lang='grc' dir='ltr'>πρὸς</span> <span class='ocrx_word' id='word_1_83' title='bbox 1456 1784 1547 1853; x_wconf 61' lang='grc' dir='ltr'><strong><em>αὐτόν</em></strong></span> 
     </span>
     <span class='ocr_line' id='line_1_12' title="bbox 366 1892 1545 1981; baseline -0.005 -18"><span class='ocrx_word' id='word_1_84' title='bbox 366 1899 464 1972; x_wconf 72' lang='grc' dir='ltr'><strong><em>ἐστιν,</em></strong></span> <span class='ocrx_word' id='word_1_85' title='bbox 484 1897 572 1964; x_wconf 65' lang='grc' dir='ltr'>ἁλλὰ</span> <span class='ocrx_word' id='word_1_86' title='bbox 594 1898 662 1978; x_wconf 71' lang='grc' dir='ltr'>πρὸς</span> <span class='ocrx_word' id='word_1_87' title='bbox 683 1899 733 1965; x_wconf 77' lang='lat' dir='ltr'>ria</span> <span class='ocrx_word' id='word_1_88' title='bbox 752 1898 860 1965; x_wconf 76' lang='grc' dir='ltr'><strong><em>τέλειον</em></strong></span> <span class='ocrx_word' id='word_1_89' title='bbox 882 1898 932 1964; x_wconf 76' lang='lat' dir='ltr'>eal</span> <span class='ocrx_word' id='word_1_90' title='bbox 953 1898 1129 1978; x_wconf 73' lang='grc' dir='ltr'>ἡγούμενον,</span> <span class='ocrx_word' id='word_1_91' title='bbox 1153 1912 1218 1957; x_wconf 80' lang='lat' dir='ltr'>non</span> <span class='ocrx_word' id='word_1_92' title='bbox 1239 1895 1343 1981; x_wconf 84' lang='lat' dir='ltr'>ipsius</span> <span class='ocrx_word' id='word_1_93' title='bbox 1360 1892 1407 1959; x_wconf 81' lang='lat' dir='ltr'>ad</span> <span class='ocrx_word' id='word_1_94' title='bbox 1419 1895 1545 1981; x_wconf 83' lang='lat' dir='ltr'>ipsum,</span> 
     </span>
     <span class='ocr_line' id='line_1_13' title="bbox 368 1988 1545 2091; baseline -0.001 -23"><span class='ocrx_word' id='word_1_95' title='bbox 368 2002 426 2069; x_wconf 76' lang='lat' dir='ltr'>sed</span> <span class='ocrx_word' id='word_1_96' title='bbox 443 2001 493 2071; x_wconf 85' lang='lat' dir='ltr'>ad</span> <span class='ocrx_word' id='word_1_97' title='bbox 510 2023 583 2069; x_wconf 77' lang='lat' dir='ltr'>cum</span> <span class='ocrx_word' id='word_1_98' title='bbox 603 2007 663 2089; x_wconf 79' lang='lat' dir='ltr'>qui</span> <span class='ocrx_word' id='word_1_99' title='bbox 682 2017 722 2069; x_wconf 78' lang='lat' dir='ltr'>ur</span> <span class='ocrx_word' id='word_1_100' title='bbox 734 1988 921 2090; x_wconf 65' lang='lat' dir='ltr'>perfectior</span> <span class='ocrx_word' id='word_1_101' title='bbox 935 2004 991 2072; x_wconf 76' lang='lat' dir='ltr'>illc·</span> <span class='ocrx_word' id='word_1_102' title='bbox 1005 2016 1155 2091; x_wconf 79' lang='lat' dir='ltr'>praeest.</span> <span class='ocrx_word' id='word_1_103' title='bbox 1191 2003 1238 2069; x_wconf 88' lang='lat' dir='ltr'>Et</span> <span class='ocrx_word' id='word_1_104' title='bbox 1254 2002 1447 2071; x_wconf 85' lang='lat' dir='ltr'>universalia</span> <span class='ocrx_word' id='word_1_105' title='bbox 1464 2003 1545 2069; x_wconf 89' lang='lat' dir='ltr'>haec</span> 
     </span>
     <span class='ocr_line' id='line_1_14' title="bbox 369 2111 1545 2201; baseline -0.001 -20"><span class='ocrx_word' id='word_1_106' title='bbox 369 2111 555 2181; x_wconf 85' lang='lat' dir='ltr'>differentia</span> <span class='ocrx_word' id='word_1_107' title='bbox 564 2127 615 2181; x_wconf 84' lang='lat' dir='ltr'>est</span> <span class='ocrx_word' id='word_1_108' title='bbox 624 2122 675 2183; x_wconf 73' lang='grc' dir='ltr'>τοῦ</span> <span class='ocrx_word' id='word_1_109' title='bbox 685 2115 1068 2201; x_wconf 66' lang='grc' dir='ltr'>ἄρχσποςκαὶὶρχομένω,</span> <span class='ocrx_word' id='word_1_110' title='bbox 1086 2118 1155 2181; x_wconf 80' lang='lat' dir='ltr'>cius</span> <span class='ocrx_word' id='word_1_111' title='bbox 1173 2118 1335 2181; x_wconf 80' lang='lat' dir='ltr'>nimirum</span> <span class='ocrx_word' id='word_1_112' title='bbox 1346 2114 1545 2201; x_wconf 77' lang='lat' dir='ltr'>quodimpe·</span> 
     </span>
     <span class='ocr_line' id='line_1_15' title="bbox 371 2224 1546 2311; baseline 0.001 -22"><span class='ocrx_word' id='word_1_113' title='bbox 371 2224 781 2311; x_wconf 69' lang='lat' dir='ltr'>racadusquodparer:</span> <span class='ocrx_word' id='word_1_114' title='bbox 804 2224 838 2292; x_wconf 88' lang='lat' dir='ltr'>in</span> <span class='ocrx_word' id='word_1_115' title='bbox 850 2245 919 2309; x_wconf 88' lang='lat' dir='ltr'>quo</span> <span class='ocrx_word' id='word_1_116' title='bbox 930 2225 1045 2293; x_wconf 89' lang='lat' dir='ltr'>ordine</span> <span class='ocrx_word' id='word_1_117' title='bbox 1054 2240 1133 2293; x_wconf 86' lang='lat' dir='ltr'>sunt</span> <span class='ocrx_word' id='word_1_118' title='bbox 1144 2240 1177 2291; x_wconf 93' lang='lat' dir='ltr'>et</span> <span class='ocrx_word' id='word_1_119' title='bbox 1188 2225 1276 2293; x_wconf 85' lang='lat' dir='ltr'>cives</span> <span class='ocrx_word' id='word_1_120' title='bbox 1285 2226 1453 2311; x_wconf 82' lang='lat' dir='ltr'>sigillatim</span> <span class='ocrx_word' id='word_1_121' title='bbox 1464 2244 1546 2293; x_wconf 89' lang='lat' dir='ltr'>con·</span> 
     </span>
     <span class='ocr_line' id='line_1_16' title="bbox 372 2335 1541 2423; baseline -0.002 -19"><span class='ocrx_word' id='word_1_122' title='bbox 372 2335 519 2404; x_wconf 87' lang='lat' dir='ltr'>siderati.</span> <span class='ocrx_word' id='word_1_123' title='bbox 563 2336 651 2403; x_wconf 85' lang='lat' dir='ltr'><strong>Sunt</strong></span> <span class='ocrx_word' id='word_1_124' title='bbox 670 2336 756 2403; x_wconf 88' lang='lat' dir='ltr'>enim</span> <span class='ocrx_word' id='word_1_125' title='bbox 776 2336 863 2405; x_wconf 85' lang='lat' dir='ltr'>servi</span> <span class='ocrx_word' id='word_1_126' title='bbox 891 2340 1025 2423; x_wconf 84' lang='lat' dir='ltr'>legum,</span> <span class='ocrx_word' id='word_1_127' title='bbox 1048 2352 1087 2405; x_wconf 89' lang='lat' dir='ltr'>ut</span> <span class='ocrx_word' id='word_1_128' title='bbox 1108 2338 1196 2423; x_wconf 87' lang='lat' dir='ltr'>apud</span> <span class='ocrx_word' id='word_1_129' title='bbox 1218 2337 1414 2405; x_wconf 84' lang='lat' dir='ltr'>Ciceronem</span> <span class='ocrx_word' id='word_1_130' title='bbox 1438 2342 1446 2375; x_wconf 90' lang='lat'>¹</span> <span class='ocrx_word' id='word_1_131' title='bbox 1471 2352 1541 2419; x_wconf 74' lang='lat' dir='ltr'>est:</span> 
     </span>
     <span class='ocr_line' id='line_1_17' title="bbox 368 2441 1544 2535; baseline 0.002 -22"><span class='ocrx_word' id='word_1_132' title='bbox 368 2441 466 2515; x_wconf 84' lang='lat' dir='ltr'>omne</span> <span class='ocrx_word' id='word_1_133' title='bbox 488 2462 596 2514; x_wconf 87' lang='lat' dir='ltr'>autem</span> <span class='ocrx_word' id='word_1_134' title='bbox 617 2447 709 2530; x_wconf 87' lang='lat' dir='ltr'>quod</span> <span class='ocrx_word' id='word_1_135' title='bbox 730 2447 867 2533; x_wconf 81' lang='lat' dir='ltr'>imperat</span> <span class='ocrx_word' id='word_1_136' title='bbox 886 2463 937 2517; x_wconf 89' lang='lat' dir='ltr'>est</span> <span class='ocrx_word' id='word_1_137' title='bbox 957 2448 987 2515; x_wconf 88' lang='lat' dir='ltr'>ei</span> <span class='ocrx_word' id='word_1_138' title='bbox 1008 2449 1098 2532; x_wconf 91' lang='lat' dir='ltr'>quod</span> <span class='ocrx_word' id='word_1_139' title='bbox 1119 2464 1212 2535; x_wconf 84' lang='lat' dir='ltr'>paret</span> <span class='ocrx_word' id='word_1_140' title='bbox 1230 2470 1328 2517; x_wconf 85' lang='lat' dir='ltr'>causa</span> <span class='ocrx_word' id='word_1_141' title='bbox 1352 2446 1513 2530; x_wconf 83' lang='lat' dir='ltr'>virtutis,</span> <span class='ocrx_word' id='word_1_142' title='bbox 1530 2452 1544 2490; x_wconf 78' lang='lat'><em>²</em></span> 
     </span>
     <span class='ocr_line' id='line_1_18' title="bbox 368 2557 1546 2650; baseline 0.002 -23"><span class='ocrx_word' id='word_1_143' title='bbox 368 2571 409 2627; x_wconf 84' lang='lat' dir='ltr'>ut</span> <span class='ocrx_word' id='word_1_144' title='bbox 428 2558 626 2625; x_wconf 86' lang='lat' dir='ltr'>Aristoteles</span> <span class='ocrx_word' id='word_1_145' title='bbox 644 2557 794 2642; x_wconf 87' lang='lat' dir='ltr'>explicat.</span> <span class='ocrx_word' id='word_1_146' title='bbox 815 2559 898 2648; x_wconf 90' lang='lat' dir='ltr'>Quo</span> <span class='ocrx_word' id='word_1_147' title='bbox 916 2560 1049 2643; x_wconf 80' lang='lat' dir='ltr'>respicit</span> <span class='ocrx_word' id='word_1_148' title='bbox 1071 2558 1209 2627; x_wconf 84' lang='lat' dir='ltr'>Tacitus</span> <span class='ocrx_word' id='word_1_149' title='bbox 1230 2561 1260 2627; x_wconf 83' lang='lat'>⁸:</span> <span class='ocrx_word' id='word_1_150' title='bbox 1280 2562 1438 2650; x_wconf 64' lang='lat' dir='ltr'>Princrpa‘</span> <span class='ocrx_word' id='word_1_151' title='bbox 1457 2581 1546 2629; x_wconf 79' lang='lat' dir='ltr'>sum·</span> 
     </span>
     <span class='ocr_line' id='line_1_19' title="bbox 367 2668 1543 2759; baseline 0.003 -24"><span class='ocrx_word' id='word_1_152' title='bbox 367 2690 455 2736; x_wconf 70' lang='lat' dir='ltr'>mum</span> <span class='ocrx_word' id='word_1_153' title='bbox 479 2688 594 2736; x_wconf 77' lang='lat' dir='ltr'>rerum</span> <span class='ocrx_word' id='word_1_154' title='bbox 604 2668 776 2756; x_wconf 77' lang='lat' dir='ltr'>judicium</span> <span class='ocrx_word' id='word_1_155' title='bbox 798 2670 864 2736; x_wconf 78' lang='lat' dir='ltr'>Do·</span> <span class='ocrx_word' id='word_1_156' title='bbox 886 2668 1075 2754; x_wconf 77' lang='lat' dir='ltr'>dederunt,</span> <span class='ocrx_word' id='word_1_157' title='bbox 1102 2670 1243 2741; x_wconf 73' lang='lat' dir='ltr'>subdiri:</span> <span class='ocrx_word' id='word_1_158' title='bbox 1264 2673 1410 2758; x_wconf 78' lang='lat' dir='ltr'>obsequii</span> <span class='ocrx_word' id='word_1_159' title='bbox 1426 2670 1543 2759; x_wconf 81' lang='lat' dir='ltr'>gloria</span> 
     </span>
     <span class='ocr_line' id='line_1_20' title="bbox 367 2780 1543 2869; baseline 0.003 -23"><span class='ocrx_word' id='word_1_160' title='bbox 367 2780 490 2848; x_wconf 77' lang='lat' dir='ltr'>relicta</span> <span class='ocrx_word' id='word_1_161' title='bbox 510 2794 573 2848; x_wconf 78' lang='lat' dir='ltr'>est.</span> <span class='ocrx_word' id='word_1_162' title='bbox 618 2781 658 2849; x_wconf 86' lang='lat' dir='ltr'>In</span> <span class='ocrx_word' id='word_1_163' title='bbox 680 2781 732 2849; x_wconf 90' lang='lat' dir='ltr'>his</span> <span class='ocrx_word' id='word_1_164' title='bbox 753 2781 856 2869; x_wconf 74' lang='lat' dir='ltr'>igitur</span> <span class='ocrx_word' id='word_1_165' title='bbox 874 2802 989 2850; x_wconf 88' lang='lat' dir='ltr'>verum</span> <span class='ocrx_word' id='word_1_166' title='bbox 1001 2796 1052 2848; x_wconf 88' lang='lat' dir='ltr'>est</span> <span class='ocrx_word' id='word_1_167' title='bbox 1063 2828 1076 2865; x_wconf 88' lang='lat'>,</span> <span class='ocrx_word' id='word_1_168' title='bbox 1089 2782 1180 2866; x_wconf 88' lang='lat' dir='ltr'>quod</span> <span class='ocrx_word' id='word_1_169' title='bbox 1193 2782 1378 2852; x_wconf 84' lang='lat' dir='ltr'>Carneades</span> <span class='ocrx_word' id='word_1_170' title='bbox 1400 2798 1434 2851; x_wconf 93' lang='lat' dir='ltr'>et</span> <span class='ocrx_word' id='word_1_171' title='bbox 1453 2784 1543 2849; x_wconf 87' lang='lat' dir='ltr'>Aca·</span> 
     </span>
     <span class='ocr_line' id='line_1_21' title="bbox 369 2892 1545 2981; baseline -0.002 -20"><span class='ocrx_word' id='word_1_172' title='bbox 369 2892 489 2961; x_wconf 85' lang='lat' dir='ltr'>demici</span> <span class='ocrx_word' id='word_1_173' title='bbox 514 2912 682 2977; x_wconf 86' lang='lat' dir='ltr'>perperam</span> <span class='ocrx_word' id='word_1_174' title='bbox 708 2893 750 2960; x_wconf 93' lang='lat' dir='ltr'>ad</span> <span class='ocrx_word' id='word_1_175' title='bbox 772 2913 886 2961; x_wconf 87' lang='lat' dir='ltr'>omnes</span> <span class='ocrx_word' id='word_1_176' title='bbox 905 2895 1167 2977; x_wconf 80' lang='lat' dir='ltr'>transtulerunt,</span> <span class='ocrx_word' id='word_1_177' title='bbox 1198 2894 1360 2979; x_wconf 84' lang='lat' dir='ltr'>justitiam</span> <span class='ocrx_word' id='word_1_178' title='bbox 1379 2894 1415 2960; x_wconf 89' lang='lat' dir='ltr'>in</span> <span class='ocrx_word' id='word_1_179' title='bbox 1435 2894 1545 2981; x_wconf 88' lang='lat' dir='ltr'>opini-</span> 
     </span>
     <span class='ocr_line' id='line_1_22' title="bbox 367 3004 1544 3095; baseline 0.003 -24"><span class='ocrx_word' id='word_1_180' title='bbox 367 3024 430 3071; x_wconf 86' lang='lat' dir='ltr'>one</span> <span class='ocrx_word' id='word_1_181' title='bbox 448 3004 646 3072; x_wconf 83' lang='lat' dir='ltr'>consistere:</span> <span class='ocrx_word' id='word_1_182' title='bbox 668 3012 699 3075; x_wconf 79' lang='lat' dir='ltr'>od</span> <span class='ocrx_word' id='word_1_183' title='bbox 717 3009 808 3093; x_wconf 74' lang='grc' dir='ltr'><strong><em>φύσει</em></strong></span> <span class='ocrx_word' id='word_1_184' title='bbox 827 3010 915 3076; x_wconf 67' lang='grc' dir='ltr'>ἀλλὰ</span> <span class='ocrx_word' id='word_1_185' title='bbox 932 3008 1030 3093; x_wconf 72' lang='grc' dir='ltr'><em>νόμῳ,</em></span> <span class='ocrx_word' id='word_1_186' title='bbox 1055 3028 1118 3073; x_wconf 79' lang='lat' dir='ltr'>non</span> <span class='ocrx_word' id='word_1_187' title='bbox 1141 3020 1273 3073; x_wconf 82' lang='lat' dir='ltr'>natura</span> <span class='ocrx_word' id='word_1_188' title='bbox 1293 3006 1438 3095; x_wconf 67' lang='lat' dir='ltr'>seringe.</span> <span class='ocrx_word' id='word_1_189' title='bbox 1460 3006 1544 3075; x_wconf 88' lang='lat' dir='ltr'>Esse</span> 
     </span>
     <span class='ocr_line' id='line_1_23' title="bbox 368 3114 1543 3205; baseline 0.002 -22"><span class='ocrx_word' id='word_1_190' title='bbox 368 3114 454 3185; x_wconf 85' lang='lat' dir='ltr'>enim</span> <span class='ocrx_word' id='word_1_191' title='bbox 477 3115 788 3199; x_wconf 80' lang='lat' dir='ltr'>obtemperationem</span> <span class='ocrx_word' id='word_1_192' title='bbox 811 3114 972 3182; x_wconf 88' lang='lat' dir='ltr'>institutis</span> <span class='ocrx_word' id='word_1_193' title='bbox 982 3120 1192 3202; x_wconf 85' lang='lat' dir='ltr'>populorum.</span> <span class='ocrx_word' id='word_1_194' title='bbox 1213 3118 1372 3187; x_wconf 86' lang='lat' dir='ltr'>Eamdem</span> <span class='ocrx_word' id='word_1_195' title='bbox 1379 3117 1543 3205; x_wconf 82' lang='lat' dir='ltr'>justitiam</span> 
     </span>
     <span class='ocr_line' id='line_1_24' title="bbox 367 3224 1544 3315; baseline 0.003 -22"><span class='ocrx_word' id='word_1_196' title='bbox 367 3224 574 3309; x_wconf 86' lang='lat' dir='ltr'>Peripatetici</span> <span class='ocrx_word' id='word_1_197' title='bbox 593 3226 691 3292; x_wconf 91' lang='lat' dir='ltr'>modo</span> <span class='ocrx_word' id='word_1_198' title='bbox 713 3227 849 3312; x_wconf 81' lang='lat' dir='ltr'>legalem</span> <span class='ocrx_word' id='word_1_199' title='bbox 873 3242 1019 3311; x_wconf 85' lang='lat' dir='ltr'>vocant,</span> <span class='ocrx_word' id='word_1_200' title='bbox 1042 3230 1141 3299; x_wconf 87' lang='lat' dir='ltr'>modo</span> <span class='ocrx_word' id='word_1_201' title='bbox 1164 3232 1367 3315; x_wconf 81' lang='lat' dir='ltr'>generalem,</span> <span class='ocrx_word' id='word_1_202' title='bbox 1394 3228 1475 3315; x_wconf 88' lang='lat' dir='ltr'>quia</span> <span class='ocrx_word' id='word_1_203' title='bbox 1491 3250 1544 3297; x_wconf 84' lang='lat' dir='ltr'>ra·</span> 
     </span>
     <span class='ocr_line' id='line_1_25' title="bbox 367 3335 1543 3425; baseline 0.006 -23"><span class='ocrx_word' id='word_1_204' title='bbox 367 3335 459 3403; x_wconf 87' lang='lat' dir='ltr'>tione</span> <span class='ocrx_word' id='word_1_205' title='bbox 491 3335 601 3403; x_wconf 88' lang='lat' dir='ltr'>eadem</span> <span class='ocrx_word' id='word_1_206' title='bbox 633 3356 703 3404; x_wconf 87' lang='lat' dir='ltr'>esse</span> <span class='ocrx_word' id='word_1_207' title='bbox 733 3352 843 3421; x_wconf 87' lang='lat' dir='ltr'>potest</span> <span class='ocrx_word' id='word_1_208' title='bbox 872 3358 948 3406; x_wconf 86' lang='lat' dir='ltr'>cum</span> <span class='ocrx_word' id='word_1_209' title='bbox 974 3339 1130 3407; x_wconf 86' lang='lat' dir='ltr'>omnibus</span> <span class='ocrx_word' id='word_1_210' title='bbox 1152 3342 1356 3423; x_wconf 86' lang='lat' dir='ltr'>virtutibus,</span> <span class='ocrx_word' id='word_1_211' title='bbox 1381 3356 1543 3425; x_wconf 85' lang='lat' dir='ltr'>quatenus</span> 
     </span>
     <span class='ocr_line' id='line_1_26' title="bbox 368 3446 1542 3539; baseline 0.006 -25"><span class='ocrx_word' id='word_1_212' title='bbox 368 3446 403 3514; x_wconf 88' lang='lat' dir='ltr'>in</span> <span class='ocrx_word' id='word_1_213' title='bbox 435 3446 696 3539; x_wconf 75' lang='lat' dir='ltr'>praeceptionem</span> <span class='ocrx_word' id='word_1_214' title='bbox 730 3447 861 3517; x_wconf 87' lang='lat' dir='ltr'>cadunt.</span> <span class='ocrx_word' id='word_1_215' title='bbox 915 3449 1058 3519; x_wconf 87' lang='lat' dir='ltr'>Addunt</span> <span class='ocrx_word' id='word_1_216' title='bbox 1090 3452 1302 3535; x_wconf 83' lang='lat' dir='ltr'>scholastici,</span> <span class='ocrx_word' id='word_1_217' title='bbox 1344 3451 1431 3520; x_wconf 88' lang='lat' dir='ltr'>sicut</span> <span class='ocrx_word' id='word_1_218' title='bbox 1472 3472 1542 3521; x_wconf 87' lang='lat' dir='ltr'>eam</span> 
     </span>
    </p>
   </div>
   <div class='ocr_carea' id='block_1_3' title="bbox 368 3607 567 3625">
    <p class='ocr_par' dir='ltr' id='par_1_4' title="bbox 368 3607 567 3625">
     <span class='ocr_line' id='line_1_27' title="bbox 368 3607 567 3625; baseline 0.005 -4"><span class='ocrx_word' id='word_1_219' title='bbox 368 3607 567 3625; x_wconf 48' lang='lat' dir='ltr'>m</span> 
     </span>
    </p>
   </div>
   <div class='ocr_carea' id='block_1_4' title="bbox 366 3704 1544 4589">
    <p class='ocr_par' dir='ltr' id='par_1_5' title="bbox 366 3704 1544 4589">
     <span class='ocr_line' id='line_1_28' title="bbox 402 3704 1544 3772; baseline 0.006 -18"><span class='ocrx_word' id='word_1_220' title='bbox 402 3704 411 3737; x_wconf 89' lang='lat'>¹</span> <span class='ocrx_word' id='word_1_221' title='bbox 430 3718 479 3767; x_wconf 80' lang='lat' dir='ltr'>pre</span> <span class='ocrx_word' id='word_1_222' title='bbox 497 3706 598 3755; x_wconf 69' lang='lat' dir='ltr'>Queat.</span> <span class='ocrx_word' id='word_1_223' title='bbox 614 3704 650 3771; x_wconf 85' lang='lat' dir='ltr'>[c.</span> <span class='ocrx_word' id='word_1_224' title='bbox 666 3716 708 3764; x_wconf 70' lang='lat' dir='ltr'>ss.</span> <span class='ocrx_word' id='word_1_225' title='bbox 723 3708 746 3765; x_wconf 63' lang='grc' dir='ltr'>ς.</span> <span class='ocrx_word' id='word_1_226' title='bbox 763 3706 834 3769; x_wconf 66' lang='lat' dir='ltr'>um]</span> <span class='ocrx_word' id='word_1_227' title='bbox 869 3704 1007 3758; x_wconf 79' lang='lat' dir='ltr'>²v.l²aut.</span> <span class='ocrx_word' id='word_1_228' title='bbox 1025 3708 1082 3757; x_wconf 81' lang='lat' dir='ltr'>Col.</span> <span class='ocrx_word' id='word_1_229' title='bbox 1098 3720 1123 3766; x_wconf 70' lang='lat' dir='ltr'>a.</span> <span class='ocrx_word' id='word_1_230' title='bbox 1142 3722 1183 3757; x_wconf 84' lang='lat'>20.</span> <span class='ocrx_word' id='word_1_231' title='bbox 1196 3720 1223 3757; x_wconf 83' lang='lat' dir='ltr'>er</span> <span class='ocrx_word' id='word_1_232' title='bbox 1240 3722 1283 3759; x_wconf 79' lang='lat' dir='ltr'>aa.</span> <span class='ocrx_word' id='word_1_233' title='bbox 1299 3712 1332 3761; x_wconf 80' lang='lat' dir='ltr'>od</span> <span class='ocrx_word' id='word_1_234' title='bbox 1345 3708 1396 3759; x_wconf 82' lang='lat' dir='ltr'>Tlt.</span> <span class='ocrx_word' id='word_1_235' title='bbox 1412 3723 1436 3769; x_wconf 69' lang='lat' dir='ltr'>a.</span> <span class='ocrx_word' id='word_1_236' title='bbox 1447 3712 1544 3772; x_wconf 71' lang='lat' dir='ltr'>1.th</span> 
     </span>
     <span class='ocr_line' id='line_1_29' title="bbox 369 3794 854 3859; baseline 0.002 -14"><span class='ocrx_word' id='word_1_237' title='bbox 369 3807 393 3853; x_wconf 68' lang='lat' dir='ltr'>e.</span> <span class='ocrx_word' id='word_1_238' title='bbox 408 3808 434 3845; x_wconf 84' lang='lat' dir='ltr'>r.</span> <span class='ocrx_word' id='word_1_239' title='bbox 450 3797 528 3845; x_wconf 81' lang='lat' dir='ltr'>Rom.</span> <span class='ocrx_word' id='word_1_240' title='bbox 545 3810 584 3855; x_wconf 68' lang='lat' dir='ltr'>rs.</span> <span class='ocrx_word' id='word_1_241' title='bbox 604 3810 626 3846; x_wconf 89' lang='lat' dir='ltr'>r.</span> <span class='ocrx_word' id='word_1_242' title='bbox 658 3794 671 3829; x_wconf 86' lang='lat'>⁸</span> <span class='ocrx_word' id='word_1_243' title='bbox 688 3799 779 3845; x_wconf 77' lang='lat' dir='ltr'>Aenal.</span> <span class='ocrx_word' id='word_1_244' title='bbox 796 3800 814 3846; x_wconf 89' lang='lat'>1.</span> <span class='ocrx_word' id='word_1_245' title='bbox 828 3811 854 3859; x_wconf 81' lang='grc'>4.</span> 
     </span>
     <span class='ocr_line' id='line_1_30' title="bbox 401 3886 1543 3955; baseline 0.004 -20"><span class='ocrx_word' id='word_1_246' title='bbox 401 3886 529 3949; x_wconf 79' lang='lat' dir='ltr'>†[Locut</span> <span class='ocrx_word' id='word_1_247' title='bbox 547 3888 652 3936; x_wconf 87' lang='lat' dir='ltr'>Homeri</span> <span class='ocrx_word' id='word_1_248' title='bbox 670 3899 708 3936; x_wconf 82' lang='lat' dir='ltr'>cst</span> <span class='ocrx_word' id='word_1_249' title='bbox 726 3887 752 3936; x_wconf 87' lang='lat' dir='ltr'>in</span> <span class='ocrx_word' id='word_1_250' title='bbox 773 3890 821 3937; x_wconf 89' lang='lat' dir='ltr'>Od.</span> <span class='ocrx_word' id='word_1_251' title='bbox 839 3891 856 3937; x_wconf 92' lang='lat'>1.</span> <span class='ocrx_word' id='word_1_252' title='bbox 881 3900 921 3955; x_wconf 78' lang='lat'>¹⁷:</span> <span class='ocrx_word' id='word_1_253' title='bbox 942 3902 980 3937; x_wconf 87' lang='lat' dir='ltr'>vs.</span> <span class='ocrx_word' id='word_1_254' title='bbox 1002 3902 1059 3948; x_wconf 78' lang='lat'>322.</span> <span class='ocrx_word' id='word_1_255' title='bbox 1080 3904 1117 3951; x_wconf 86' lang='lat' dir='ltr'>sq.</span> <span class='ocrx_word' id='word_1_256' title='bbox 1145 3892 1190 3940; x_wconf 85' lang='lat' dir='ltr'>sed</span> <span class='ocrx_word' id='word_1_257' title='bbox 1212 3892 1291 3941; x_wconf 87' lang='lat' dir='ltr'>verba</span> <span class='ocrx_word' id='word_1_258' title='bbox 1310 3891 1469 3955; x_wconf 72' lang='lat' dir='ltr'>discrepant:</span> <span class='ocrx_word' id='word_1_259' title='bbox 1485 3904 1543 3939; x_wconf 79' lang='lat' dir='ltr'>nam</span> 
     </span>
     <span class='ocr_line' id='line_1_31' title="bbox 368 3976 566 4028; baseline 0 -1"><span class='ocrx_word' id='word_1_260' title='bbox 368 3976 446 4027; x_wconf 85' lang='lat' dir='ltr'>hodie</span> <span class='ocrx_word' id='word_1_261' title='bbox 467 3976 566 4028; x_wconf 85' lang='lat' dir='ltr'>editur:</span> 
     </span>
     <span class='ocr_line' id='line_1_32' title="bbox 642 4064 1253 4138; baseline 0.007 -24"><span class='ocrx_word' id='word_1_262' title='bbox 642 4069 712 4130; x_wconf 68' lang='grc' dir='ltr'><strong><em>ἥμισυ</em></strong></span> <span class='ocrx_word' id='word_1_263' title='bbox 727 4064 776 4134; x_wconf 69' lang='grc' dir='ltr'>γάρ</span> <span class='ocrx_word' id='word_1_264' title='bbox 800 4067 907 4135; x_wconf 71' lang='grc' dir='ltr'>τ’ἂρηῆς</span> <span class='ocrx_word' id='word_1_265' title='bbox 924 4066 1066 4121; x_wconf 57' lang='lat' dir='ltr'>moveat</span> <span class='ocrx_word' id='word_1_266' title='bbox 1082 4066 1182 4138; x_wconf 57' lang='lat' dir='ltr'>&amp;pierre</span> <span class='ocrx_word' id='word_1_267' title='bbox 1198 4068 1253 4127; x_wconf 64' lang='lat' dir='ltr'>isle</span> 
     </span>
     <span class='ocr_line' id='line_1_33' title="bbox 643 4155 1264 4229; baseline 0.011 -25"><span class='ocrx_word' id='word_1_268' title='bbox 643 4155 739 4224; x_wconf 65' lang='lat' dir='ltr'>civim,</span> <span class='ocrx_word' id='word_1_269' title='bbox 757 4155 841 4208; x_wconf 63' lang='lat' dir='ltr'>alem</span> <span class='ocrx_word' id='word_1_270' title='bbox 857 4178 898 4221; x_wconf 78' lang='grc' dir='ltr'>μιν</span> <span class='ocrx_word' id='word_1_271' title='bbox 915 4161 979 4209; x_wconf 74' lang='grc' dir='ltr'>κατὰ</span> <span class='ocrx_word' id='word_1_272' title='bbox 994 4158 1082 4209; x_wconf 75' lang='lat' dir='ltr'>todlm</span> <span class='ocrx_word' id='word_1_273' title='bbox 1098 4158 1165 4228; x_wconf 68' lang='grc' dir='ltr'>ἦμαρ</span> <span class='ocrx_word' id='word_1_274' title='bbox 1182 4160 1264 4229; x_wconf 62' lang='grc' dir='ltr'>ἕλῃσιν.</span> 
     </span>
     <span class='ocr_line' id='line_1_34' title="bbox 369 4248 1543 4317; baseline 0.004 -19"><span class='ocrx_word' id='word_1_275' title='bbox 369 4252 404 4298; x_wconf 79' lang='lat' dir='ltr'>At</span> <span class='ocrx_word' id='word_1_276' title='bbox 415 4249 534 4311; x_wconf 71' lang='lat' dir='ltr'>Grotius,</span> <span class='ocrx_word' id='word_1_277' title='bbox 551 4248 597 4309; x_wconf 84' lang='lat' dir='ltr'>qui</span> <span class='ocrx_word' id='word_1_278' title='bbox 608 4248 719 4299; x_wconf 87' lang='lat' dir='ltr'>hicnon</span> <span class='ocrx_word' id='word_1_279' title='bbox 736 4252 768 4300; x_wconf 91' lang='lat' dir='ltr'>de</span> <span class='ocrx_word' id='word_1_280' title='bbox 786 4251 899 4312; x_wconf 80' lang='lat' dir='ltr'>virtute,</span> <span class='ocrx_word' id='word_1_281' title='bbox 916 4254 961 4301; x_wconf 84' lang='lat' dir='ltr'>red</span> <span class='ocrx_word' id='word_1_282' title='bbox 979 4254 1011 4302; x_wconf 91' lang='lat' dir='ltr'>de</span> <span class='ocrx_word' id='word_1_283' title='bbox 1028 4252 1127 4302; x_wconf 87' lang='lat' dir='ltr'>ratione</span> <span class='ocrx_word' id='word_1_284' title='bbox 1140 4254 1300 4317; x_wconf 85' lang='lat' dir='ltr'>loqueretur,</span> <span class='ocrx_word' id='word_1_285' title='bbox 1317 4253 1428 4303; x_wconf 77' lang='lat' dir='ltr'>Platoni:</span> <span class='ocrx_word' id='word_1_286' title='bbox 1439 4252 1543 4316; x_wconf 61' lang='lat' dir='ltr'>[deles.</span> 
     </span>
     <span class='ocr_line' id='line_1_35' title="bbox 366 4338 1542 4405; baseline 0.004 -17"><span class='ocrx_word' id='word_1_287' title='bbox 366 4354 394 4401; x_wconf 82' lang='lat' dir='ltr'>p.</span> <span class='ocrx_word' id='word_1_288' title='bbox 417 4352 475 4399; x_wconf 76' lang='lat'><strong><em>777.</em></strong></span> <span class='ocrx_word' id='word_1_289' title='bbox 495 4340 530 4403; x_wconf 77' lang='grc' dir='ltr'>ι]</span> <span class='ocrx_word' id='word_1_290' title='bbox 551 4352 576 4389; x_wconf 85' lang='lat' dir='ltr'>et</span> <span class='ocrx_word' id='word_1_291' title='bbox 593 4340 719 4389; x_wconf 80' lang='lat' dir='ltr'>Athenaei</span> <span class='ocrx_word' id='word_1_292' title='bbox 735 4338 766 4405; x_wconf 90' lang='lat' dir='ltr'>[l.</span> <span class='ocrx_word' id='word_1_293' title='bbox 781 4342 806 4391; x_wconf 82' lang='lat' dir='ltr'>d.</span> <span class='ocrx_word' id='word_1_294' title='bbox 820 4355 844 4391; x_wconf 84' lang='lat' dir='ltr'>c.</span> <span class='ocrx_word' id='word_1_295' title='bbox 863 4341 915 4405; x_wconf 66' lang='lat' dir='ltr'>re]</span> <span class='ocrx_word' id='word_1_296' title='bbox 930 4343 1068 4391; x_wconf 84' lang='lat' dir='ltr'>tectionem</span> <span class='ocrx_word' id='word_1_297' title='bbox 1081 4342 1210 4404; x_wconf 84' lang='lat' dir='ltr'>praetulit.</span> <span class='ocrx_word' id='word_1_298' title='bbox 1243 4344 1324 4405; x_wconf 85' lang='lat' dir='ltr'>Mox,</span> <span class='ocrx_word' id='word_1_299' title='bbox 1340 4343 1385 4393; x_wconf 88' lang='lat' dir='ltr'>ubi</span> <span class='ocrx_word' id='word_1_300' title='bbox 1401 4346 1432 4394; x_wconf 89' lang='lat' dir='ltr'>de</span> <span class='ocrx_word' id='word_1_301' title='bbox 1447 4344 1542 4394; x_wconf 85' lang='lat' dir='ltr'>virtute</span> 
     </span>
     <span class='ocr_line' id='line_1_36' title="bbox 368 4430 1542 4499; baseline 0.004 -19"><span class='ocrx_word' id='word_1_302' title='bbox 368 4444 452 4480; x_wconf 85' lang='lat' dir='ltr'>sermo</span> <span class='ocrx_word' id='word_1_303' title='bbox 476 4443 528 4493; x_wconf 80' lang='lat' dir='ltr'>est,</span> <span class='ocrx_word' id='word_1_304' title='bbox 546 4430 602 4493; x_wconf 81' lang='lat' dir='ltr'>ipae</span> <span class='ocrx_word' id='word_1_305' title='bbox 619 4443 723 4494; x_wconf 86' lang='lat' dir='ltr'>qnoque</span> <span class='ocrx_word' id='word_1_306' title='bbox 745 4434 849 4482; x_wconf 85' lang='lat' dir='ltr'>alteram</span> <span class='ocrx_word' id='word_1_307' title='bbox 866 4433 1016 4495; x_wconf 83' lang='lat' dir='ltr'>scripturam</span> <span class='ocrx_word' id='word_1_308' title='bbox 1036 4433 1154 4499; x_wconf 81' lang='lat' dir='ltr'>adhibet,</span> <span class='ocrx_word' id='word_1_309' title='bbox 1170 4435 1215 4485; x_wconf 84' lang='lat' dir='ltr'>sed</span> <span class='ocrx_word' id='word_1_310' title='bbox 1237 4434 1385 4483; x_wconf 86' lang='lat' dir='ltr'>memoriter</span> <span class='ocrx_word' id='word_1_311' title='bbox 1408 4446 1433 4484; x_wconf 91' lang='lat' dir='ltr'>et</span> <span class='ocrx_word' id='word_1_312' title='bbox 1458 4434 1494 4484; x_wconf 87' lang='lat' dir='ltr'>ita</span> <span class='ocrx_word' id='word_1_313' title='bbox 1515 4447 1542 4485; x_wconf 86' lang='lat' dir='ltr'>ut</span> 
     </span>
     <span class='ocr_line' id='line_1_37' title="bbox 366 4520 1423 4589; baseline -0.001 -15"><span class='ocrx_word' id='word_1_314' title='bbox 366 4524 418 4574; x_wconf 89' lang='lat' dir='ltr'>duo</span> <span class='ocrx_word' id='word_1_315' title='bbox 439 4520 544 4571; x_wconf 84' lang='lat' dir='ltr'>Homeri</span> <span class='ocrx_word' id='word_1_316' title='bbox 562 4534 649 4573; x_wconf 80' lang='lat' dir='ltr'>vertor</span> <span class='ocrx_word' id='word_1_317' title='bbox 668 4526 799 4574; x_wconf 79' lang='lat' dir='ltr'>contrahat</span> <span class='ocrx_word' id='word_1_318' title='bbox 814 4523 840 4573; x_wconf 88' lang='lat' dir='ltr'>ln</span> <span class='ocrx_word' id='word_1_319' title='bbox 855 4536 947 4585; x_wconf 84' lang='lat' dir='ltr'>unum,</span> <span class='ocrx_word' id='word_1_320' title='bbox 966 4523 1009 4585; x_wconf 86' lang='lat' dir='ltr'>qui</span> <span class='ocrx_word' id='word_1_321' title='bbox 1025 4527 1072 4575; x_wconf 87' lang='lat' dir='ltr'>hac</span> <span class='ocrx_word' id='word_1_322' title='bbox 1087 4524 1169 4575; x_wconf 77' lang='lat' dir='ltr'>sonna</span> <span class='ocrx_word' id='word_1_323' title='bbox 1184 4536 1305 4587; x_wconf 75' lang='lat' dir='ltr'>rutsqtttm</span> <span class='ocrx_word' id='word_1_324' title='bbox 1320 4525 1423 4589; x_wconf 66' lang='lat' dir='ltr'>aaran]</span> 
     </span>
    </p>
   </div>
   <div class='ocr_carea' id='block_1_5' title="bbox 0 0 1730 5428">
    <p class='ocr_par' dir='ltr' id='par_1_6' title="bbox 0 0 1730 5428">
     <span class='ocr_line' id='line_1_38' title="bbox 0 0 1730 5428; baseline 0 0"><span class='ocrx_word' id='word_1_325' title='bbox 0 0 1730 5428; x_wconf 95' lang='lat' dir='ltr'> </span> 
     </span>
    </p>
   </div>
  </div>
 </body>
</html>
