3450 5434
197 1639 238 1686 Vl.

335 618 396 696 328
632 635 679 681 nn
702 635 797 701 June
821 634 1005 682 annonas.
1031 635 1111 683 cnr.
1136 635 1194 682 xv.

334 776 513 870 plurimum
549 788 699 871 Hispano
737 789 862 874 negotii
894 811 952 873 per
979 789 1104 857 indiam
1134 791 1303 873 exhiberi,
1346 806 1383 856 ut
1410 789 1506 855 novis

334 900 474 965 subinde
494 900 642 966 cladibus
662 914 694 966 ct
712 892 837 966 damnis
858 903 1031 984 turbetur,
1055 903 1245 986 praesertim
1266 923 1341 968 curn
1361 922 1446 983 quae
1465 921 1507 966 ex

336 1011 497 1077 contraria
515 1026 604 1094 parte
620 1011 825 1078 sustinentur
843 1013 1008 1096 impensae
1027 1015 1262 1097 rempublicam
1274 1032 1341 1079 non
1351 1027 1508 1090 onerent,

334 1123 392 1188 sed
408 1142 427 1187 a
444 1123 582 1205 privatis
599 1122 862 1205 proficiscantur.
909 1126 955 1190 Et
973 1125 1049 1206 quis
1068 1126 1131 1192 scit
1149 1145 1190 1191 an
1210 1124 1290 1191 felix
1308 1145 1365 1208 per
1384 1125 1507 1190 Indiam

334 1252 506 1301 successus
533 1253 611 1299 mox
640 1234 674 1300 in
693 1235 878 1300 Americam
897 1236 1022 1319 aliquid
1041 1237 1183 1303 auden'di
1204 1237 1341 1303 daturus
1361 1235 1405 1302 sit
1424 1234 1508 1301 fidu-

333 1346 443 1411 ciam?
489 1345 591 1433 Quod
617 1347 646 1412 si
674 1346 823 1428 eveniat,
856 1346 941 1429 quid
967 1346 1056 1413 aliud
1087 1367 1184 1430 quam
1215 1347 1334 1430 praeda
1361 1347 1507 1412 omnium

334 1457 479 1541 gentium
503 1456 565 1523 erit
582 1457 637 1523 illa
649 1477 688 1522 ex
701 1457 846 1524 omnium
860 1458 1008 1543 gentium
1022 1459 1136 1540 spoliis
1148 1461 1289 1526 collecta
1300 1457 1504 1524 dominatio?

201 1569 401 1653 anaamaJam
423 1589 503 1636 vero
525 1568 555 1634 si
576 1589 692 1634 verum
715 1584 787 1652 est,
819 1584 857 1635 ut
885 1569 1030 1654 magistri
1053 1571 1153 1655 hujus
1177 1569 1223 1635 rei
1245 1570 1453 1654 praecipiunt
1472 1569 1505 1650 ¹,

332 1680 366 1745 in
389 1681 482 1746 utilis
505 1680 765 1747 consideratione
783 1680 880 1746 etiam
891 1681 937 1746 rei
949 1681 1136 1764 propositae
1148 1680 1337 1746 facilitatem
1351 1679 1506 1764 spectari,

331 1806 461 1859 struant
483 1792 532 1858 illi
555 1792 706 1875 quamvis
737 1790 992 1875 pretiosissimas
1016 1794 1156 1872 classes,
1189 1807 1227 1857 ut
1249 1791 1359 1858 omnia
1381 1792 1506 1876 ingenti

332 1918 488 1986 apparatu
510 1918 678 1986 strepant,
695 1903 723 1969 si
748 1902 831 1986 quid
853 1904 951 1985 illos,
975 1904 1003 1970 si
1026 1903 1108 1986 quid
1130 1923 1165 1968 se
1185 1903 1299 1970 Batavi
1317 1917 1505 1984 noverunt,

330 2015 414 2081 nihil
445 2014 585 2098 periculi
616 2030 675 2080 est.
720 2015 801 2081 Non
832 2014 936 2099 magis
967 2014 1118 2098 profecto
1150 2033 1247 2096 quam
1281 2013 1440 2080 Romanis
1463 2015 1504 2079 ab

331 2125 476 2192 exercitu
511 2126 672 2192 Antiochi
718 2125 810 2208 fuit,
845 2124 880 2191 in
915 2144 982 2208 quo
1016 2125 1120 2192 facete
1153 2125 1271 2192 lusisse
1306 2126 1502 2191 Annibalem

331 2237 462 2302 scimus.
487 2236 572 2302 Nam
595 2256 669 2302 cum
693 2257 751 2303 rex
774 2237 822 2303 illi
834 2237 944 2321 copias
957 2257 1145 2304 numerosas
1157 2237 1264 2302 aureis
1274 2236 1503 2322 argenteisque

330 2348 473 2415 nitentes
485 2348 690 2434 insignibus,
714 2347 850 2415 falcatos
861 2369 999 2432 currus,
1022 2349 1160 2416 turritos
1171 2349 1386 2432 elephantos,
1410 2347 1504 2430 equi·

331 2474 433 2526 tatum
465 2459 611 2540 fraenis,
644 2459 832 2543 ephippiis,
854 2459 1059 2541 monilibus,
1082 2459 1224 2544 phaleris
1247 2457 1502 2546 praefulgentem

330 2571 566 2657 gloriabundus
578 2570 766 2637 ostenderet
784 2585 817 2636 et
836 2586 1024 2653 quaereret,
1036 2592 1113 2637 num
1133 2571 1213 2638 satis
1231 2589 1301 2637 esse
1321 2571 1376 2638 illa
1396 2570 1503 2636 omnia

331 2683 490 2750 Romanis
519 2682 704 2767 judicaret,
728 2680 785 2748 ille
807 2681 865 2764 qui
889 2682 972 2748 nihil
995 2681 1097 2768 magis
1121 2701 1217 2764 quarn
1242 2682 1423 2749 imbellium
1443 2684 1503 2748 ho·

329 2795 453 2861 minum
478 2794 640 2880 ignaviam
664 2807 848 2876 spectaret,
872 2793 951 2859 satis
975 2813 1044 2859 esse
1068 2793 1151 2860 dixit
1174 2793 1353 2872 Romanis,
1377 2792 1502 2859 etiamsi

328 2904 509 2973 avarissimi
520 2920 652 2986 essent,
672 2904 958 2989 interrogatusque
970 2905 1010 2970 de
1022 2903 1233 2972 contentione
1245 2905 1384 2984 virium,
1408 2905 1503 2988 quasi

329 3016 370 3082 de
392 3014 554 3097 praesenti
577 3013 694 3096 praeda
720 3013 905 3096 respondit.
953 3014 1095 3082 Mutatis
1118 3016 1257 3083 vocibus
1280 3015 1405 3084 dictum
1429 3015 1503 3084 imi-

328 3127 490 3192 tabimur:
525 3123 691 3207 quidquid
714 3123 868 3190 Lusitani
890 3143 948 3208 per
970 3125 1094 3192 Indiam
1119 3143 1253 3212 parant,
1280 3127 1391 3212 specie
1414 3147 1503 3211 tnag-

329 3237 488 3319 nificum,
520 3234 627 3320 pretio
660 3237 876 3318 opulentum,
910 3234 944 3300 id
975 3237 1055 3303 satis
1086 3257 1156 3303 esse
1187 3239 1342 3319 Batavis,
1375 3237 1503 3304 etiamsi

329 3349 479 3434 plurimis
511 3347 621 3413 affecti
653 3347 779 3413 damnis
811 3366 878 3413 non
906 3347 1067 3414 immerito
1091 3347 1236 3415 vicissim
1260 3350 1400 3434 plutima
1422 3371 1501 3416 con·

329 3460 512 3543 cupiscent.
558 3457 774 3524 Antisthenes
793 3457 806 3494 ²
824 3458 902 3524 olim
937 3461 1100 3544 eleganter
1128 3461 1172 3529 ἔτι
1202 3465 1250 3530 δεῖ
1270 3473 1331 3538 τοῖς
1353 3465 1501 3545 πολεμίοις

327 3576 464 3656 εὔχεσθαι
485 3573 617 3650 r'aiyadda
638 3581 770 3653 anseisus
789 3575 877 3656 χωρὶς
897 3575 1038 3654 ἀνδρείας.
1067 3577 1181 3652 γίνεται
1199 3577 1259 3656 γὰρ
1278 3573 1366 3649 οὕτως
1391 3577 1423 3642 ati
1445 3582 1501 3641 τῶν

328 3685 452 3768 ἐχόντων
473 3686 560 3750 ἀλλὰ
577 3689 634 3749 τῶν
654 3683 839 3764 κρατούντων.
866 3679 1024 3746 Hostibus
1036 3681 1120 3746 bona
1133 3695 1171 3746 ut
1183 3681 1298 3747 adsint
1319 3681 1499 3769 optandum

328 3796 609 3860 estsineairtutt.
631 3791 688 3856 Sic
710 3793 795 3855 anim
813 3787 905 3872 fiunt
928 3813 992 3856 non
1014 3793 1206 3858 habentium
1218 3793 1277 3859 sed
1285 3796 1500 3860 uincentium.

328 3905 375 3974 Et
401 3924 478 3972 sane
501 3903 560 3986 qui
578 3901 707 3988 judicio
729 3902 948 3985 comparabit,
973 3923 1069 3969 nerno
1093 3904 1185 3970 aliter
1208 3905 1339 3971 sentiet.
1387 3905 1500 3971 Naves

328 4018 467 4084 Batavae
498 4029 624 4099 quanto
657 4013 799 4080 minores
827 4028 919 4080 tanto
943 4015 1096 4101 agiliores
1118 4031 1217 4097 sunt,
1240 4015 1352 4082 faciles
1374 4016 1500 4082 moveri

229 4113 233 4120 ¹
326 4129 368 4196 ad
398 4147 512 4195 omnes
543 4126 622 4192 belli
654 4139 711 4191 aut
741 4124 839 4192 maris
870 4145 964 4193 casus
988 4142 1020 4194 et
1042 4147 1125 4210 quas
1154 4127 1271 4194 emissa
1298 4148 1339 4194 ex
1360 4129 1499 4195 adverso

326 4244 389 4308 tela
420 4240 554 4325 impune
587 4240 812 4321 supervolent.
857 4239 993 4305 Illorum
1016 4259 1150 4326 magnae
1173 4239 1348 4322 tardaeque
1371 4243 1498 4322 moles,

355 4475 366 4535 7¹
386 4476 464 4524 Arist.
483 4477 558 4524 Rhet.
578 4477 602 4522 d.
622 4477 690 4524 loco.
710 4475 748 4538 [p.
770 4476 840 4534 1363.
860 4489 882 4522 a.
901 4489 938 4526 vs.
959 4475 1011 4540 an]
1049 4475 1146 4525 2stob.
1165 4479 1241 4525 serm.
1264 4475 1390 4539 [sa-41]
