3450 5434
334 611 396 673 320
647 612 691 657 DE
715 613 808 677 JURE
836 611 1019 657 PRAEDAE.
1047 608 1125 654 CAP.
1152 609 1212 653 XV.

334 766 505 830 damnosas
537 763 677 830 invicem
712 780 745 831 et
776 766 959 831 exitiabiles
993 763 1172 845 videbant,
1206 764 1364 828 inunum
1391 783 1510 846 corpus

332 892 502 959 certasque
525 878 614 960 leges
634 877 788 960 juberent
811 881 1017 957 coalescere,
1042 875 1155 942 multis
1178 876 1312 960 insuper
1335 875 1505 942 beneficiis

335 990 464 1055 abunde
486 988 617 1070 testati,
643 1009 739 1070 quarn
766 991 829 1056 hoc
852 1009 922 1054 esse
946 1009 963 1053 e
987 988 1155 1072 republica
1175 987 1371 1072 iudicarent.
1412 987 1513 1074 Quod

336 1122 410 1167 cum
444 1101 625 1184 perfectum
661 1116 711 1166 est
743 1101 880 1185 (habuit
904 1100 989 1166 enim
1012 1101 1106 1166 labor
1128 1101 1190 1165 iste
1212 1118 1279 1165 non
1303 1121 1416 1182 parum
1441 1119 1512 1165 mo-

337 1213 523 1299 lestiarum)
553 1234 649 1279 nemo
678 1211 766 1296 fuit,
792 1213 849 1295 qui
874 1233 939 1278 non
960 1213 1044 1298 iacta
1071 1233 1139 1278 esse
1162 1211 1341 1277 certissima
1364 1209 1513 1276 fortunae

336 1327 489 1408 publicae
521 1325 732 1390 fundamenta
765 1325 977 1392 existimaret.
1026 1325 1077 1390 Ex
1111 1345 1149 1390 eo
1184 1323 1257 1390 Indi
1292 1341 1344 1389 res
1379 1323 1514 1388 Batavus

338 1439 513 1503 concordia
527 1437 680 1505 firmatas
704 1437 894 1522 suspicere,
919 1438 1080 1521 trepidare
1105 1435 1281 1516 Lusitani,
1305 1434 1385 1500 aliae
1405 1449 1512 1500 autem

339 1550 492 1633 Europae
525 1565 640 1634 gentes
670 1551 866 1616 Batavorum
900 1565 932 1614 et
966 1549 1040 1614 fidei
1074 1563 1106 1613 et
1137 1549 1363 1632 providentiae
1387 1563 1511 1613 tantum

338 1663 506 1742 tribuere,
530 1676 568 1728 ut
592 1662 791 1729 constitutae
813 1663 879 1745 jam
904 1674 1003 1742 atque
1017 1660 1183 1726 ordinatae
1196 1660 1344 1726 societati
1360 1660 1514 1743 pecunias

339 1775 471 1840 credere
506 1776 663 1854 mallent,
698 1793 795 1854 quam
829 1792 886 1854 per
921 1792 954 1837 se
990 1772 1087 1839 maris
1120 1771 1287 1838 fortunam
1323 1771 1512 1856 periclitari.

341 1887 430 1970 Ergo
455 1907 540 1967 quae
564 1884 647 1951 intra
670 1884 863 1949 decennium
890 1883 1088 1948 florenorum
1113 1883 1260 1950 millibus
1284 1885 1392 1950 minus
1417 1906 1513 1967 quam

339 1999 494 2064 trecentis
518 1997 669 2062 inchoata
694 1995 800 2062 fuerat
821 1995 1028 2080 negotiatio,
1054 1996 1123 2080 ejus
1146 2011 1215 2062 tum
1238 2015 1308 2062 sors
1330 1998 1371 2062 ad
1390 2013 1512 2079 septem

342 2108 444 2173 millia
467 2107 586 2173 millies
609 2107 790 2172 adscendit.
837 2108 982 2173 Tantum
1004 2128 1084 2173 vero
1105 2108 1282 2192 gaudium,
1307 2124 1417 2174 tantus
1437 2129 1515 2174 con-

340 2239 460 2286 sensus
494 2217 636 2283 laetitiae
671 2216 757 2299 fuit,
793 2234 831 2283 ut
864 2236 1033 2303 appareret
1068 2235 1154 2285 certa
1187 2239 1244 2304 spe
1277 2235 1376 2303 atque
1407 2221 1514 2286 omine

339 2347 507 2414 praecepta
531 2330 817 2410 essecommoda,
842 2353 927 2413 quae
952 2333 984 2396 in
1009 2332 1201 2398 immensum
1223 2333 1399 2415 quotannis
1419 2353 1515 2417 auge-

339 2458 463 2510 rentur.
511 2443 556 2508 Et
588 2457 748 2524 quantum
782 2442 991 2510 etiamnunc
1017 2443 1247 2526 experimentis
1271 2445 1403 2528 patuit,
1428 2445 1516 2510 haud

340 2575 422 2622 vana
461 2554 526 2620 fuit
563 2555 624 2621 ista
663 2554 796 2620 fiducia.
846 2555 1055 2643 Quamquam
1090 2571 1212 2622 restant
1244 2558 1363 2641 majora
1396 2559 1514 2622 mult0.¹

340 2668 439 2733 Pauci
464 2683 544 2734 sunt
564 2666 669 2733 Indici
693 2680 832 2750 portus,
857 2667 917 2748 qui
938 2668 1096 2733 hactenus
1117 2668 1315 2735 invisuntur.
1364 2669 1515 2735 Circum-

340 2780 402 2844 sita
434 2780 581 2861 undique
612 2779 724 2844 littora
756 2776 916 2844 invitant:
951 2774 1116 2846 Arabicus
1148 2781 1225 2846 hinc
1254 2797 1286 2845 et
1311 2780 1516 2866 Gangeticus

341 2891 455 2956 oceani
489 2911 659 2971 recessus,
693 2889 769 2956 inde
793 2909 882 2956 novo
908 2907 1072 2973 proventu
1097 2893 1217 2958 divites
1240 2893 1359 2973 Sinae,
1385 2908 1423 2959 ut
1445 2876 1535 2960 aliis'

341 3019 440 3086 atque
459 3003 531 3069 aliis
550 3002 690 3070 subinde
709 3003 816 3069 allatis
836 3003 999 3070 mercibus
1020 3019 1051 3069 et
1069 3004 1101 3070 in
1119 3005 1351 3072 remotissimas
1368 3006 1516 3089 regiones
1604 3019 1615 3028 ·

342 3115 528 3181 distributis
560 3114 705 3196 priorum
739 3115 842 3198 pretia
875 3114 1109 3181 sustineantur.
1155 3116 1318 3184 Videmus
1341 3117 1517 3184 Castellani

342 3247 377 3293 ac
401 3227 652 3308 Lusitani'qua
684 3247 723 3291 ex
757 3241 946 3310 paupertate
979 3249 1046 3310 quo
1070 3249 1171 3311 opum
1195 3230 1423 3313 processerint.
1470 3233 1520 3296 At

344 3339 508 3421 quondam
534 3339 621 3421 apud
645 3338 720 3404 illos
744 3354 818 3404 ante
830 3339 1060 3406 transmarinas
1072 3341 1298 3425 navigationes
1311 3343 1367 3408 vix
1379 3343 1518 3425 pecunia

343 3453 383 3517 ad
405 3451 525 3534 prinras
537 3471 636 3516 naves
649 3451 855 3516 instruendas
868 3471 886 3515 a
899 3451 1032 3537 regibus
1044 3452 1171 3518 corradi
1184 3454 1318 3536 potuit,
1342 3470 1517 3537 manetque

342 3584 430 3630 nunc
451 3563 546 3628 etiam
566 3563 687 3630 veteris
707 3562 835 3647 inopiae
855 3563 984 3647 signum
1004 3565 1194 3629 numerandi
1215 3567 1297 3631 ratio
1318 3587 1374 3650 per
1394 3568 1518 3633 minuta

344 3697 424 3743 aera.
473 3675 583 3742 Hodie
606 3696 685 3741 vero
709 3674 779 3740 sive
803 3675 891 3740 dorni
912 3675 1000 3759 ipsos
1021 3676 1236 3760 respicimus,
1260 3678 1383 3744 sivein
1406 3701 1518 3763 super-

343 3789 487 3856 bissimis
511 3789 674 3868 coloniis,
707 3808 789 3868 quas
817 3802 925 3853 totum
949 3809 1006 3870 per
1029 3790 1140 3854 orbem
1165 3789 1382 3871 dimiserunt,
1406 3791 1439 3857 in
1463 3793 1518 3857 ha-

344 3901 501 3967 bitatione
534 3917 565 3966 et
598 3899 800 3983 supellectile
832 3914 863 3963 et
891 3901 984 3964 cultu
1008 3916 1039 3965 et
1062 3901 1199 3966 seruitio
1224 3902 1250 3967 is
1275 3923 1341 3968 non
1366 3905 1520 3986 splendor

345 4029 471 4079 tantum
504 4028 537 4077 et
568 4013 749 4095 elegantia,
782 4011 839 4077 sed
872 4013 971 4077 luxus
1005 4027 1076 4093 est,
1108 4027 1147 4078 ut
1178 4015 1352 4092 veredici
1385 4017 1424 4080 de
1455 4015 1519 4080 illis

348 4127 476 4209 possit,
511 4124 603 4207 quod
635 4124 674 4188 de
707 4121 823 4207 Tyriis
856 4122 958 4205 olim,
991 4140 1188 4190 mercatores
1220 4147 1329 4193 eorum
1354 4128 1521 4212 Principes

348 4238 454 4303 videri
477 4241 497 4302 ¹.
543 4239 657 4318 Atque
676 4235 757 4301 adeo
779 4257 884 4318 nuper
906 4256 979 4301 cum
1001 4238 1117 4319 praeda
1139 4240 1231 4305 navis
1255 4239 1351 4307 istius
1373 4241 1519 4322 veniret,

384 4476 389 4507 ¹
409 4475 539 4539 Jerernias.
557 4489 580 4523 c.
600 4487 640 4531 23.
659 4488 695 4523 vs.
714 4478 737 4521 8.
