3450 5434
344 617 403 679 192
656 620 703 664 DE
727 619 821 686 Juua
847 618 1030 665 PRAEDAE.
1057 616 1138 665 CAP.
1162 617 1212 663 xl.

339 771 393 836 Ibi
422 772 519 838 etiam
548 774 644 841 solita
677 772 725 839 illi
745 771 880 839 fortuna
901 771 1017 838 affuit:
1041 791 1113 838 nam
1138 791 1213 837 cunr
1237 772 1435 854 exspectatis
1458 772 1514 839 diu

340 904 358 949 a
378 903 453 969 rege
471 884 574 950 literis
591 885 721 950 tandem
745 884 899 950 dimissus
930 898 1037 965 esset,
1063 882 1165 948 biduo
1192 898 1367 966 postquam
1392 884 1517 949 abierat

340 994 452 1062 literae
482 996 708 1077 advenerunt,
742 996 865 1078 quibus
890 995 930 1060 ad
951 997 1056 1060 aulam
1077 994 1162 1078 regis
1187 1010 1220 1059 et
1240 994 1329 1060 haud
1349 994 1450 1060 dubie
1475 996 1517 1061 ad

341 1107 476 1174 exitium
496 1108 687 1173 vocabatur.
733 1108 813 1173 Post
834 1122 899 1171 tam
923 1106 1050 1191 insigne
1068 1108 1251 1188 exemplum
1264 1106 1321 1173 vix
1333 1106 1516 1189 quidquam

181 1218 327 1318 ggffgrffffl·
340 1234 390 1283 est
412 1218 503 1301 quod
522 1217 634 1283 referri
657 1233 827 1284 mereatur.
873 1217 934 1283 Est
955 1233 1060 1283 tamen
1084 1222 1221 1285 alterum
1242 1232 1274 1283 et
1296 1218 1460 1283 recentius
1484 1234 1517 1285 et

340 1330 495 1412 perfidiae
516 1350 582 1395 non
604 1329 759 1409 minoris,
783 1329 874 1412 quod
894 1328 1061 1394 Warwicii
1084 1328 1183 1393 sociis
1205 1328 1245 1393 ad
1266 1328 1405 1394 insulam
1423 1330 1516 1395 Ana-

340 1440 482 1523 bouem,
504 1440 590 1506 binis
614 1440 768 1525 gradibus
791 1442 831 1506 ab
855 1455 1031 1522 aequatore
1051 1454 1207 1506 remotam
1231 1440 1364 1506 accidit:
1389 1441 1515 1522 quoin

340 1554 413 1617 loco
437 1552 524 1617 haud
547 1552 592 1617 ita
614 1555 719 1618 multo
740 1568 816 1619 ante
835 1552 924 1618 Galli
954 1550 1126 1631 homiues,
1148 1550 1273 1617 Missae
1284 1571 1411 1617 sacrum
1424 1572 1516 1617 acce·

340 1663 468 1743 dentes,
489 1664 529 1729 ad
550 1663 635 1746 ipsas
658 1663 724 1729 fere
746 1684 815 1729 aras
836 1683 908 1746 pars
926 1682 1040 1747 magna
1056 1661 1210 1727 trucidati
1235 1676 1268 1727 et
1288 1662 1409 1745 reliqui
1427 1663 1515 1746 eapti

338 1773 478 1841 fuerant.
503 1775 568 1840 Hic
588 1774 689 1859 igitur
711 1774 852 1858 primum
875 1775 1014 1841 Batavos
1035 1772 1282 1855 caduceatores,
1304 1774 1392 1856 pacis
1412 1774 1516 1858 insig-

339 1887 392 1951 nia
410 1886 646 1970 praeferentes,
667 1907 741 1952 cum
768 1887 809 1952 ad
828 1906 864 1951 se
877 1884 989 1951 venire
1001 1885 1226 1968 conspicerent
1236 1884 1407 1966 Lusitani,
1432 1906 1514 1967 eos,

339 2015 423 2080 quos
452 2000 526 2082 Jure
559 1997 705 2081 gentium
735 2013 864 2062 sanctos
896 2016 966 2061 esse
996 2010 1207 2079 oportuerat,
1245 1996 1318 2061 telis
1348 1996 1515 2079 petivere:

338 2109 457 2174 cecidit
477 2130 576 2176 uirus.
619 2110 704 2175 Mox
724 2124 799 2173 octo
819 2108 874 2173 alii
895 2108 1090 2173 Batavorum
1112 2127 1152 2172 ex
1181 2107 1310 2173 insidiis
1338 2106 1515 2191 intercepti

337 2220 512 2302 necatiquc
534 2236 631 2312 sunt:
655 2239 730 2302 pars
746 2221 926 2287 vulnerata.
966 2217 1057 2305 Quin
1080 2219 1175 2285 etiam
1195 2221 1362 2301 postulato
1378 2240 1515 2286 conces-

336 2353 442 2415 soque
475 2332 668 2414 colloquio,
700 2331 851 2397 Lusitani
873 2332 1178 2413 interloquendum
1203 2332 1347 2398 solemne
1370 2330 1514 2399 foederis

336 2445 516 2525 vexillum,
541 2443 633 2527 quod
664 2462 723 2509 sua
751 2463 770 2507 a
798 2458 889 2526 parte
910 2445 1115 2524 extulerant,
1139 2443 1338 2509 subvertunt
1361 2458 1395 2507 et
1416 2445 1512 2526 quasi

335 2556 413 2622 fidei
436 2555 530 2621 etiam
553 2554 688 2621 vinculo
710 2557 844 2635 soluto,
866 2554 1070 2637 improvidos
1092 2570 1124 2620 et
1135 2554 1218 2621 nihil
1231 2557 1294 2621 tale
1305 2556 1513 2639 suspicantes

335 2666 410 2732 telis
430 2666 648 2748 adoriuntur,
672 2687 732 2731 trec
755 2666 825 2731 sine
844 2685 942 2731 noxa.

176 2789 257 2835 Arttc·
281 2788 322 2834 1V·
380 2778 549 2844 Habemus
579 2754 681 2863 igitur
716 2776 895 2844 Lusitanos
922 2775 1089 2859 perfidos,
1123 2777 1283 2857 sicarios,
1317 2776 1510 2861 veneficos,

334 2890 531 2972 proditores.
579 2889 733 2954 Vidimus
764 2888 819 2952 illa
839 2886 1006 2970 facinora,
1031 2904 1163 2972 propter
1187 2908 1295 2971 quae,
1320 2888 1447 2956 etiamsi
1469 2890 1512 2955 ad

334 3021 442 3085 regem
474 3000 654 3084 Hispaniae
685 2998 767 3063 nihil
797 2998 1018 3082 pertinerent,
1061 3000 1181 3065 bellum
1211 3000 1245 3066 in
1275 3000 1350 3065 illos
1384 3001 1512 3085 suscipi

336 3128 369 3179 et
397 3132 495 3198 posse
525 3126 557 3176 et
585 3110 701 3175 debere
721 3128 818 3175 nemo
840 3109 1047 3176 mediocriter
1067 3130 1165 3176 sanus
1189 3110 1334 3195 negabit.
1383 3112 1449 3177 Sed
1468 3134 1511 3177 ne

334 3226 398 3289 hoc
431 3222 564 3305 quidem
593 3221 727 3306 urgebo
773 3221 844 3286 Imo
876 3220 938 3287 nisi
971 3219 1242 3289 manifestissimis
1271 3220 1511 3290 narrationibus

334 3350 482 3417 apertum
516 3333 622 3399 fecero
656 3354 678 3397 a
712 3332 892 3397 Lautam
924 3346 1054 3419 gentem
1099 3334 1267 3402 Batauam
1301 3336 1511 3421 hominesque

335 3446 481 3511 Batauos
513 3446 655 3509 nostiam
688 3444 755 3508 loca
787 3444 943 3524 habitos,
978 3444 1124 3530 belloque
1149 3445 1284 3531 publica
1307 3449 1344 3511 in
1370 3445 1510 3512 Oriente

334 3556 529 3640 infestatus,
549 3560 650 3621 etiam
663 3569 843 3641 antequam
856 3576 978 3619 noxam
992 3555 1097 3621 allam
1110 3556 1181 3621 illis
1193 3560 1399 3638 nocuissent,
1422 3562 1508 3625 aim-

335 3690 397 3755 que
424 3680 594 3733 armatam
623 3666 665 3732 ab
690 3666 761 3731 illis
780 3680 946 3751 caeptam,
971 3680 1095 3732 caetera
1115 3667 1196 3732 milri
1217 3668 1257 3733 ad
1279 3686 1409 3735 causam
1429 3688 1506 3752 pro·

175 3810 245 3856 aaa·
261 3811 322 3864 1⁵⁹⁶·
335 3783 428 3847 desse
459 3799 524 3845 non
551 3776 661 3859 cupio.
707 3777 801 3863 Quae
826 3777 949 3859 primae
967 3796 1068 3845 naves
1089 3778 1328 3867 Hollandorum
1349 3779 1391 3847 ad
1407 3780 1507 3847 Indos

335 3910 467 3961 cursum
498 3888 735 3968 instituerunt,
759 3888 811 3955 his
834 3889 956 3955 mensis
978 3890 1077 3955 unius
1100 3889 1162 3956 iter
1180 3890 1347 3972 provectis
1364 3907 1509 3973 quatuor

336 4003 572 4070 Lusitanorum
605 4018 706 4066 naves
739 4002 908 4083 (caraccae
941 4000 1085 4085 scilicet)
1117 4001 1234 4066 obviae
1265 4019 1509 4086 apparuerunt,

333 4137 394 4185 nec
413 4113 557 4198 pariter,
582 4111 640 4178 sed
655 4130 823 4195 segreges:
848 4130 932 4193 quas
955 4110 1000 4176 ita
1023 4110 1168 4197 singulas
1189 4113 1261 4197 capi
1283 4114 1433 4196 potuisse
1452 4135 1508 4198 ea,

334 4247 417 4310 quae
440 4238 555 4307 postea
577 4222 787 4304 acciderunt,
811 4238 1003 4306 argumento
1026 4238 1116 4289 sunt.
1163 4224 1209 4290 Et
1231 4244 1295 4291 una
1321 4241 1385 4291 tam
1406 4246 1509 4309 prope

333 4350 535 4416 accesserat,
560 4349 598 4401 ut
618 4334 644 4399 si
667 4334 844 4415 libuisset,
867 4353 934 4400 non
956 4334 1054 4400 dubie
1076 4349 1249 4402 teneretur.
1296 4336 1380 4403 Tale
1401 4352 1510 4405 tamen

333 4449 416 4514 nihil
448 4468 467 4514 a
494 4446 626 4514 Batavis
644 4459 825 4511 tentatum:
849 4444 916 4511 imo
937 4460 1054 4512 cuneta
1074 4446 1286 4513 humanitatis
1310 4448 1509 4515 officiatum
