3450 5434
503 655 550 702 DE
574 655 667 723 Just!
692 653 878 701 PRAEDAE·
903 653 986 700 CAPt
1011 651 1067 699 111.

648 807 842 876 CAPUT
875 807 934 875 111.

671 1013 852 1068 QUAESTIO
879 1013 905 1059 la

201 1199 289 1247 aar.
314 1201 336 1246 1.
443 1200 493 1246 nu
519 1199 671 1245 anteum
694 1196 854 1250 ntrouon
877 1195 1024 1264 Jusruu
1049 1195 1133 1256 srr,

202 1307 293 1357 nur.
312 1311 354 1356 11.
666 1306 927 1369 curtsrmms,

202 1421 291 1470 nur.
316 1421 370 1468 111.
623 1421 662 1468 ru
688 1410 957 1481 cunrsrr‘nnos,

202 1534 292 1581 nur.
318 1531 370 1579 tv.
689 1531 783 1579 onnr
805 1531 913 1595 Junrr.

709 1683 859 1694 ...—

186 1747 197 1758 ⁹
247 1771 298 1836 De
322 1770 440 1853 praeda
464 1769 564 1855 igitur
588 1769 725 1836 dicturis
749 1769 895 1854 primum.
912 1769 990 1835 belli
1013 1768 1161 1851 quaestio
1177 1768 1377 1851 expedienda

204 1896 275 1962 est,
305 1881 452 1964 possitne
482 1881 607 1947 scilicet
634 1881 755 1946 bellum
775 1881 911 1964 aliquod
927 1883 1053 1967 justum
1076 1899 1156 1945 esse.
1203 1879 1278 1945 Hoc
1302 1898 1377 1945 sane

203 2008 241 2059 ut
265 2007 511 2060 controversum
536 2008 642 2075 esset,
673 2011 769 2058 nemo
793 1989 893 2074 fecit,
918 1991 1064 2076 quinon
1088 1990 1173 2058 idem
1194 1990 1378 2056 divinarum

202 2103 366 2170 literarum
395 2123 541 2189 magnam
568 2119 691 2188 partem
716 2119 747 2170 et
776 2123 938 2170 summum
967 2101 1087 2168 aeterni
1115 2102 1260 2168 numinis
1281 2102 1378 2168 bene·

204 2215 337 2296 ficium,
362 2215 491 2281 civilem
515 2216 661 2283 ordinem
680 2237 716 2283 ac
739 2215 987 2302 magistratuum
1007 2216 1081 2301 jura
1099 2229 1271 2282 everteret.
1302 2210 1379 2285 Quo

205 2327 238 2391 in
275 2346 410 2392 numero
445 2327 627 2393 Manichaei
666 2327 830 2412 quondam
860 2326 995 2394 fuerunt
1036 2342 1069 2393 et
1100 2341 1178 2393 sunt
1214 2325 1380 2409 hodieque

203 2437 279 2518 alii,
311 2439 369 2520 qui
397 2439 662 2506 Manichaeorum
690 2443 867 2525 plerosque
897 2459 1021 2506 errores
1049 2459 1138 2506 novo
1164 2440 1225 2506 sub
1248 2438 1380 2505 nomine

204 2564 369 2616 revocant.
415 2552 482 2618 Sed
501 2552 631 2618 illorum
651 2572 724 2618 cum
756 2553 789 2618 in
821 2551 975 2634 caeteris,
1006 2567 1075 2618 tum
1100 2564 1131 2617 et
1153 2552 1187 2618 in
1207 2552 1268 2617 hac
1290 2564 1381 2633 parte

206 2661 367 2727 inscitiam
398 2662 556 2730 refutavit
586 2663 665 2729 olim
693 2663 904 2748 Augustinus
921 2667 953 2727 ¹:
983 2682 1089 2744 neque
1115 2676 1229 2729 nostro
1251 2662 1381 2727 saeculo

203 2771 402 2855 defuerunt,
436 2774 494 2856 qui
522 2789 744 2860 resurgentem
775 2775 869 2839 istam
896 2772 1108 2840 fanaticorum
1136 2773 1304 2839 hominum
1326 2791 1381 2838 su·

203 2884 428 2966 perstitionem
453 2883 642 2951 certissimis
664 2884 863 2970 argumentis
884 2884 1106 2950 retunderent.

252 2995 360 3061 Nobis
387 3015 454 3062 non
478 3011 542 3062 tam
567 2995 615 3062 illi
638 2993 804 3062 refellendi
832 2995 1010 3076 videntur,
1041 3015 1138 3078 quam
1169 2993 1381 3060 confirmandi

203 3107 279 3188 alii,
304 3107 451 3190 quicum
468 3107 552 3172 idem
576 3128 642 3174 non
659 3107 894 3191 profiteantur,
910 3129 969 3174 cur
990 3121 1096 3174 tamen
1122 3106 1287 3173 diversum
1309 3127 1381 3174 sen-

204 3219 265 3284 tire
289 3219 427 3286 debeant
449 3218 605 3285 rationem
631 3239 697 3286 non
720 3219 797 3285 satis
816 3219 1014 3305 intelligunt.
1060 3219 1114 3285 Sic
1130 3218 1231 3304 igitur
1247 3219 1381 3286 demon·
1394 3241 1543 3307 nmnqms

205 3329 392 3396 strabimus.
436 3330 505 3397 Qui
529 3329 625 3396 finem
649 3331 723 3397 vult
749 3330 834 3396 idem
863 3331 937 3396 vult
967 3331 1008 3396 ad
1033 3329 1131 3396 finem
1160 3330 1340 3398 necessaria
1358 3335 1381 3396 ².
1395 3293 1542 3395 §iiiiii

204 3439 287 3508 Vult
311 3457 420 3507 autern
444 3443 538 3510 Deus
561 3456 599 3507 ut
622 3460 682 3508 nos
702 3457 872 3522 tueamur,
896 3456 1061 3507 teneamus
1086 3443 1126 3508 ad
1149 3441 1250 3508 uitam
1265 3441 1381 3523 utilia,

205 3554 296 3637 quod
312 3553 407 3618 nobis
424 3553 571 3620 debitum
594 3567 643 3620 est
659 3572 917 3636 consequamur,
941 3553 1171 3636 delinquentes
1185 3552 1382 3637 puniamus,

204 3664 436 3747 rempublicam
469 3665 592 3750 pariter
625 3663 835 3731 defendamus
882 3665 1020 3749 ejusque
1056 3665 1147 3749 jussa
1183 3665 1252 3732 sive
1288 3665 1383 3731 etiam

204 3776 452 3862 magistratuum
485 3776 618 3861 imperia
642 3797 878 3859 exsequamur,
910 3791 948 3842 ut
981 3777 1068 3861 leges
1098 3797 1196 3861 supra
1220 3777 1232 3812 ⁸
1257 3776 1383 3860 positae

205 3889 393 3954 ostendunt.
440 3889 532 3954 Haec
557 3903 664 3955 autem
689 3887 851 3955 interdum
881 3902 981 3968 sunt,
1012 3907 1153 3969 quorum
1177 3909 1273 3956 causa
1298 3889 1383 3955 bella

205 3999 431 4083 suscipiuntur
456 4015 554 4082 atque
578 4013 756 4085 geruntur,
781 4013 813 4065 et
834 3999 911 4065 talia
933 3998 1065 4081 quidem
1090 4015 1128 4066 ut
1151 4019 1383 4085 saepenumero

206 4131 240 4178 ea
264 4095 426 4195 ipsa'sine
451 4111 538 4177 bello
562 4111 722 4195 consequi
743 4131 809 4178 non
828 4111 1009 4194 possimus:
1035 4111 1125 4194 quod
1139 4111 1216 4177 belli
1234 4110 1384 4178 definitio

206 4244 303 4308 supra
323 4231 334 4266 ⁴
351 4222 458 4307 posita
473 4224 682 4290 demonstrat.
711 4222 761 4288 Ut
775 4220 853 4289 sicci
870 4237 902 4288 et
918 4221 1067 4305 humidi,
1086 4223 1182 4289 calidi
1200 4239 1232 4289 et
1249 4221 1382 4309 frigidi„

241 4446 351 4532 ¹Llhris
367 4482 506 4544 praecipue
523 4493 612 4532 contra
629 4483 755 4533 Faustam.
788 4481 922 4542 ’scottia
931 4496 974 4545 41.
991 4482 1050 4533 dist.
1070 4496 1092 4531 ι.
1106 4495 1133 4542 q.
1148 4483 1233 4532 nnita.
1267 4480 1385 4544 ’capa

212 4573 223 4605 ⁴
241 4573 267 4621 in
286 4571 336 4623 fine
354 4573 446 4635 capitis
462 4573 575 4624 secundi.
