3450 5434
502 584 549 629 DE
573 583 666 649 Junn
694 582 874 628 annuunt.
900 583 978 629 CAP.
1004 583 1050 628 1V.
1330 588 1371 653 57

199 743 455 826 concupiscimus
466 737 580 802 aliena
591 759 603 802 :
627 740 708 821 quia
727 735 822 800 illius
843 739 1000 822 imperio,
1024 737 1117 821 cujus
1138 751 1215 800 sunt
1236 744 1370 821 omnia,

196 853 293 928 facta
311 863 388 914 sunt
401 863 538 927 nostra,
562 847 817 932 etjasnnostra
836 860 927 910 sunt.
974 846 1107 911 Placent
1126 847 1212 930 juris
1233 848 1371 915 Pontifi-

198 963 241 1028 cii
266 959 443 1028 doctores?
487 956 642 1024 Pontifex
676 957 745 1041 ipse
762 957 975 1026 Innocentius
997 961 1005 994 ¹
1028 961 1197 1043 acquisita
1227 959 1309 1025 bello
1328 961 1371 1026 li-

198 1077 263 1138 cito
288 1071 379 1136 licite
403 1073 546 1135 retineri
569 1067 718 1134 affirmat:
748 1068 902 1149 idemque
935 1066 1048 1133 multis
1070 1067 1260 1150 exsequitur
1282 1070 1372 1136 Hos-

168 1182 313 1278 'tiensis
344 1185 357 1220 ²
385 1196 418 1244 et
447 1179 697 1246 Panormitanus
719 1185 733 1224 ³
756 1195 789 1245 et
820 1179 1084 1245 Archidiaconus
1106 1181 1129 1245 ⁴.
1168 1180 1259 1245 Quid
1287 1181 1372 1265 juris

200 1293 342 1360 Romani
366 1289 584 1373 interpretes?
620 1289 770 1357 Bartolus
785 1277 822 1354 ¹⁵:
846 1291 913 1355 Ubi
933 1289 1051 1355 bellum
1075 1289 1205 1355 licitum
1221 1291 1299 1375 fuit
1318 1290 1373 1357 dc-

194 1403 398 1490 praedantes
421 1421 462 1466 ex
474 1401 558 1485 jure
577 1400 673 1466 cirili
692 1400 740 1466 ad
758 1405 1002 1466 restitutionem
1024 1421 1088 1464 non
1108 1415 1275 1467 tenentur.
1299 1401 1373 1466 Bal-

201 1515 263 1581 dus
282 1512 296 1549 ⁸
314 1515 378 1578 hoc
409 1511 567 1594 amplius:
602 1511 643 1576 In
661 1511 743 1596 foro
766 1515 867 1576 etiam
893 1515 1025 1576 interno
1045 1515 1263 1576 conscientiae
1282 1511 1374 1577 licite

205 1629 397 1698 retinentur
420 1643 505 1708 quaa
516 1623 611 1707 justo
632 1621 714 1686 ballo
734 1635 836 1706 capta
857 1635 958 1685 sunt:
982 1622 1079 1706 cujus
1096 1635 1130 1688 et
1141 1624 1240 1687 verba
1248 1621 1373 1707 Jason⁷

204 1733 303 1802 refert
326 1749 358 1798 et
380 1750 493 1798 omnes
517 1733 659 1815 probant
680 1750 746 1798 non
767 1732 869 1798 modo
889 1731 1118 1816 jurisconsulti
1141 1753 1253 1798 verum
1277 1732 1373 1798 etiam

202 1858 425 1912 sacrosanctae
458 1842 635 1926 sapientiae
664 1843 880 1926 interpretes,
913 1842 1103 1924 quicunque
1122 1843 1207 1907 hanc
1226 1842 1375 1925 disputa-

204 1956 326 2022 tionem
347 1952 477 2038 proprie
487 1953 648 2050 'exsecuti
669 1967 767 2033 sunt,
790 1968 829 2019 ut
849 1953 1026 2035 Silvester,
1051 1953 1240 2034 Adrianus,
1263 1952 1376 2036 Ange-

204 2071 278 2148 lus,
301 2065 418 2148 Lupus
430 2079 462 2130 et
483 2064 567 2129 inter
586 2063 754 2147 Hispanos
774 2063 928 2129 Victoria
947 2078 978 2128 et
995 2060 1261 2129 Covarruvias⁸:
1284 2064 1376 2146 quod

204 2177 231 2244 si
255 2195 368 2244 omnes
389 2190 537 2241 auctores
562 2173 792 2258 inspiciamus,
816 2193 912 2240 nemo
933 2175 1064 2240 damnat
1085 2174 1256 2257 praedam,
1280 2173 1375 2239 multi

206 2288 372 2364 avaritiam
394 2287 427 2352 in
450 2286 585 2369 praeda,
618 2290 651 2355 ri
674 2289 896 2368 πλεονέκτημα,
919 2285 957 2350 id
976 2285 1064 2370 quod
1078 2285 1157 2370 plus
1176 2305 1279 2370 aequo
1302 2300 1375 2349 cst:

206 2399 294 2466 sicut
326 2418 385 2464 nec
408 2396 554 2478 bellum,
579 2396 689 2466 sedin
714 2396 800 2461 bello
821 2395 1046 2462 crudelitatem
1074 2396 1200 2478 culpari
1219 2395 1374 2461 diximus.

199 2509 365 2594 praedam
393 2507 494 2591 igitur
522 2522 639 2595 capere
674 2506 857 2591 aliquando
872 2508 1005 2591 justum
1027 2521 1075 2570 cst
1099 2505 1304 2572 Christr'am's
1334 2528 1376 2572 ex
1389 2527 1465 2575 conca.
1479 2525 1513 2572 ιι.

208 2619 415 2684 christianis
439 2623 525 2684 omui
537 2621 621 2704 jure
641 2620 663 2684 ⁹.

655 2765 849 2830 CAPUT
882 2765 927 2833 V.

659 2920 840 2973 ounnsnlo
864 2920 922 2967 111.

541 3033 636 3088 QUAE
663 3031 809 3078 PRAEDA
832 3031 947 3095 JUSTA
972 3031 1042 3078 s1T.

674 3142 855 3196 uunnsnlo
880 3144 927 3189 lv.

522 3256 616 3318 QUOD
642 3255 791 3301 BELLUM
814 3254 962 3322 JUSTUM
987 3253 1057 3300 SIT.

716 3379 864 3392 μ·-

251 3445 286 3510 Si
310 3445 410 3529 igitur
432 3459 481 3511 est
500 3444 609 3527 aliqua
630 3443 815 3529 ejusmodi,
837 3462 992 3526 quaenam
1014 3443 1069 3509 illa
1088 3443 1131 3509 sit
1142 3445 1276 3526 praeda,
1295 3464 1379 3528 quac

208 3583 448 3597 β--ῌ

242 3655 295 3704 ¹in
313 3669 336 3704 c.
353 3654 414 3716 quia
429 3656 553 3717 plerique.
570 3657 601 3705 de
616 3653 685 3704 imm.
702 3658 772 3704 Eccl.
793 3653 932 3719 [Decretal.
959 3667 983 3712 ³·
1001 3667 1041 3717 49·
1068 3652 1106 3717 8·]
1142 3651 1153 3684 ²
1178 3654 1204 3702 in
1220 3665 1315 3702 summa
1339 3655 1379 3703 tit.

208 3747 240 3795 de
262 3747 359 3806 poenit.
387 3746 525 3808 [Decretal.
550 3759 573 3802 5.
599 3746 651 3808 ³8·]
693 3743 749 3793 ⁸in
772 3748 796 3794 d.
815 3759 838 3794 c.
862 3745 928 3794 sicut
953 3756 978 3793 ct
1004 3747 1029 3793 d.
1054 3756 1076 3791 c.
1101 3743 1163 3792 olim
1191 3742 1330 3807 [Decretal.
1356 3757 1380 3794 a.

209 3849 249 3897 24.
267 3850 307 3898 29.
333 3849 358 3884 et
378 3850 401 3884 a.
427 3849 465 3894 1³·
494 3835 545 3900 ra]
582 3837 637 3885 ⁴in
654 3850 677 3884 c.
702 3836 825 3885 Dominus
841 3848 937 3885 noster.
967 3835 1056 3899 [Dect.
1075 3837 1143 3883 Grat.
1161 3850 1187 3895 p.
1206 3849 1229 3884 a.
1246 3849 1287 3893 aa.
1304 3835 1378 3900 aa]

207 3925 267 3975 ⁵ad
284 3928 301 3974 l.
318 3929 465 3976 naturalem.
482 3931 504 3986 ξ.
522 3927 582 3976 item
600 3940 664 3988 quae
690 3927 721 3975 ab
739 3929 805 3976 host.
823 3927 847 3975 ff.
867 3929 899 3976 de
913 3939 971 3986 aeq.
989 3929 1056 3975 dom.
1076 3926 1121 3988 [D.
1146 3940 1188 3987 41.
1215 3940 1237 3975 ι.
1261 3939 1282 3983 s.
1309 3924 1378 3990 [p]

207 4015 263 4064 ⁸in
281 4029 304 4065 c.
325 4030 346 4064 1.
372 4017 398 4064 in
415 4031 442 4078 4.
460 4020 511 4066 col.
534 4021 565 4066 de
588 4018 641 4066 mil.
659 4031 712 4067 vas.
730 4017 774 4077 qui
792 4029 929 4065 contumax
944 4030 989 4066 est.
1009 4017 1049 4079 [F.
1067 4031 1089 4065 2.
1109 4015 1162 4081 aa]
1197 4015 1257 4066 lad
1274 4019 1292 4065 l.
1314 4029 1335 4064 ι.
1352 4016 1380 4065 ff.

209 4108 242 4156 de
259 4120 315 4167 acq.
333 4119 402 4168 poss.
421 4107 466 4170 [D.
483 4120 524 4168 41.
542 4106 578 4171 a]
598 4121 624 4156 ιι.
644 4111 667 4156 8.
700 4105 711 4138 ⁸
729 4107 790 4155 silv.
808 4108 834 4155 in
853 4107 934 4156 verbo
952 4109 1047 4156 Bellum
1062 4111 1085 4165 5.
1106 4121 1127 4156 ι.
1150 4107 1210 4168 et§a
1228 4121 1253 4169 9.
1289 4107 1379 4155 Adria·

209 4210 255 4246 nus
274 4197 299 4245 ln
316 4210 411 4258 quaest.
431 4199 462 4247 de
479 4197 682 4258 rest.inpart.ct
700 4209 797 4257 quaest.
816 4201 847 4247 de
865 4199 943 4248 bello.
961 4201 1073 4259 Angelus
1090 4199 1117 4246 in
1135 4197 1229 4257 disput.
1248 4198 1381 4246 Renovata

209 4299 304 4347 guerra.
339 4289 422 4348 Lupus
439 4291 470 4337 dc
489 4289 558 4338 bello
575 4293 597 4348 5.
615 4291 659 4338 ult.
680 4289 786 4350 [Occan.
809 4288 857 4346 jur.
880 4292 935 4338 vol.
955 4291 992 4338 16.
1010 4303 1036 4350 p.
1052 4287 1121 4351 sap]
1157 4287 1273 4336 Victoria
1284 4286 1380 4344 dejure

210 4379 309 4426 bellic.
337 4391 377 4435 51.
394 4393 488 4440 etseq.
534 4381 704 4430 Covarruvias
727 4383 758 4430 ad
782 4383 798 4428 l.
816 4393 969 4441 peccatum,
987 4383 1018 4428 de
1036 4394 1087 4439 reg.
1103 4378 1219 4451 jaacan.
1238 4390 1310 4439 parte
1323 4379 1380 4439 a&

215 4483 252 4517 ιιΙ
272 4467 390 4535 [covarr.
410 4474 485 4532 Oper.
505 4475 577 4520 Onm.
596 4474 649 4518 vol.
671 4485 691 4518 r.
710 4485 734 4531 p.
755 4472 825 4533 sim]
861 4471 873 4502 ⁹
890 4474 966 4519 Mart.
983 4473 1059 4520 Laud.
1078 4486 1102 4531 q.
1123 4483 1161 4519 ιι.
