3450 5434
528 661 575 708 ort
597 662 691 728 μω
719 660 904 707 ansanus.
931 661 1013 707 cnr.
1040 661 1101 706 xv.
1338 663 1398 724 323

224 819 376 901 ignorat,
407 816 494 882 unde
528 815 702 883 societates
733 835 798 882 non
831 815 959 882 vicinae
993 815 1111 894 niod0,
1151 833 1264 880 verum
1303 813 1396 879 etiam

224 928 447 1013 longinquae,
471 943 509 993 ut
530 927 766 993 mercatoribus
788 941 867 992 sunt
890 925 1112 1006 necessariae,
1135 925 1179 990 ita
1200 925 1398 991 bellantibus

223 1039 332 1105 utiles.
390 1039 561 1105 Laudatur
589 1038 802 1104 Mithridates
825 1044 859 1119 ¹,
882 1038 972 1119 quod
1002 1039 1041 1102 ab
1074 1037 1215 1102 Albanis
1236 1055 1343 1118 usque
1366 1037 1399 1100 in

224 1149 416 1234 Hispaniam
439 1152 565 1235 legatos
585 1149 711 1215 miserit
734 1150 775 1214 ad
795 1148 977 1214 Sertorium
998 1166 1031 1214 et
1046 1145 1177 1230 Dices,
1198 1148 1397 1230 quibuscum

222 1276 292 1326 tum
327 1262 468 1353 Romani
501 1262 623 1326 bellum
656 1261 818 1345 gerebant.
854 1245 999 1325 'Sciebat
1028 1261 1112 1326 enim
1144 1260 1277 1342 quicum
1302 1259 1397 1324 hoste

129 1358 133 1364 ’
224 1372 287 1438 sibi
316 1391 368 1438 res
396 1386 504 1452 esset,
537 1389 670 1456 magnae
703 1371 831 1438 scilicet
863 1387 1020 1437 terrarum
1053 1369 1154 1454 partis
1186 1391 1396 1454 possessore,

221 1485 333 1550 valido
345 1499 445 1566 atque
457 1485 626 1567 opulento.
651 1483 750 1548 Unde
775 1483 824 1549 sic
844 1483 1190 1564 instituerat,utcum
1213 1483 1344 1549 duobus
1364 1482 1396 1546 in

223 1596 304 1661 locis
333 1594 601 1680 disjunctissimis
622 1594 827 1677 maximeque
859 1593 997 1660 diversis
1031 1614 1098 1660 uno
1122 1593 1286 1675 consilio,
1311 1593 1398 1658 binis

222 1706 327 1789 copiis
359 1708 483 1772 bellum
505 1720 590 1770 terra
612 1705 759 1787 marique
783 1721 971 1790 gereretur,
996 1705 1139 1771 Romani
1165 1705 1288 1771 interea
1311 1705 1398 1769 anci-

223 1819 284 1902 piti
315 1818 527 1885 contentione
557 1817 704 1882 distracti
735 1818 775 1882 de
798 1817 934 1900 imperio
958 1817 1162 1883 dimicarent.
1207 1816 1296 1882 Mihi
1320 1816 1398 1882 His-

222 1949 380 2013 panorum
412 1930 501 1995 vires
531 1927 585 1993 hic
605 1930 754 1994 attollere
776 1947 836 1994 nec
860 1929 1041 2012 deprimere
1065 1930 1191 1995 animus
1214 1942 1274 1994 est.
1322 1925 1397 1992 Hoc

222 2040 290 2107 scio
311 2041 411 2106 latius
434 2060 490 2106 eos
512 2059 669 2124 regnare,
695 2057 875 2121 quamtum
889 2041 1031 2107 Romani
1055 2039 1284 2126 regnaverint,
1309 2039 1397 2105 forte

222 2152 338 2233 etiam,
362 2171 460 2234 quarn
483 2152 572 2217 ullus
596 2151 695 2216 hodie
708 2167 765 2217 aut
776 2171 932 2234 umquam
944 2199 955 2232 ,
969 2167 1068 2235 atque
1081 2155 1151 2238 ejus
1165 2152 1397 2218 dominationis

221 2263 289 2346 ipsa
313 2261 524 2329 fundamenta
547 2282 613 2327 non
636 2262 670 2327 in
693 2263 829 2348 Belgio,
853 2283 920 2329 non
950 2264 982 2330 in
1014 2263 1197 2348 Hispania,
1229 2264 1288 2329 sed
1309 2279 1398 2328 trans

222 2393 379 2440 oceanum
409 2374 472 2440 sita
505 2393 597 2454 esse,
621 2376 710 2440 unde
733 2395 813 2457 opes
836 2376 903 2440 illis
923 2377 1204 2460 largitionumque
1228 2391 1261 2442 et
1294 2375 1397 2440 bello·

222 2505 293 2550 rum
325 2485 498 2551 alimenta:
528 2486 586 2552 sed
612 2485 740 2551 eosdem
766 2486 832 2551 illis
853 2486 886 2550 in
911 2485 1004 2550 terris
1027 2502 1186 2569 quantum
1207 2487 1396 2569 potentiae,

222 2610 348 2662 tantum
380 2596 449 2662 odii
482 2595 684 2679 quaesivisse
708 2611 740 2661 et
762 2616 800 2660 eo
824 2597 965 2664 batavos
988 2597 1037 2662 uti
1061 2598 1201 2680 debere,
1239 2597 1265 2660 si
1298 2617 1395 2678 quem

222 2708 309 2773 bello
340 2707 437 2773 finem
468 2711 588 2774 volunt
617 2709 817 2792 impositum.
866 2708 1060 2793 jungendus
1094 2724 1142 2774 est
1172 2729 1247 2775 cum
1280 2709 1397 2774 ultimo

223 2818 348 2885 oriente
376 2819 577 2902 septentrio,
602 2835 641 2884 ut
664 2820 697 2885 in
721 2839 817 2886 omne
850 2820 965 2885 mundi
999 2822 1083 2885 latus
1117 2818 1263 2904 profecta
1292 2819 1397 2886 domi-

222 2931 313 2994 natio
336 2929 483 3011 undique
501 2929 715 2996 labefactetur
760 2931 898 2996 Ambire
915 2932 1107 3015 jamdudum
1128 2950 1218 3015 reges
1239 2933 1398 3014 populos-

222 3060 288 3121 que
304 3040 414 3105 Indiae
437 3040 550 3106 Batavi
571 3042 769 3108 debuerant:
795 3061 854 3124 en,
869 3045 957 3107 ultro
979 3042 1177 3107 ambiuntur.
1224 3041 1288 3106 Cui
1311 3042 1396 3106 enim

221 3171 288 3217 non
307 3149 544 3234 praefectorum
564 3153 626 3236 ipsi
650 3155 895 3236 supplicarunt,
920 3171 958 3220 ut
978 3153 1135 3220 subsidiis
1155 3155 1311 3220 adversus
1329 3153 1397 3218 Lu-

222 3263 346 3329 sitanos
364 3264 587 3346 juvarentur?
612 3266 706 3351 Quae
725 3266 811 3350 regis
833 3265 1070 3346 Ternatensis,
1095 3285 1177 3348 quae
1198 3265 1396 3348 reipublicae

223 3374 485 3440 Ambonensium
517 3395 652 3458 preces,
681 3397 763 3459 quae
784 3378 898 3443 literae
920 3398 938 3442 a
958 3397 1034 3462 rege
1053 3378 1183 3462 Jorensi
1206 3377 1395 3443 venerunt?

222 3485 315 3568 Quin
338 3501 371 3550 et
393 3505 545 3568 proceres
567 3488 773 3554 Achinenses
795 3489 859 3554 visi
883 3490 915 3554 in
935 3488 1078 3573 Hagensi
1098 3489 1230 3573 palatio.
1255 3489 1397 3571 thuac

223 3596 255 3660 in
277 3597 435 3681 Augusto
459 3601 514 3663 vel
535 3600 710 3682 praecipua
733 3601 844 3665 habita
869 3615 917 3666 est
940 3621 1014 3684 pars
1036 3599 1203 3666 felicitatis
1223 3604 1258 3681 ²,
1284 3602 1323 3666 ab
1344 3601 1397 3667 ln·

223 3707 339 3773 dorum
371 3709 488 3792 legatis
521 3710 678 3790 salutari,
711 3711 769 3793 qui
802 3712 947 3794 pretiosa
975 3691 1109 3776 munera
1130 3713 1294 3777 trahentes
1314 3711 1397 3777 nihil

222 3819 326 3902 magis
357 3840 455 3900 quam
486 3820 560 3886 viae
591 3822 867 3906 longinquitatem
899 3823 1121 3905 imputarent,
1152 3843 1225 3887 cum
1250 3843 1304 3888 eos
1327 3823 1397 3905 ipse

222 3929 370 4013 corporis
393 3933 484 3996 color
505 3932 545 3997 ab
568 3933 633 3998 alio
654 3933 767 3999 venire
788 3935 857 3998 sole
881 3931 1060 4013 fateretur,
1086 3933 1243 4015 quodque
1264 3933 1397 3999 Claudii

222 4040 360 4122 imperio
382 4041 625 4109 nobilissimum
644 4043 712 4110 fuit
727 4044 738 4079 ⁸
751 4091 762 4125 ,
776 4065 814 4110 ex
828 4043 1025 4128 Taprobane
1045 4045 1238 4128 legationem
1250 4044 1395 4124 vidisse,

223 4151 257 4215 id
278 4153 343 4236 Jarn
367 4152 499 4219 Batavis
521 4155 602 4220 adeo
626 4156 782 4222 usitatum
806 4172 877 4239 est,
902 4171 940 4222 ut
963 4176 1036 4222 curn
1056 4155 1202 4222 novitate
1220 4155 1398 4238 perdiderit

222 4262 482 4330 admirationem.
539 4267 586 4331 Hi
622 4282 730 4334 autem
765 4287 878 4334 omnes
911 4268 992 4349 quid
1025 4267 1115 4333 aliud
1141 4281 1280 4349 petunt,
1315 4267 1396 4348 quid

257 4508 265 4540 ¹
285 4511 340 4560 Cic.
358 4525 406 4572 pro
422 4515 440 4559 1.
457 4513 527 4560 Man.
547 4512 583 4573 [c.
598 4527 622 4575 4.
639 4519 661 4575 ς.
679 4515 716 4576 9.]
752 4511 763 4546 ²
781 4517 879 4565 Florus.
913 4514 925 4549 ⁸
943 4514 1037 4564 Plinius
1055 4515 1101 4562 lib.
1119 4515 1143 4562 ό.
1160 4528 1182 4562 c.
1199 4527 1239 4562 aa.

1203 4607 1262 4668 21*
