3450 5434
501 619 549 671 ns
570 620 665 691 Jutt
690 618 874 669 passm.
898 620 978 671 css.
1002 616 1068 679 vn.
1333 622 1374 692 73

203 776 299 845 Sicut
317 775 373 862 jus
394 793 466 844 ase
488 776 655 859 diximus,
688 775 781 859 quod
801 774 867 860 legi
890 774 1011 859 prImae
1034 791 1067 843 et
1094 776 1276 859 secundae,
1298 778 1376 846 item

202 888 295 971 quod
324 888 461 972 quintae
491 903 525 953 et
554 902 664 955 seme
692 887 873 968 convenit,
904 887 951 952 its
979 888 1099 974 injuria
1130 903 1183 956 est
1204 888 1262 972 id,
1285 890 1378 973 quod

200 1018 275 1067 cum
297 1003 370 1086 iege
390 1000 534 1067 secunda
556 1015 614 1066 sut
636 1014 775 1083 quarta,
798 999 877 1066 item
899 1014 972 1066 cum
996 999 1112 1082 quinta
1133 1014 1166 1067 et
1184 1015 1275 1068 sexta
1293 1018 1378 1087 pug-

200 1127 269 1178 nat.
317 1108 404 1178 Nam
435 1113 523 1199 leges
556 1111 653 1195 primi
687 1124 721 1178 et
751 1104 887 1179 secundi
921 1110 1047 1179 ordinis
1080 1110 1244 1196 simplices
1278 1126 1374 1193 sunt,

197 1222 287 1289 tertii
316 1237 424 1290 autem
447 1222 573 1291 ordinis
594 1222 812 1307 compositae:
835 1220 911 1287 ideo
933 1222 985 1290 bis
1004 1238 1192 1290 sumuntur.
1238 1224 1275 1289 Si
1297 1224 1373 1306 quis

200 1333 301 1419 igitur
331 1332 521 1416 somnians,
553 1334 648 1418 quod
667 1335 831 1402 Doctores
853 1332 986 1417 quidam
1012 1343 1021 1378 ¹
1043 1350 1173 1403 narrant
1194 1332 1376 1416 accidisse,

200 1445 375 1512 autetiam
396 1444 566 1528 furiosus,
588 1446 682 1529 quod
704 1446 850 1513 accidere
871 1446 1021 1528 quotidie
1041 1458 1172 1532 potest,
1194 1446 1377 1531 periculum

200 1557 281 1623 mihi
302 1557 465 1640 intentet,
486 1558 704 1627 dubitandum
715 1572 782 1625 non
793 1573 865 1638 est,
890 1554 970 1639 quin
982 1556 1049 1623 vim
1061 1558 1097 1625 vi
1108 1572 1195 1625 recte
1206 1558 1377 1641 repellam,

201 1670 284 1736 etsi
305 1687 373 1736 non
404 1669 468 1735 alia
495 1682 646 1755 supeoest
674 1670 791 1736 salutis
813 1670 889 1755 via,
915 1670 1013 1767 etipm
1033 1668 1226 1767 intetfitiam
1246 1673 1272 1735 ¹.
1317 1666 1378 1733 it·

202 1796 310 1849 tamen
335 1776 420 1847 nihil
449 1782 508 1847 ille
540 1780 661 1868 injuria
690 1779 794 1862 iacit,
826 1798 936 1865 neque
965 1782 1050 1848 enim
1080 1795 1150 1848 tum
1173 1794 1307 1864 compos
1328 1790 1378 1845 est

203 1890 314 1960 animi.
359 1893 448 1960 sitis
469 1908 520 1961 est
542 1888 642 1976 'quod
669 1893 827 1961 adversus
855 1896 960 1979 legem
992 1892 1119 1959 tertiam
1151 1906 1201 1960 est
1230 1890 1266 1956 id
1287 1890 1379 1973 quod

202 2003 293 2071 facit.
335 2004 396 2090 Jus
417 2004 505 2071 enim
527 2005 633 2072 habeo
653 2004 849 2088 prohibendi
870 2004 933 2071 hoc
954 2003 1075 2087 quovis
1094 2002 1194 2069 modis
1215 2021 1256 2067 ex
1274 2001 1378 2085 prima

202 2118 298 2201 lege,
322 2132 407 2199 quse
435 2133 487 2182 me
507 2115 589 2182 mihi
611 2116 710 2183 etiam
733 2134 810 2200 pise
831 2115 904 2183 aliis
926 2114 1141 2181 commendat„
1186 2110 1377 2179 Necessitas

204 2228 314 2308 enim,
343 2242 384 2294 ut
415 2226 503 2311 apud
533 2227 690 2294 Senecam
713 2226 817 2308 'ett‚
848 2242 1007 2313 magnum
1040 2226 1206 2291 humanae
1231 2224 1377 2291 imbesil-

202 2338 316 2405 is‘tatis
332 2336 716 2427 patrocinium,0mm
735 2338 836 2425 legem
848 2332 1003 2425 frangit.
1048 2336 1112 2405 Est
1133 2350 1241 2403 autem
1264 2352 1378 2403 neces·
1474 2420 1476 2423 Ι

202 2449 282 2517 titas
302 2452 357 2536 jus
376 2449 460 2517 illud
480 2446 622 2533 primum
643 2462 797 2530 naturae,
819 2448 904 2515 utin
914 2436 1077 2533 principit>
1100 2447 1243 2517 diximus
1264 2442 1289 2515 ⁴.
1325 2446 1379 2513 si-

204 2558 325 2627 militer
354 2577 373 2626 a
404 2562 510 2627 bonae
540 2560 616 2626 fidei
647 2576 835 2644 possessore
859 2578 911 2628 res
940 2560 1145 2640 vindictum
1179 2574 1377 2643 quamquam

203 2673 290 2739 enim
312 2673 369 2739 ilie
390 2673 545 2739 adversus
565 2674 669 2759 legem
689 2686 837 2755 quartam
851 2688 922 2739 non
940 2682 1055 2757 peccat
1073 2684 1213 2755 sponte,
1236 2664 1379 2735 exerceri

202 2798 310 2850 tamen
340 2798 455 2849 tontrs
483 2784 579 2849 iilum
609 2783 754 2849 secunda
784 2782 893 2850 debet.
937 2782 1052 2849 Potest
1083 2794 1116 2847 et
1138 2780 1257 2863 aliquis
1279 2779 1378 2846 variis

201 2896 243 2963 de
274 2895 383 2961 causis
411 2890 540 2978 aliquid
566 2894 650 2961 mihi
679 2894 822 2977 debere,
855 2894 947 2977 quod
977 2892 1048 2977 ipse
1075 2890 1223 2972 nesciat,
1246 2889 1377 2974 putati

203 3008 314 3072 haeres
345 3006 400 3074 sit.
452 3008 539 3073 Cum
568 3006 672 3093 igitur
703 3021 770 3073 non
803 3006 965 3074 solvendo
996 3004 1098 3072 iaciat
1126 3014 1242 3069 contra
1274 3002 1377 3087 legem

203 3133 349 3202 textam,
378 3118 441 3185 etsi
472 3134 539 3185 non
567 3131 708 3202 sponte,
731 3116 812 3185 mihi
835 3132 943 3185 tamen
966 3117 1037 3201 ejus
1060 3115 1141 3202 iegis
1163 3130 1244 3182 usus
1267 3112 1377 3198 negari
1424 3097 1427 3103 ’

202 3247 271 3299 non
301 3230 417 3297 debet:
449 3229 532 3313 quid
562 3228 649 3295 enim
680 3242 767 3297 esset
794 3227 941 3312 iniquius
964 3244 1062 3312 quam
1085 3224 1182 3293 alicui
1202 3227 1258 3311 jus
1280 3240 1378 3293 suum

203 3342 309 3425 petire
338 3342 383 3408 ob
404 3340 539 3407 alterius
575 3340 742 3407 morem?
789 3340 880 3408 Haec
901 3354 1010 3407 tutem
1033 3352 1073 3405 ut
1094 3338 1128 3404 in
1149 3336 1304 3423 legitimis
1327 3354 1378 3402 ac·

204 3453 353 3521 tionibus
382 3453 431 3519 ‘its
452 3451 486 3518 in
509 3452 597 3519 bello
618 3454 727 3519 iocum
750 3452 882 3519 habent.
926 3448 964 3517 In
988 3452 1057 3517 soit
1078 3450 1150 3535 iege
1180 3448 1298 3531 quinta
1328 3464 1379 3513 re-

203 3580 338 3649 spectus
365 3565 505 3631 habetur
534 3563 727 3631 voluntatis.
772 3565 889 3647 Itaque
912 3562 1030 3629 delicta
1052 3559 1115 3626 nisi
1149 3572 1266 3643 sponte
1289 3572 1378 3624 cotn-

203 3676 302 3745 missa
321 3692 389 3743 non
410 3675 605 3760 puniuntur.
649 3674 751 3743 Ratio
776 3689 827 3743 est
847 3673 926 3757 quia
946 3674 1066 3739 malum
1084 3663 1274 3755 rependitur
1290 3668 1377 3735 sonti

202 3805 264 3871 pro
281 3788 393 3869 bono,
415 3786 508 3870 quod
528 3806 595 3853 non
616 3800 704 3852 recte
724 3786 871 3869 percepit
891 3780 926 3865 ⁸,
950 3802 990 3849 ex
1009 3784 1095 3849 maio
1115 3781 1242 3849 scilicet
1260 3780 1378 3849 alieno,

202 3900 284 3965 Non
303 3912 539 3983 potestantem
557 3898 676 3965 lucrari
693 3898 828 3965 alterius
846 3894 1089 3963 incommodum
1109 3894 1285 3977 quisquam
1304 3910 1379 3959 cen·

201 4010 291 4092 seri,
313 4010 373 4094 qui
391 4010 464 4095 ejus
480 4027 551 4077 non
570 4024 693 4095 sponte
712 4019 828 4076 auctor
848 4006 925 4075 fuit.
971 4006 1049 4074 Huc
1072 4004 1173 4091 igitur
1191 4020 1260 4072 non
1280 4018 1378 4069 omne

243 4255 336 4307 ¹Bart.
353 4258 385 4306 sd
402 4259 420 4305 i.
438 4268 465 4305 ut
480 4255 636 4307 vim.if.de
651 4254 709 4315 imt.
723 4256 768 4319 [D.
789 4270 809 4305 1.
829 4270 851 4306 1.
870 4256 906 4318 3.]
922 4268 947 4303 n.
968 4268 989 4303 1.
1006 4254 1076 4303 Bald.
1091 4252 1160 4301 ad.i.
1178 4264 1199 4300 ι.
1218 4250 1247 4299 C.
1261 4251 1327 4301 unde
1341 4250 1377 4299 vi.

205 4347 252 4409 [C.
277 4351 300 4397 8.
311 4347 349 4412 4]
367 4362 392 4397 n.
415 4360 455 4404 50·
489 4344 541 4397 ὀ.
554 4346 580 4398 si
595 4348 714 4398 furiosus.
732 4350 764 4397 de
779 4346 876 4396 homic.
895 4348 988 4408 [clem.
1009 4346 1026 4393 1.
1045 4356 1068 4400 5.
1086 4354 1104 4391 t.
1121 4342 1159 4405 4.]
1194 4338 1334 4390 'Deciani
1352 4356 1377 4405 9.

205 4436 280 4503 [Non
292 4450 330 4490 est
342 4439 370 4489 in
381 4440 494 4490 Decium.
506 4452 549 4502 9.,
565 4441 611 4490 sed
629 4439 656 4489 in
673 4438 799 4489 Controv.
817 4440 835 4487 Ι.
854 4450 960 4500 pnum.
973 4446 1013 4494 27.
1032 4449 1057 4497 p.
1077 4433 1146 4497 μμ]
1180 4431 1233 4482 ἀεὶ
1246 4433 1262 4481 i.
1279 4446 1300 4482 1.
1312 4444 1338 4482 et
1353 4448 1377 4483 2.

205 4530 324 4580 ‘videi
338 4542 361 4587 s.
373 4530 400 4580 iu
412 4544 436 4579 c.
449 4544 472 4579 α.
