<?xml version="1.0" encoding="UTF-8"?>
<!DOCTYPE html PUBLIC "-//W3C//DTD XHTML 1.0 Transitional//EN"
    "http://www.w3.org/TR/xhtml1/DTD/xhtml1-transitional.dtd">
<html xmlns="http://www.w3.org/1999/xhtml" xml:lang="en" lang="en">
 <head>
  <title>
</title>
<meta http-equiv="Content-Type" content="text/html;charset=utf-8" />
  <meta name='ocr-system' content='tesseract 3.04.00' />
  <meta name='ocr-capabilities' content='ocr_page ocr_carea ocr_par ocr_line ocrx_word'/>
</head>
<body>
  <div class='ocr_page' id='page_1' title='image "./ledroitdeprised02hamagoog_0029.png"; bbox 0 0 3450 5434; ppageno 0'>
   <div class='ocr_carea' id='block_1_1' title="bbox 519 640 1372 710">
    <p class='ocr_par' dir='ltr' id='par_1_1' title="bbox 519 640 1372 710">
     <span class='ocr_line' id='line_1_1' title="bbox 519 640 1372 710; baseline 0.001 -20"><span class='ocrx_word' id='word_1_1' title='bbox 519 640 566 690; x_wconf 77' lang='lat' dir='ltr'>DE</span> <span class='ocrx_word' id='word_1_2' title='bbox 590 641 684 707; x_wconf 74' lang='lat' dir='ltr'>jutta</span> <span class='ocrx_word' id='word_1_3' title='bbox 710 640 896 690; x_wconf 74' lang='lat' dir='ltr'>FRABBAB·</span> <span class='ocrx_word' id='word_1_4' title='bbox 920 642 1002 689; x_wconf 79' lang='lat' dir='ltr'><strong>CAF.</strong></span> <span class='ocrx_word' id='word_1_5' title='bbox 1027 644 1050 690; x_wconf 88' lang='lat'>1.</span> <span class='ocrx_word' id='word_1_6' title='bbox 1350 645 1372 710; x_wconf 74' lang='lat'><em>7</em></span> 
     </span>
    </p>
   </div>
   <div class='ocr_carea' id='block_1_2' title="bbox 199 793 1460 3904">
    <p class='ocr_par' dir='ltr' id='par_1_2' title="bbox 199 793 1460 3904">
     <span class='ocr_line' id='line_1_2' title="bbox 201 793 1373 883; baseline 0.004 -23"><span class='ocrx_word' id='word_1_7' title='bbox 201 809 268 860; x_wconf 86' lang='lat' dir='ltr'>cst:</span> <span class='ocrx_word' id='word_1_8' title='bbox 300 793 382 864; x_wconf 89' lang='lat' dir='ltr'>dicit</span> <span class='ocrx_word' id='word_1_9' title='bbox 404 794 489 866; x_wconf 85' lang='lat' dir='ltr'>enirn</span> <span class='ocrx_word' id='word_1_10' title='bbox 521 813 588 864; x_wconf 89' lang='lat' dir='ltr'>non</span> <span class='ocrx_word' id='word_1_11' title='bbox 616 815 635 862; x_wconf 89' lang='lat' dir='ltr'>a</span> <span class='ocrx_word' id='word_1_12' title='bbox 658 795 818 878; x_wconf 87' lang='lat' dir='ltr'>praetoris</span> <span class='ocrx_word' id='word_1_13' title='bbox 841 795 972 874; x_wconf 84' lang='lat' dir='ltr'>edicto,</span> <span class='ocrx_word' id='word_1_14' title='bbox 996 812 1033 863; x_wconf 92' lang='lat' dir='ltr'>ut</span> <span class='ocrx_word' id='word_1_15' title='bbox 1052 813 1131 866; x_wconf 90' lang='lat' dir='ltr'>tunc</span> <span class='ocrx_word' id='word_1_16' title='bbox 1153 799 1301 883; x_wconf 86' lang='lat' dir='ltr'><strong>plerique</strong></span> <span class='ocrx_word' id='word_1_17' title='bbox 1323 798 1373 866; x_wconf 87' lang='lat' dir='ltr'>fa·</span> 
     </span>
     <span class='ocr_line' id='line_1_3' title="bbox 202 905 1373 996; baseline 0.005 -25"><span class='ocrx_word' id='word_1_18' title='bbox 202 905 355 990; x_wconf 80' lang='lat' dir='ltr'>ciebant,</span> <span class='ocrx_word' id='word_1_19' title='bbox 378 927 487 992; x_wconf 84' lang='lat' dir='ltr'>neque</span> <span class='ocrx_word' id='word_1_20' title='bbox 508 929 526 974; x_wconf 84' lang='lat' dir='ltr'>a</span> <span class='ocrx_word' id='word_1_21' title='bbox 548 909 612 976; x_wconf 85' lang='lat' dir='ltr'>llll</span> <span class='ocrx_word' id='word_1_22' title='bbox 635 908 777 988; x_wconf 88' lang='lat' dir='ltr'>tabulis,</span> <span class='ocrx_word' id='word_1_23' title='bbox 811 923 848 975; x_wconf 91' lang='lat' dir='ltr'>ut</span> <span class='ocrx_word' id='word_1_24' title='bbox 870 910 1078 994; x_wconf 81' lang='lat' dir='ltr'>superiores,</span> <span class='ocrx_word' id='word_1_25' title='bbox 1101 912 1160 978; x_wconf 87' lang='lat' dir='ltr'>sed</span> <span class='ocrx_word' id='word_1_26' title='bbox 1179 912 1313 996; x_wconf 91' lang='lat' dir='ltr'>penitus</span> <span class='ocrx_word' id='word_1_27' title='bbox 1332 932 1373 977; x_wconf 85' lang='lat' dir='ltr'>ex</span> 
     </span>
     <span class='ocr_line' id='line_1_4' title="bbox 202 1017 1372 1109; baseline 0.004 -25"><span class='ocrx_word' id='word_1_28' title='bbox 202 1017 315 1086; x_wconf 88' lang='lat' dir='ltr'>intima</span> <span class='ocrx_word' id='word_1_29' title='bbox 342 1020 551 1104; x_wconf 88' lang='lat' dir='ltr'>philosophia</span> <span class='ocrx_word' id='word_1_30' title='bbox 574 1020 782 1098; x_wconf 76' lang='lat' dir='ltr'>hauriendam</span> <span class='ocrx_word' id='word_1_31' title='bbox 804 1021 887 1107; x_wconf 88' lang='lat' dir='ltr'>juris</span> <span class='ocrx_word' id='word_1_32' title='bbox 908 1021 1125 1106; x_wconf 81' lang='lat' dir='ltr'>disciplinam.</span> <span class='ocrx_word' id='word_1_33' title='bbox 1168 1024 1206 1090; x_wconf 92' lang='lat' dir='ltr'>In</span> <span class='ocrx_word' id='word_1_34' title='bbox 1224 1026 1289 1092; x_wconf 88' lang='lat' dir='ltr'>hoc</span> <span class='ocrx_word' id='word_1_35' title='bbox 1311 1024 1372 1109; x_wconf 80' lang='lat' dir='ltr'>igi-</span> 
     </span>
     <span class='ocr_line' id='line_1_5' title="bbox 201 1132 1372 1217; baseline 0.005 -21"><span class='ocrx_word' id='word_1_36' title='bbox 201 1147 252 1197; x_wconf 91' lang='lat' dir='ltr'>tur</span> <span class='ocrx_word' id='word_1_37' title='bbox 283 1132 389 1215; x_wconf 89' lang='lat' dir='ltr'>prima</span> <span class='ocrx_word' id='word_1_38' title='bbox 420 1151 489 1200; x_wconf 87' lang='lat' dir='ltr'>csse</span> <span class='ocrx_word' id='word_1_39' title='bbox 521 1133 619 1199; x_wconf 89' lang='lat' dir='ltr'>debet</span> <span class='ocrx_word' id='word_1_40' title='bbox 642 1153 737 1200; x_wconf 88' lang='lat' dir='ltr'>cura:</span> <span class='ocrx_word' id='word_1_41' title='bbox 759 1153 820 1200; x_wconf 86' lang='lat' dir='ltr'>nec</span> <span class='ocrx_word' id='word_1_42' title='bbox 840 1153 953 1217; x_wconf 85' lang='lat' dir='ltr'>parum</span> <span class='ocrx_word' id='word_1_43' title='bbox 977 1149 1084 1201; x_wconf 87' lang='lat' dir='ltr'>tamen</span> <span class='ocrx_word' id='word_1_44' title='bbox 1108 1134 1148 1200; x_wconf 92' lang='lat' dir='ltr'>ad</span> <span class='ocrx_word' id='word_1_45' title='bbox 1177 1135 1372 1203; x_wconf 85' lang='lat' dir='ltr'>confirman-</span> 
     </span>
     <span class='ocr_line' id='line_1_6' title="bbox 202 1243 1372 1332; baseline 0.003 -22"><span class='ocrx_word' id='word_1_46' title='bbox 202 1243 275 1310; x_wconf 89' lang='lat' dir='ltr'>dam</span> <span class='ocrx_word' id='word_1_47' title='bbox 298 1243 394 1312; x_wconf 85' lang='lat' dir='ltr'>fidem</span> <span class='ocrx_word' id='word_1_48' title='bbox 428 1245 538 1327; x_wconf 82' lang='lat' dir='ltr'>valet,</span> <span class='ocrx_word' id='word_1_49' title='bbox 562 1244 589 1310; x_wconf 88' lang='lat' dir='ltr'>si</span> <span class='ocrx_word' id='word_1_50' title='bbox 614 1245 705 1327; x_wconf 94' lang='lat' dir='ltr'>quod</span> <span class='ocrx_word' id='word_1_51' title='bbox 724 1247 789 1330; x_wconf 89' lang='lat' dir='ltr'>jam</span> <span class='ocrx_word' id='word_1_52' title='bbox 811 1245 907 1311; x_wconf 92' lang='lat' dir='ltr'>nobis</span> <span class='ocrx_word' id='word_1_53' title='bbox 930 1246 1069 1313; x_wconf 85' lang='lat' dir='ltr'>naturali</span> <span class='ocrx_word' id='word_1_54' title='bbox 1091 1247 1218 1313; x_wconf 85' lang='lat' dir='ltr'>ratione</span> <span class='ocrx_word' id='word_1_55' title='bbox 1239 1268 1372 1332; x_wconf 88' lang='lat' dir='ltr'>persua-</span> 
     </span>
     <span class='ocr_line' id='line_1_7' title="bbox 201 1356 1372 1441; baseline 0.004 -20"><span class='ocrx_word' id='word_1_56' title='bbox 201 1375 274 1422; x_wconf 89' lang='lat' dir='ltr'>sum</span> <span class='ocrx_word' id='word_1_57' title='bbox 303 1370 376 1437; x_wconf 85' lang='lat' dir='ltr'>est,</span> <span class='ocrx_word' id='word_1_58' title='bbox 408 1375 500 1422; x_wconf 86' lang='lat' dir='ltr'>sacra</span> <span class='ocrx_word' id='word_1_59' title='bbox 522 1356 716 1424; x_wconf 84' lang='lat' dir='ltr'>auctoritate</span> <span class='ocrx_word' id='word_1_60' title='bbox 739 1357 993 1441; x_wconf 82' lang='lat' dir='ltr'>comprobetur,</span> <span class='ocrx_word' id='word_1_61' title='bbox 1016 1373 1074 1424; x_wconf 89' lang='lat' dir='ltr'>aut</span> <span class='ocrx_word' id='word_1_62' title='bbox 1096 1359 1182 1425; x_wconf 90' lang='lat' dir='ltr'>idem</span> <span class='ocrx_word' id='word_1_63' title='bbox 1202 1359 1372 1426; x_wconf 87' lang='lat' dir='ltr'>videamus</span> 
     </span>
     <span class='ocr_line' id='line_1_8' title="bbox 201 1467 1374 1556; baseline 0.003 -21"><span class='ocrx_word' id='word_1_64' title='bbox 201 1467 403 1551; x_wconf 81' lang='lat' dir='ltr'>sapientibus</span> <span class='ocrx_word' id='word_1_65' title='bbox 438 1468 602 1552; x_wconf 86' lang='lat' dir='ltr'>quondam</span> <span class='ocrx_word' id='word_1_66' title='bbox 635 1469 717 1536; x_wconf 88' lang='lat' dir='ltr'>viris</span> <span class='ocrx_word' id='word_1_67' title='bbox 750 1484 784 1535; x_wconf 89' lang='lat' dir='ltr'>et</span> <span class='ocrx_word' id='word_1_68' title='bbox 813 1469 1044 1537; x_wconf 83' lang='lat' dir='ltr'>laudatissimis</span> <span class='ocrx_word' id='word_1_69' title='bbox 1080 1472 1269 1538; x_wconf 84' lang='lat' dir='ltr'>nationibus</span> <span class='ocrx_word' id='word_1_70' title='bbox 1304 1475 1374 1556; x_wconf 91' lang='lat' dir='ltr'>pla·</span> 
     </span>
     <span class='ocr_line' id='line_1_9' title="bbox 202 1579 1460 1667; baseline 0.006 -22"><span class='ocrx_word' id='word_1_71' title='bbox 202 1580 319 1646; x_wconf 88' lang='lat' dir='ltr'>cuisse.</span> <span class='ocrx_word' id='word_1_72' title='bbox 367 1579 458 1646; x_wconf 90' lang='lat' dir='ltr'>Ordo</span> <span class='ocrx_word' id='word_1_73' title='bbox 491 1595 598 1646; x_wconf 88' lang='lat' dir='ltr'>autem</span> <span class='ocrx_word' id='word_1_74' title='bbox 633 1581 785 1648; x_wconf 90' lang='lat' dir='ltr'>instituto</span> <span class='ocrx_word' id='word_1_75' title='bbox 817 1581 871 1647; x_wconf 91' lang='lat' dir='ltr'>hic</span> <span class='ocrx_word' id='word_1_76' title='bbox 896 1582 1073 1664; x_wconf 90' lang='lat' dir='ltr'>convenit,</span> <span class='ocrx_word' id='word_1_77' title='bbox 1106 1599 1145 1648; x_wconf 91' lang='lat' dir='ltr'>ut</span> <span class='ocrx_word' id='word_1_78' title='bbox 1165 1583 1260 1649; x_wconf 88' lang='lat' dir='ltr'>initio</span> <span class='ocrx_word' id='word_1_79' title='bbox 1291 1586 1375 1667; x_wconf 91' lang='lat' dir='ltr'>quid</span> <span class='ocrx_word' id='word_1_80' title='bbox 1386 1589 1460 1636; x_wconf 61' lang='lat' dir='ltr'>Ord-</span> 
     </span>
     <span class='ocr_line' id='line_1_10' title="bbox 201 1691 1372 1780; baseline 0.004 -23"><span class='ocrx_word' id='word_1_81' title='bbox 201 1691 381 1760; x_wconf 88' lang='lat' dir='ltr'>universim</span> <span class='ocrx_word' id='word_1_82' title='bbox 412 1706 511 1774; x_wconf 89' lang='lat' dir='ltr'>atque</span> <span class='ocrx_word' id='word_1_83' title='bbox 534 1692 567 1758; x_wconf 92' lang='lat' dir='ltr'>in</span> <span class='ocrx_word' id='word_1_84' title='bbox 589 1711 705 1777; x_wconf 84' lang='lat' dir='ltr'>genere</span> <span class='ocrx_word' id='word_1_85' title='bbox 725 1712 838 1759; x_wconf 90' lang='lat' dir='ltr'>verum</span> <span class='ocrx_word' id='word_1_86' title='bbox 861 1692 906 1758; x_wconf 91' lang='lat' dir='ltr'>sit</span> <span class='ocrx_word' id='word_1_87' title='bbox 927 1692 1119 1777; x_wconf 89' lang='lat' dir='ltr'>videamus,</span> <span class='ocrx_word' id='word_1_88' title='bbox 1144 1695 1245 1778; x_wconf 90' lang='lat' dir='ltr'>idque</span> <span class='ocrx_word' id='word_1_89' title='bbox 1265 1695 1372 1780; x_wconf 90' lang='lat' dir='ltr'>ipsum</span> 
     </span>
     <span class='ocr_line' id='line_1_11' title="bbox 202 1803 1374 1892; baseline 0.004 -22"><span class='ocrx_word' id='word_1_90' title='bbox 202 1805 429 1870; x_wconf 83' lang='lat' dir='ltr'>contrahamus</span> <span class='ocrx_word' id='word_1_91' title='bbox 449 1804 605 1887; x_wconf 88' lang='lat' dir='ltr'>paulatim</span> <span class='ocrx_word' id='word_1_92' title='bbox 630 1805 672 1870; x_wconf 92' lang='lat' dir='ltr'>ad</span> <span class='ocrx_word' id='word_1_93' title='bbox 690 1805 890 1888; x_wconf 89' lang='lat' dir='ltr'>propositam</span> <span class='ocrx_word' id='word_1_94' title='bbox 911 1803 988 1871; x_wconf 84' lang='lat' dir='ltr'>facti</span> <span class='ocrx_word' id='word_1_95' title='bbox 1007 1807 1160 1890; x_wconf 84' lang='lat' dir='ltr'>speciem.</span> <span class='ocrx_word' id='word_1_96' title='bbox 1185 1808 1251 1873; x_wconf 78' lang='lat' dir='ltr'>Sed</span> <span class='ocrx_word' id='word_1_97' title='bbox 1261 1827 1374 1892; x_wconf 89' lang='lat' dir='ltr'>quem·</span> 
     </span>
     <span class='ocr_line' id='line_1_12' title="bbox 202 1915 1374 2000; baseline 0.005 -19"><span class='ocrx_word' id='word_1_98' title='bbox 202 1915 374 1984; x_wconf 90' lang='lat' dir='ltr'>admodum</span> <span class='ocrx_word' id='word_1_99' title='bbox 427 1915 670 1999; x_wconf 77' lang='lat' dir='ltr'>mathematici,</span> <span class='ocrx_word' id='word_1_100' title='bbox 713 1917 903 2000; x_wconf 88' lang='lat' dir='ltr'>priusquam</span> <span class='ocrx_word' id='word_1_101' title='bbox 944 1918 1031 2000; x_wconf 88' lang='lat' dir='ltr'>ipsas</span> <span class='ocrx_word' id='word_1_102' title='bbox 1082 1919 1374 1994; x_wconf 85' lang='lat' dir='ltr'>demonstrationes</span> 
     </span>
     <span class='ocr_line' id='line_1_13' title="bbox 202 2027 1373 2116; baseline 0.005 -24"><span class='ocrx_word' id='word_1_103' title='bbox 202 2027 452 2112; x_wconf 83' lang='lat' dir='ltr'>aggrediantur,</span> <span class='ocrx_word' id='word_1_104' title='bbox 475 2046 664 2094; x_wconf 84' lang='lat' dir='ltr'>communes</span> <span class='ocrx_word' id='word_1_105' title='bbox 686 2029 840 2110; x_wconf 89' lang='lat' dir='ltr'>quasdam</span> <span class='ocrx_word' id='word_1_106' title='bbox 862 2031 970 2098; x_wconf 85' lang='lat' dir='ltr'>soleat</span> <span class='ocrx_word' id='word_1_107' title='bbox 994 2031 1169 2112; x_wconf 86' lang='lat' dir='ltr'>notiones,</span> <span class='ocrx_word' id='word_1_108' title='bbox 1188 2031 1229 2098; x_wconf 86' lang='lat' dir='ltr'>de</span> <span class='ocrx_word' id='word_1_109' title='bbox 1251 2033 1373 2116; x_wconf 90' lang='lat' dir='ltr'>quibus</span> 
     </span>
     <span class='ocr_line' id='line_1_14' title="bbox 204 2138 1374 2227; baseline 0.004 -23"><span class='ocrx_word' id='word_1_110' title='bbox 204 2139 288 2204; x_wconf 89' lang='lat' dir='ltr'>inter</span> <span class='ocrx_word' id='word_1_111' title='bbox 329 2159 442 2206; x_wconf 88' lang='lat' dir='ltr'>omnes</span> <span class='ocrx_word' id='word_1_112' title='bbox 476 2138 571 2206; x_wconf 90' lang='lat' dir='ltr'>facile</span> <span class='ocrx_word' id='word_1_113' title='bbox 601 2155 730 2208; x_wconf 86' lang='lat' dir='ltr'>constat</span> <span class='ocrx_word' id='word_1_114' title='bbox 762 2142 1002 2224; x_wconf 88' lang='lat' dir='ltr'>praescribere,</span> <span class='ocrx_word' id='word_1_115' title='bbox 1035 2158 1073 2208; x_wconf 90' lang='lat' dir='ltr'>ut</span> <span class='ocrx_word' id='word_1_116' title='bbox 1108 2141 1211 2208; x_wconf 86' lang='lat' dir='ltr'>lixum</span> <span class='ocrx_word' id='word_1_117' title='bbox 1248 2144 1374 2227; x_wconf 88' lang='lat' dir='ltr'>aliquid</span> 
     </span>
     <span class='ocr_line' id='line_1_15' title="bbox 202 2251 1373 2342; baseline 0.005 -24"><span class='ocrx_word' id='word_1_118' title='bbox 202 2251 267 2333; x_wconf 90' lang='lat' dir='ltr'>sit,</span> <span class='ocrx_word' id='word_1_119' title='bbox 303 2252 336 2317; x_wconf 87' lang='lat' dir='ltr'>in</span> <span class='ocrx_word' id='word_1_120' title='bbox 366 2271 434 2334; x_wconf 90' lang='lat' dir='ltr'>quo</span> <span class='ocrx_word' id='word_1_121' title='bbox 456 2266 544 2318; x_wconf 90' lang='lat' dir='ltr'>retro</span> <span class='ocrx_word' id='word_1_122' title='bbox 562 2252 691 2318; x_wconf 77' lang='lat' dir='ltr'>derium</span> <span class='ocrx_word' id='word_1_123' title='bbox 720 2254 927 2335; x_wconf 79' lang='lat' dir='ltr'>sequentium</span> <span class='ocrx_word' id='word_1_124' title='bbox 959 2255 1135 2337; x_wconf 88' lang='lat' dir='ltr'>probatio,</span> <span class='ocrx_word' id='word_1_125' title='bbox 1158 2254 1203 2322; x_wconf 85' lang='lat' dir='ltr'>ita</span> <span class='ocrx_word' id='word_1_126' title='bbox 1225 2277 1285 2323; x_wconf 89' lang='lat' dir='ltr'>nos</span> <span class='ocrx_word' id='word_1_127' title='bbox 1307 2279 1373 2342; x_wconf 88' lang='lat' dir='ltr'>quo</span> 
     </span>
     <span class='ocr_line' id='line_1_16' title="bbox 201 2361 1375 2450; baseline 0.007 -22"><span class='ocrx_word' id='word_1_128' title='bbox 201 2361 448 2431; x_wconf 83' lang='lat' dir='ltr'>srmdamentum</span> <span class='ocrx_word' id='word_1_129' title='bbox 481 2365 625 2447; x_wconf 82' lang='lat' dir='ltr'>positum</span> <span class='ocrx_word' id='word_1_130' title='bbox 661 2365 860 2448; x_wconf 86' lang='lat' dir='ltr'>habeamus,</span> <span class='ocrx_word' id='word_1_131' title='bbox 903 2366 957 2432; x_wconf 92' lang='lat' dir='ltr'>cui</span> <span class='ocrx_word' id='word_1_132' title='bbox 998 2382 1072 2433; x_wconf 88' lang='lat' dir='ltr'>tuto</span> <span class='ocrx_word' id='word_1_133' title='bbox 1108 2383 1375 2450; x_wconf 87' lang='lat' dir='ltr'>superstruantur</span> 
     </span>
     <span class='ocr_line' id='line_1_17' title="bbox 202 2477 1375 2564; baseline 0.007 -25"><span class='ocrx_word' id='word_1_134' title='bbox 202 2489 351 2555; x_wconf 86' lang='lat' dir='ltr'>caetera,</span> <span class='ocrx_word' id='word_1_135' title='bbox 374 2477 502 2561; x_wconf 81' lang='lat' dir='ltr'>regulas</span> <span class='ocrx_word' id='word_1_136' title='bbox 524 2478 678 2560; x_wconf 88' lang='lat' dir='ltr'>quasdam</span> <span class='ocrx_word' id='word_1_137' title='bbox 701 2492 734 2542; x_wconf 89' lang='lat' dir='ltr'>et</span> <span class='ocrx_word' id='word_1_138' title='bbox 754 2479 842 2562; x_wconf 83' lang='lat' dir='ltr'>leges</span> <span class='ocrx_word' id='word_1_139' title='bbox 865 2479 1003 2544; x_wconf 86' lang='lat' dir='ltr'>maxime</span> <span class='ocrx_word' id='word_1_140' title='bbox 1024 2481 1188 2564; x_wconf 86' lang='lat' dir='ltr'>generales</span> <span class='ocrx_word' id='word_1_141' title='bbox 1214 2480 1375 2547; x_wconf 85' lang='lat' dir='ltr'>indicabi-</span> 
     </span>
     <span class='ocr_line' id='line_1_18' title="bbox 202 2588 1373 2677; baseline 0.007 -25"><span class='ocrx_word' id='word_1_142' title='bbox 202 2607 301 2661; x_wconf 83' lang='lat' dir='ltr'>mus,</span> <span class='ocrx_word' id='word_1_143' title='bbox 336 2591 429 2655; x_wconf 92' lang='lat' dir='ltr'>velut</span> <span class='ocrx_word' id='word_1_144' title='bbox 460 2588 734 2672; x_wconf 75' lang='lat' dir='ltr'>andcipationes,</span> <span class='ocrx_word' id='word_1_145' title='bbox 770 2608 851 2670; x_wconf 88' lang='lat' dir='ltr'>quas</span> <span class='ocrx_word' id='word_1_146' title='bbox 884 2609 950 2655; x_wconf 92' lang='lat' dir='ltr'>non</span> <span class='ocrx_word' id='word_1_147' title='bbox 983 2605 1048 2656; x_wconf 87' lang='lat' dir='ltr'>tam</span> <span class='ocrx_word' id='word_1_148' title='bbox 1077 2590 1199 2657; x_wconf 89' lang='lat' dir='ltr'>discere</span> <span class='ocrx_word' id='word_1_149' title='bbox 1230 2593 1373 2677; x_wconf 89' lang='lat' dir='ltr'>aliquis,</span> 
     </span>
     <span class='ocr_line' id='line_1_19' title="bbox 203 2699 1373 2782; baseline 0.006 -18"><span class='ocrx_word' id='word_1_150' title='bbox 203 2719 298 2781; x_wconf 87' lang='lat' dir='ltr'>quarn</span> <span class='ocrx_word' id='word_1_151' title='bbox 311 2699 474 2766; x_wconf 86' lang='lat' dir='ltr'>reminisci</span> <span class='ocrx_word' id='word_1_152' title='bbox 487 2701 611 2766; x_wconf 84' lang='lat' dir='ltr'>debeat</span> <span class='ocrx_word' id='word_1_153' title='bbox 657 2701 739 2766; x_wconf 88' lang='lat' dir='ltr'>Earn</span> <span class='ocrx_word' id='word_1_154' title='bbox 762 2701 804 2766; x_wconf 87' lang='lat' dir='ltr'>ad</span> <span class='ocrx_word' id='word_1_155' title='bbox 821 2721 889 2766; x_wconf 90' lang='lat' dir='ltr'>rem</span> <span class='ocrx_word' id='word_1_156' title='bbox 899 2701 1057 2770; x_wconf 87' lang='lat' dir='ltr'>novitatis</span> <span class='ocrx_word' id='word_1_157' title='bbox 1068 2701 1265 2782; x_wconf 87' lang='lat' dir='ltr'>mibi,forte</span> <span class='ocrx_word' id='word_1_158' title='bbox 1276 2705 1373 2771; x_wconf 91' lang='lat' dir='ltr'>etiam</span> 
     </span>
     <span class='ocr_line' id='line_1_20' title="bbox 201 2810 1374 2900; baseline 0.004 -24"><span class='ocrx_word' id='word_1_159' title='bbox 201 2810 398 2894; x_wconf 88' lang='lat' dir='ltr'>prolixitatis</span> <span class='ocrx_word' id='word_1_160' title='bbox 419 2811 514 2877; x_wconf 88' lang='lat' dir='ltr'>venia</span> <span class='ocrx_word' id='word_1_161' title='bbox 526 2812 647 2878; x_wconf 85' lang='lat' dir='ltr'>oranda</span> <span class='ocrx_word' id='word_1_162' title='bbox 659 2826 717 2878; x_wconf 89' lang='lat' dir='ltr'>est.</span> <span class='ocrx_word' id='word_1_163' title='bbox 763 2811 938 2878; x_wconf 85' lang='lat' dir='ltr'>Lectorum</span> <span class='ocrx_word' id='word_1_164' title='bbox 950 2813 1060 2896; x_wconf 85' lang='lat' dir='ltr'>itaque</span> <span class='ocrx_word' id='word_1_165' title='bbox 1071 2813 1259 2897; x_wconf 84' lang='lat' dir='ltr'>patientiam</span> <span class='ocrx_word' id='word_1_166' title='bbox 1271 2835 1374 2900; x_wconf 87' lang='lat' dir='ltr'>rogo,</span> 
     </span>
     <span class='ocr_line' id='line_1_21' title="bbox 203 2922 1373 3006; baseline 0.003 -18"><span class='ocrx_word' id='word_1_167' title='bbox 203 2938 241 2988; x_wconf 91' lang='lat' dir='ltr'>ut</span> <span class='ocrx_word' id='word_1_168' title='bbox 271 2922 361 3005; x_wconf 91' lang='lat' dir='ltr'>quod</span> <span class='ocrx_word' id='word_1_169' title='bbox 384 2943 418 2989; x_wconf 89' lang='lat' dir='ltr'>re</span> <span class='ocrx_word' id='word_1_170' title='bbox 441 2923 511 3006; x_wconf 87' lang='lat' dir='ltr'>ipsa</span> <span class='ocrx_word' id='word_1_171' title='bbox 530 2924 817 3006; x_wconf 87' lang='lat' dir='ltr'>comprobabitur,</span> <span class='ocrx_word' id='word_1_172' title='bbox 841 2923 875 2988; x_wconf 93' lang='lat' dir='ltr'>id</span> <span class='ocrx_word' id='word_1_173' title='bbox 893 2943 981 2990; x_wconf 88' lang='lat' dir='ltr'>nunc</span> <span class='ocrx_word' id='word_1_174' title='bbox 1010 2924 1090 2991; x_wconf 91' lang='lat' dir='ltr'>milri</span> <span class='ocrx_word' id='word_1_175' title='bbox 1113 2925 1146 2990; x_wconf 92' lang='lat' dir='ltr'>in</span> <span class='ocrx_word' id='word_1_176' title='bbox 1172 2940 1373 2993; x_wconf 84' lang='lat' dir='ltr'>antecessum</span> 
     </span>
     <span class='ocr_line' id='line_1_22' title="bbox 204 3034 1375 3122; baseline 0.004 -23"><span class='ocrx_word' id='word_1_177' title='bbox 204 3034 360 3116; x_wconf 88' lang='lat' dir='ltr'>credant,</span> <span class='ocrx_word' id='word_1_178' title='bbox 394 3035 423 3100; x_wconf 90' lang='lat' dir='ltr'>si</span> <span class='ocrx_word' id='word_1_179' title='bbox 453 3035 546 3118; x_wconf 87' lang='lat' dir='ltr'>quod</span> <span class='ocrx_word' id='word_1_180' title='bbox 578 3035 721 3101; x_wconf 88' lang='lat' dir='ltr'>taedium</span> <span class='ocrx_word' id='word_1_181' title='bbox 745 3035 925 3102; x_wconf 85' lang='lat' dir='ltr'>creaverim</span> <span class='ocrx_word' id='word_1_182' title='bbox 956 3035 1136 3120; x_wconf 87' lang='lat' dir='ltr'>principia,</span> <span class='ocrx_word' id='word_1_183' title='bbox 1161 3053 1199 3103; x_wconf 87' lang='lat' dir='ltr'>ut</span> <span class='ocrx_word' id='word_1_184' title='bbox 1226 3038 1375 3122; x_wconf 91' lang='lat' dir='ltr'>plerique</span> 
     </span>
     <span class='ocr_line' id='line_1_23' title="bbox 203 3146 1374 3233; baseline 0.002 -21"><span class='ocrx_word' id='word_1_185' title='bbox 203 3146 435 3213; x_wconf 87' lang='lat' dir='ltr'>existimabunt</span> <span class='ocrx_word' id='word_1_186' title='bbox 456 3147 536 3214; x_wconf 86' lang='lat' dir='ltr'>satis</span> <span class='ocrx_word' id='word_1_187' title='bbox 556 3147 708 3232; x_wconf 86' lang='lat' dir='ltr'>cognita,</span> <span class='ocrx_word' id='word_1_188' title='bbox 733 3162 771 3212; x_wconf 90' lang='lat' dir='ltr'>ut</span> <span class='ocrx_word' id='word_1_189' title='bbox 801 3167 913 3214; x_wconf 86' lang='lat' dir='ltr'>omnes</span> <span class='ocrx_word' id='word_1_190' title='bbox 935 3147 1033 3215; x_wconf 86' lang='lat' dir='ltr'>altius</span> <span class='ocrx_word' id='word_1_191' title='bbox 1056 3149 1217 3232; x_wconf 88' lang='lat' dir='ltr'>repetita,</span> <span class='ocrx_word' id='word_1_192' title='bbox 1240 3151 1304 3216; x_wconf 88' lang='lat' dir='ltr'>lroc</span> <span class='ocrx_word' id='word_1_193' title='bbox 1326 3149 1374 3233; x_wconf 91' lang='lat' dir='ltr'>ip-</span> 
     </span>
     <span class='ocr_line' id='line_1_24' title="bbox 201 3257 1373 3345; baseline 0.003 -21"><span class='ocrx_word' id='word_1_194' title='bbox 201 3277 272 3324; x_wconf 90' lang='lat' dir='ltr'>sum</span> <span class='ocrx_word' id='word_1_195' title='bbox 294 3258 508 3324; x_wconf 89' lang='lat' dir='ltr'>defluentium</span> <span class='ocrx_word' id='word_1_196' title='bbox 530 3257 605 3324; x_wconf 89' lang='lat' dir='ltr'>inde</span> <span class='ocrx_word' id='word_1_197' title='bbox 626 3274 890 3344; x_wconf 86' lang='lat' dir='ltr'>argumentorum</span> <span class='ocrx_word' id='word_1_198' title='bbox 914 3260 1110 3326; x_wconf 90' lang='lat' dir='ltr'>certitudine</span> <span class='ocrx_word' id='word_1_199' title='bbox 1129 3277 1373 3345; x_wconf 90' lang='lat' dir='ltr'>compensatum</span> 
     </span>
     <span class='ocr_line' id='line_1_25' title="bbox 201 3368 1374 3456; baseline 0.004 -21"><span class='ocrx_word' id='word_1_200' title='bbox 201 3371 251 3436; x_wconf 93' lang='lat' dir='ltr'>iri.</span> <span class='ocrx_word' id='word_1_201' title='bbox 299 3370 406 3436; x_wconf 87' lang='lat' dir='ltr'>Etiam</span> <span class='ocrx_word' id='word_1_202' title='bbox 437 3369 522 3435; x_wconf 91' lang='lat' dir='ltr'>illud</span> <span class='ocrx_word' id='word_1_203' title='bbox 544 3369 633 3435; x_wconf 90' lang='lat' dir='ltr'>haud</span> <span class='ocrx_word' id='word_1_204' title='bbox 654 3368 739 3437; x_wconf 89' lang='lat' dir='ltr'>falso</span> <span class='ocrx_word' id='word_1_205' title='bbox 757 3371 873 3453; x_wconf 89' lang='lat' dir='ltr'>utique</span> <span class='ocrx_word' id='word_1_206' title='bbox 896 3372 1142 3453; x_wconf 85' lang='lat' dir='ltr'>affirmaverim,</span> <span class='ocrx_word' id='word_1_207' title='bbox 1164 3375 1374 3456; x_wconf 89' lang='lat' dir='ltr'>quaestiones</span> 
     </span>
     <span class='ocr_line' id='line_1_26' title="bbox 199 3481 1373 3580; baseline 0.004 -33"><span class='ocrx_word' id='word_1_208' title='bbox 199 3482 281 3568; x_wconf 89' lang='lat' dir='ltr'>juris</span> <span class='ocrx_word' id='word_1_209' title='bbox 305 3481 438 3559; x_wconf 84' lang='lat' dir='ltr'>bellici,</span> <span class='ocrx_word' id='word_1_210' title='bbox 463 3501 546 3563; x_wconf 88' lang='lat' dir='ltr'>quae</span> <span class='ocrx_word' id='word_1_211' title='bbox 568 3482 864 3564; x_wconf 85' lang='lat' dir='ltr'>perturbatissimae</span> <span class='ocrx_word' id='word_1_212' title='bbox 886 3484 1044 3549; x_wconf 88' lang='lat' dir='ltr'>hactenus</span> <span class='ocrx_word' id='word_1_213' title='bbox 1069 3484 1224 3580; x_wconf 71' lang='lat' dir='ltr'>fuerunt,</span> <span class='ocrx_word' id='word_1_214' title='bbox 1248 3486 1373 3552; x_wconf 86' lang='lat' dir='ltr'>etiamsi</span> 
     </span>
     <span class='ocr_line' id='line_1_27' title="bbox 203 3594 1374 3683; baseline 0.005 -25"><span class='ocrx_word' id='word_1_215' title='bbox 203 3594 256 3659; x_wconf 90' lang='lat' dir='ltr'>hic</span> <span class='ocrx_word' id='word_1_216' title='bbox 276 3613 389 3661; x_wconf 90' lang='lat' dir='ltr'>omnes</span> <span class='ocrx_word' id='word_1_217' title='bbox 422 3612 590 3676; x_wconf 84' lang='lat' dir='ltr'>expressae</span> <span class='ocrx_word' id='word_1_218' title='bbox 620 3609 826 3678; x_wconf 89' lang='lat' dir='ltr'>nonerunt,</span> <span class='ocrx_word' id='word_1_219' title='bbox 855 3615 896 3660; x_wconf 85' lang='lat' dir='ltr'>ex</span> <span class='ocrx_word' id='word_1_220' title='bbox 918 3595 1031 3661; x_wconf 90' lang='lat' dir='ltr'>iisdem</span> <span class='ocrx_word' id='word_1_221' title='bbox 1062 3611 1170 3664; x_wconf 83' lang='lat' dir='ltr'>tamen</span> <span class='ocrx_word' id='word_1_222' title='bbox 1203 3599 1374 3683; x_wconf 88' lang='lat' dir='ltr'>principiis</span> 
     </span>
     <span class='ocr_line' id='line_1_28' title="bbox 202 3705 1374 3792; baseline 0.003 -20"><span class='ocrx_word' id='word_1_223' title='bbox 202 3721 235 3772; x_wconf 92' lang='lat' dir='ltr'>et</span> <span class='ocrx_word' id='word_1_224' title='bbox 260 3706 369 3772; x_wconf 87' lang='lat' dir='ltr'>eadem</span> <span class='ocrx_word' id='word_1_225' title='bbox 391 3705 530 3772; x_wconf 90' lang='lat' dir='ltr'>docendi</span> <span class='ocrx_word' id='word_1_226' title='bbox 554 3705 679 3771; x_wconf 89' lang='lat' dir='ltr'>ratione</span> <span class='ocrx_word' id='word_1_227' title='bbox 701 3705 848 3789; x_wconf 88' lang='lat' dir='ltr'>expediri</span> <span class='ocrx_word' id='word_1_228' title='bbox 879 3727 975 3790; x_wconf 86' lang='lat' dir='ltr'>posse</span> <span class='ocrx_word' id='word_1_229' title='bbox 1002 3723 1102 3792; x_wconf 90' lang='lat' dir='ltr'>atque</span> <span class='ocrx_word' id='word_1_230' title='bbox 1133 3709 1272 3779; x_wconf 83' lang='lat' dir='ltr'>deliniri.</span> <span class='ocrx_word' id='word_1_231' title='bbox 1318 3711 1374 3776; x_wconf 79' lang='lat' dir='ltr'>Se·</span> 
     </span>
     <span class='ocr_line' id='line_1_29' title="bbox 202 3815 901 3904; baseline 0 -20"><span class='ocrx_word' id='word_1_232' title='bbox 202 3832 354 3903; x_wconf 80' lang='lat' dir='ltr'>quantur</span> <span class='ocrx_word' id='word_1_233' title='bbox 375 3815 565 3904; x_wconf 77' lang='lat' dir='ltr'>dogmatica</span> <span class='ocrx_word' id='word_1_234' title='bbox 586 3815 722 3902; x_wconf 61' lang='lat' dir='ltr'>dejure</span> <span class='ocrx_word' id='word_1_235' title='bbox 738 3817 901 3904; x_wconf 75' lang='lat' dir='ltr'>praedae.</span> 
     </span>
    </p>
   </div>
   <div class='ocr_carea' id='block_1_3' title="bbox 648 4001 928 4069">
    <p class='ocr_par' dir='ltr' id='par_1_3' title="bbox 648 4001 928 4069">
     <span class='ocr_line' id='line_1_30' title="bbox 648 4001 928 4069; baseline 0.007 -2"><span class='ocrx_word' id='word_1_236' title='bbox 648 4001 852 4068; x_wconf 90' lang='lat' dir='ltr'><strong>CAPUT</strong></span> <span class='ocrx_word' id='word_1_237' title='bbox 885 4004 928 4069; x_wconf 90' lang='grc' dir='ltr'>Π.</span> 
     </span>
    </p>
   </div>
   <div class='ocr_carea' id='block_1_4' title="bbox 224 4175 1350 4252">
    <p class='ocr_par' dir='ltr' id='par_1_4' title="bbox 224 4175 1350 4252">
     <span class='ocr_line' id='line_1_31' title="bbox 224 4175 1350 4252; baseline 0.005 -12"><span class='ocrx_word' id='word_1_238' title='bbox 224 4175 530 4252; x_wconf 75' lang='lat' dir='ltr'>PROLEGOMENA,</span> <span class='ocrx_word' id='word_1_239' title='bbox 555 4194 594 4239; x_wconf 88' lang='grc' dir='ltr'>ΙΝ</span> <span class='ocrx_word' id='word_1_240' title='bbox 618 4194 750 4246; x_wconf 74' lang='lat' dir='ltr'><strong>QUIBUS</strong></span> <span class='ocrx_word' id='word_1_241' title='bbox 774 4175 962 4245; x_wconf 71' lang='lat' dir='ltr'>REGULAE</span> <span class='ocrx_word' id='word_1_242' title='bbox 987 4198 1025 4244; x_wconf 83' lang='lat' dir='ltr'>1x</span> <span class='ocrx_word' id='word_1_243' title='bbox 1044 4199 1094 4246; x_wconf 82' lang='lat' dir='ltr'>ET</span> <span class='ocrx_word' id='word_1_244' title='bbox 1117 4179 1246 4248; x_wconf 81' lang='lat' dir='ltr'><strong>LEGES</strong></span> <span class='ocrx_word' id='word_1_245' title='bbox 1269 4200 1350 4247; x_wconf 78' lang='lat' dir='ltr'>xus.</span> 
     </span>
    </p>
   </div>
   <div class='ocr_carea' id='block_1_5' title="bbox 689 4339 884 4352">
    <p class='ocr_par' dir='ltr' id='par_1_5' title="bbox 689 4339 884 4352">
     <span class='ocr_line' id='line_1_32' title="bbox 689 4339 884 4352; baseline 0.01 -2"><span class='ocrx_word' id='word_1_246' title='bbox 689 4339 884 4352; x_wconf 57' lang='grc' dir='ltr'>-ιι--ι-ια-</span> 
     </span>
    </p>
   </div>
   <div class='ocr_carea' id='block_1_6' title="bbox 204 4431 1519 4639">
    <p class='ocr_par' dir='ltr' id='par_1_6' title="bbox 204 4431 1519 4639">
     <span class='ocr_line' id='line_1_33' title="bbox 246 4431 1375 4526; baseline 0.006 -26"><span class='ocrx_word' id='word_1_247' title='bbox 246 4433 344 4502; x_wconf 89' lang='lat' dir='ltr'>Undc</span> <span class='ocrx_word' id='word_1_248' title='bbox 377 4433 472 4498; x_wconf 90' lang='lat' dir='ltr'>nobis</span> <span class='ocrx_word' id='word_1_249' title='bbox 491 4431 711 4516; x_wconf 87' lang='lat' dir='ltr'>principium,</span> <span class='ocrx_word' id='word_1_250' title='bbox 734 4434 797 4502; x_wconf 90' lang='lat' dir='ltr'>nisi</span> <span class='ocrx_word' id='word_1_251' title='bbox 821 4435 860 4500; x_wconf 90' lang='lat' dir='ltr'>ab</span> <span class='ocrx_word' id='word_1_252' title='bbox 880 4435 952 4519; x_wconf 89' lang='lat' dir='ltr'>ipso</span> <span class='ocrx_word' id='word_1_253' title='bbox 971 4436 1161 4521; x_wconf 76' lang='lat' dir='ltr'>principio‘.²</span> <span class='ocrx_word' id='word_1_254' title='bbox 1185 4439 1292 4517; x_wconf 84' lang='lat' dir='ltr'>Prima</span> <span class='ocrx_word' id='word_1_255' title='bbox 1314 4441 1375 4526; x_wconf 84' lang='lat' dir='ltr'>igi-</span> 
     </span>
     <span class='ocr_line' id='line_1_34' title="bbox 204 4544 1519 4639; baseline 0.004 -27"><span class='ocrx_word' id='word_1_256' title='bbox 204 4561 258 4612; x_wconf 93' lang='lat' dir='ltr'>tur</span> <span class='ocrx_word' id='word_1_257' title='bbox 279 4561 348 4612; x_wconf 84' lang='lat' dir='ltr'>esto</span> <span class='ocrx_word' id='word_1_258' title='bbox 370 4547 506 4629; x_wconf 79' lang='lat' dir='ltr'>regula,</span> <span class='ocrx_word' id='word_1_259' title='bbox 527 4565 628 4628; x_wconf 85' lang='lat' dir='ltr'>supra</span> <span class='ocrx_word' id='word_1_260' title='bbox 649 4565 745 4628; x_wconf 91' lang='lat' dir='ltr'>quam</span> <span class='ocrx_word' id='word_1_261' title='bbox 766 4547 869 4618; x_wconf 82' lang='lat' dir='ltr'>nibil:</span> <span class='ocrx_word' id='word_1_262' title='bbox 893 4544 991 4630; x_wconf 80' lang='lat' dir='ltr'>Quod</span> <span class='ocrx_word' id='word_1_263' title='bbox 1007 4549 1099 4614; x_wconf 76' lang='lat' dir='ltr'>Deus</span> <span class='ocrx_word' id='word_1_264' title='bbox 1120 4572 1152 4616; x_wconf 79' lang='lat' dir='ltr'>se</span> <span class='ocrx_word' id='word_1_265' title='bbox 1168 4551 1253 4619; x_wconf 73' lang='lat' dir='ltr'>aelle</span> <span class='ocrx_word' id='word_1_266' title='bbox 1272 4556 1375 4639; x_wconf 78' lang='lat' dir='ltr'>tigni·</span> <span class='ocrx_word' id='word_1_267' title='bbox 1392 4571 1519 4633; x_wconf 67' lang='lat' dir='ltr'>argutat.</span> 
     </span>
    </p>
   </div>
   <div class='ocr_carea' id='block_1_7' title="bbox 0 0 1730 5434">
    <p class='ocr_par' dir='ltr' id='par_1_7' title="bbox 0 0 1730 5434">
     <span class='ocr_line' id='line_1_35' title="bbox 0 0 1730 5434; baseline 0 0"><span class='ocrx_word' id='word_1_268' title='bbox 0 0 1730 5434; x_wconf 95' lang='lat' dir='ltr'> </span> 
     </span>
    </p>
   </div>
   <div class='ocr_carea' id='block_1_8' title="bbox 1724 4302 1726 5400">
    <p class='ocr_par' dir='ltr' id='par_1_8' title="bbox 1724 4302 1726 5400">
     <span class='ocr_line' id='line_1_36' title="bbox 1724 4302 1726 5400; baseline 0 0"><span class='ocrx_word' id='word_1_269' title='bbox 1724 4302 1726 5400; x_wconf 95' lang='lat' dir='ltr'> </span> 
     </span>
    </p>
   </div>
  </div>
 </body>
</html>
