3450 5434
533 651 579 696 on
602 651 696 715 June
721 651 904 740 anatona·
928 652 1008 698 cnr.
1033 651 1114 698 xur.
1362 635 1424 716 269

249 803 449 872 verissimam
483 805 701 888 exprimamus
731 805 951 886 sententiam,
983 820 1129 888 potestas
1163 819 1233 870 tota
1254 804 1367 872 civilis
1392 805 1425 871 in

248 917 415 1000 republica
446 917 589 997 residet,
621 917 676 982 cui
700 917 741 982 de
764 937 798 982 se
819 917 978 1000 competit
998 919 1179 1001 gubernare
1203 938 1239 984 se
1263 917 1365 1000 ipsam
1391 932 1423 982 et

251 1027 475 1094 administrare
506 1042 539 1092 et
569 1047 682 1094 omnes
710 1043 888 1111 potestates
919 1047 994 1094 suas
1026 1027 1060 1094 in
1093 1047 1266 1094 commune
1300 1028 1424 1094 bonum

250 1138 398 1224 dirigere.
445 1138 633 1221 Principum
664 1160 742 1205 vero
772 1155 920 1222 potestas
942 1140 1032 1204 nulla
1053 1140 1141 1222 justa
1163 1153 1235 1220 est,
1259 1138 1323 1206 nisi
1345 1159 1425 1220 qua·

250 1265 346 1316 tenus
369 1270 387 1315 a
409 1250 609 1333 reipublicae
640 1265 801 1332 potestate
820 1250 967 1316 derivata
987 1264 1036 1316 est
1057 1270 1116 1333 per
1139 1251 1332 1315 electionem
1355 1249 1425 1316 sive

251 1361 283 1426 in
304 1380 500 1444 personam,
524 1361 595 1428 sive
620 1361 653 1425 in
676 1359 829 1427 familiam
851 1364 881 1425 ¹:
906 1360 994 1427 unde
1018 1375 1051 1426 et
1065 1363 1121 1445 jus
1133 1361 1210 1426 belli
1225 1360 1425 1443 suscipiendi

250 1473 291 1538 ad
314 1471 495 1555 Principem
515 1471 672 1555 pertinet,
693 1472 853 1538 duntaxat
873 1491 938 1554 qua
959 1471 1050 1538 vices
1070 1471 1269 1554 reipublicae
1289 1472 1373 1557 gerit
1394 1486 1427 1537 et

251 1585 291 1650 ab
321 1603 357 1648 ea
389 1583 576 1649 mandatum
607 1583 734 1666 accepit
754 1578 779 1649 ³.
825 1583 921 1648 Prior
953 1583 1054 1667 igitur
1085 1584 1255 1668 majorque
1280 1599 1425 1666 potestas

249 1695 328 1760 belli
346 1694 512 1760 indicendi
532 1714 632 1777 penes
655 1695 758 1777 ipsam
773 1695 1007 1778 rempublicam
1022 1695 1115 1775 est³,
1141 1715 1225 1776 quae
1237 1695 1421 1778 Principem

250 1820 402 1872 censetur
430 1806 463 1871 in
491 1805 544 1872 his
570 1806 634 1871 sibi
661 1806 896 1888 substituisse,
922 1826 1005 1888 quae
1025 1806 1096 1888 ipsa
1118 1826 1229 1888 perse
1251 1807 1422 1872 commode

251 1917 374 1982 efficere
406 1936 471 1982 non
504 1917 619 2000 possit.
667 1918 783 1982 Manet
809 1937 886 2002 ergo
908 1917 1004 1983 etiarn
1025 1917 1209 1982 constituto
1234 1917 1423 2000 Principatu

251 2028 375 2112 integra
395 2043 541 2110 potestas
558 2028 759 2110 reipublicae
777 2029 813 2108 ⁴,
838 2029 920 2094 adeo
944 2029 1077 2111 quidem
1102 2043 1139 2095 ut
1158 2029 1242 2094 idem
1257 2029 1313 2093 ille
1326 2029 1422 2122 theo·

250 2140 346 2222 logus
366 2139 536 2222 Hispanus
554 2139 567 2172 ⁵
584 2159 682 2222 posse
703 2159 720 2204 a
740 2139 926 2223 Republica
947 2141 1064 2206 mutari
1087 2139 1255 2223 Principes
1277 2154 1309 2205 et
1330 2140 1423 2205 Prin·

249 2249 393 2332 cipatum
427 2251 468 2315 de
503 2269 619 2335 genere
650 2251 684 2316 in
717 2269 821 2335 genus
855 2251 1025 2318 transferri
1061 2252 1234 2318 Gallorum
1273 2253 1423 2333 exemplo

249 2362 378 2443 probet.
427 2361 515 2427 Hinc
544 2377 673 2428 constat
703 2363 944 2430 Hollandorum
968 2364 1201 2446 rempublicam
1226 2362 1322 2428 etiam
1347 2382 1420 2426 cunr

249 2471 433 2556 Principem
463 2474 599 2538 haberet
624 2475 699 2558 jure
728 2489 835 2539 tamen
854 2475 934 2540 belli
954 2474 1157 2558 suscipiendi
1178 2493 1245 2541 non
1267 2473 1423 2540 caruisse.

250 2585 336 2650 Nam
359 2584 484 2667 alioqui
508 2604 574 2650 non
594 2582 712 2651 fuisset
728 2584 791 2651 sibi
804 2586 988 2652 sufficiens:
1015 2606 1083 2667 quo
1096 2599 1291 2669 argumento
1303 2585 1422 2666 probat

250 2696 399 2762 Victoria
418 2703 430 2736 ⁶
449 2715 541 2780 reges
564 2696 714 2778 quamvis
733 2697 923 2779 Imperatori
936 2697 1106 2781 subjectos
1118 2697 1241 2760 bellum
1254 2695 1420 2778 suscipere

250 2828 316 2873 non
347 2805 461 2873 vetari.
506 2806 632 2872 Verum
666 2807 792 2873 etiamsi
823 2828 909 2890 quos
939 2807 1081 2874 Ordines
1103 2807 1242 2872 dicimus
1264 2825 1330 2872 non
1353 2808 1422 2889 ipsa

250 2933 357 2986 essent
381 2917 589 3001 respublica,
622 2919 681 2984 sed
712 2919 919 3003 magistratus
952 2939 970 2983 a
1001 2919 1168 3002 republica
1190 2917 1362 2984 constituti
1392 2932 1424 2982 et

249 3029 401 3112 Principe
422 3028 614 3110 inferiores,
639 3030 762 3095 bellurn
786 3045 894 3096 tamen
916 3031 1088 3115 publicum
1111 3048 1182 3095 esse
1203 3049 1270 3095 non
1291 3028 1421 3095 desinit.

248 3141 434 3206 Docuimus
457 3140 543 3206 enirn
567 3161 641 3206 curn
665 3140 816 3208 Victoria
834 3146 846 3186 ²
867 3142 1007 3226 aliisque
1031 3141 1247 3221 auctoribus,
1270 3139 1422 3223 Principe

248 3268 414 3332 cessante,
448 3271 546 3336 posse
569 3253 777 3338 magistratus
800 3252 969 3320 inferiores
990 3273 1057 3320 non
1080 3267 1206 3318 tantum
1232 3253 1422 3336 propulsare

247 3363 407 3448 injurias,
438 3364 496 3429 sed
519 3379 552 3430 et
572 3365 695 3431 bellurn
718 3365 889 3449 publicum
914 3364 1031 3432 inferre
1053 3366 1094 3431 ad
1114 3365 1301 3448 puniendos
1319 3367 1420 3430 male-

246 3473 385 3541 factores
406 3489 587 3542 extraneos.
612 3478 688 3564 Qua
699 3477 825 3543 ratione
837 3477 933 3544 etiam
946 3493 1070 3560 partem
1081 3477 1198 3560 populi
1211 3476 1422 3561 magistratus

248 3586 310 3653 sibi
341 3589 448 3671 legere
477 3607 575 3670 posse
596 3590 671 3655 vult
689 3588 912 3654 Covarruvias
932 3592 966 3670 ⁸,
991 3588 1118 3655 etiamsi
1141 3587 1189 3654 illi
1213 3566 1423 3673 magistratus

247 3698 327 3764 alias
356 3699 420 3765 nisi
443 3719 461 3765 a
484 3719 560 3784 rege
591 3698 749 3765 constitui
779 3719 845 3765 non
878 3700 1017 3782 possint.
1064 3699 1218 3764 Retinuit
1248 3699 1360 3780 enim,
1385 3713 1422 3763 ut
1459 3743 1464 3750 -

248 3809 304 3875 ille
328 3810 458 3894 inquit,
482 3813 627 3894 populus
645 3810 729 3896 juris
750 3811 907 3876 naturalis
925 3824 1141 3893 potestatem,
1167 3829 1232 3893 qua
1249 3810 1298 3877 uti
1311 3824 1423 3893 potest

252 4003 431 4015 ——.

284 4116 417 4168 ¹Covarr.
441 4121 466 4168 d.
491 4134 515 4169 c.
532 4124 617 4169 concl.
634 4134 659 4182 4.
676 4121 753 4180 vuq.
771 4133 794 4168 c.
813 4134 853 4168 ao.
872 4133 897 4168 n.
917 4133 957 4181 24.
976 4132 1001 4168 et
1019 4133 1073 4180 seq.
1091 4119 1160 4170 idem
1178 4134 1201 4170 c.
1220 4133 1263 4182 47.
1282 4134 1308 4169 n.
1327 4133 1351 4178 5.
1370 4123 1422 4172 Du-

248 4211 339 4259 randus
365 4212 397 4259 de
415 4211 477 4271 orig.
495 4209 586 4267 jurisd.
619 4208 716 4260 'vict
734 4211 766 4260 de
783 4209 839 4267 jure
858 4211 929 4260 belli.
947 4224 972 4259 n.
990 4212 1014 4259 6.
1049 4209 1156 4260 ³llenr.
1175 4211 1280 4260 Gorlch.
1299 4213 1330 4260 de
1350 4212 1422 4262 bello

247 4298 333 4362 justo,
356 4301 382 4349 in
406 4302 486 4362 praef.
503 4313 528 4351 et
553 4302 579 4350 in
596 4316 671 4363 prop.
692 4316 730 4352 ra.
746 4316 814 4362 resp.
831 4304 863 4352 ad
881 4304 927 4351 ult.
945 4314 1039 4363 argum.
1072 4300 1140 4350 ⁴1ta
1159 4305 1236 4351 docet
1255 4303 1380 4363 Vasquius
1400 4317 1423 4352 c.

246 4404 329 4451 47.n.
350 4405 388 4440 rt.
421 4392 517 4440 ‘Vico
535 4395 567 4442 de
585 4394 734 4450 lndis‚rel.
755 4407 776 4442 1.
792 4409 818 4455 p.
839 4408 860 4442 1.
878 4407 903 4442 n.
924 4393 961 4441 16.
996 4393 1062 4441 ⁸De
1080 4391 1136 4450 jure
1154 4391 1223 4443 belli.
1241 4407 1266 4442 n.
1285 4397 1308 4442 8.
1344 4392 1422 4442 ⁷lbi.

248 4496 273 4529 n.
291 4497 315 4543 9.
349 4481 459 4532 ’Proca
477 4497 574 4544 quaest.
593 4498 617 4533 c.
635 4498 661 4545 4.
679 4499 705 4533 n.
724 4498 747 4540 a.
