3450 5434
349 633 390 700 14
439 651 440 654 ¹
659 635 707 685 or
730 634 1033 702 June-rannone.
1057 635 1138 686 cnr.
1162 635 1203 684 rr.

216 809 267 856 aaa
291 809 331 855 rr.
346 793 458 857 altera:
481 791 538 857 Ne
559 795 633 878 quis
655 805 787 879 occupet
810 790 915 856 altori
938 804 1109 879 occupata.
1153 789 1245 857 Haec
1272 792 1325 857 lex
1355 791 1519 858 abstinen-

346 904 428 983 tiae,
452 904 508 971 illa
529 904 734 971 innocentiae
754 916 820 970 est:
839 903 915 970 inde
936 905 1024 970 vitae
1042 901 1200 970 securitas
1213 903 1342 983 oritur,
1359 903 1437 969 hinc
1460 904 1519 971 do·

345 1015 519 1082 miniorum
541 1015 726 1095 distinctio,
745 1015 1060 1098 celeberrimumque
1084 1015 1168 1082 illud
1190 1016 1305 1084 Meum
1324 1028 1357 1080 et
1376 1013 1406 1083 Τ
1404 1037 1482 1080 uum
1495 1013 1518 1082 ¹.

344 1128 391 1193 Et
417 1129 480 1193 hoc
511 1142 562 1194 est
590 1127 696 1210 illud,
728 1147 796 1210 quo
818 1142 946 1194 veteres
964 1123 976 1159 ¹
994 1143 1228 1211 respexerunt,
1259 1147 1334 1194 cum
1364 1125 1515 1194 Cererem

344 1238 509 1324 legiferam
529 1240 667 1325 ejusque
686 1259 776 1305 sacra
796 1220 1062 1322 Thesmophoria
1073 1239 1208 1321 dixere,
1229 1239 1517 1325 juraexagrorum

344 1351 507 1418 divisione
538 1351 670 1418 inventa
691 1351 924 1437 significantes.
968 1351 1066 1418 Ratio
1099 1351 1291 1435 posterioris
1322 1351 1402 1437 legis
1431 1353 1519 1436 apud

344 1460 587 1549 Quintilianum
605 1461 617 1497 ⁸
641 1480 708 1530 est:
727 1461 766 1530 Sl
784 1465 865 1530 haec
887 1462 1031 1530 conditio
1052 1477 1126 1544 cst,
1150 1477 1188 1528 ut
1199 1462 1367 1549 quidquid
1375 1467 1412 1529 in
1424 1486 1517 1530 osum

343 1575 482 1639 hominis
504 1577 600 1640 cessit
616 1579 794 1662 proprium
817 1579 862 1650 sir
893 1575 1068 1656 habentis,
1085 1574 1237 1662 profecto
1259 1573 1424 1661 quidquid
1433 1577 1518 1661 jure

337 1683 528 1772 possidetur
545 1686 677 1771 injuria
695 1686 868 1772 aufertur.
903 1686 977 1752 Hac
997 1688 1092 1753 velut
1113 1685 1238 1753 fiducia
1257 1685 1339 1752 inita
1351 1686 1518 1754 cathomi-

343 1815 421 1862 num
444 1797 606 1880 socletrs,
628 1799 669 1864 ad
679 1815 777 1880 quam
795 1799 897 1864 homo
910 1818 951 1864 ex
960 1797 1114 1866 instituto
1125 1797 1293 1865 Crantoris
1304 1798 1407 1884 magis
1419 1818 1516 1881 quam

342 1923 468 1974 caetera
481 1908 656 1976 animantia
666 1907 831 1976 ferebatur
839 1911 862 1976 ⁴.
887 1909 1518 1994 Hincrukvufldam,hocestmurooe

342 2024 486 2087 actiones
497 2025 726 2109 passionesque
745 2036 839 2088 natae
859 2035 962 2104 sunt,
986 2035 1020 2086 et
1030 2021 1110 2088 boni
1120 2021 1289 2107 malique,
1310 2023 1364 2091 sui
1375 2039 1409 2090 ct
1420 2024 1518 2090 alieni

343 2131 498 2200 mistura:
533 2132 609 2200 hinc
644 2133 728 2199 illud
757 2148 796 2200 ut
829 2135 930 2200 homo
961 2133 1086 2200 homini
1113 2134 1232 2218 Deus,
1267 2138 1366 2202 homo
1391 2135 1517 2203 homini

342 2245 443 2327 lupus
463 2243 637 2311 diceretur.
682 2245 794 2331 Quare
823 2246 954 2330 iustitia
980 2245 1038 2310 illa
1058 2245 1261 2314 desideratur
1282 2269 1368 2331 quae
1386 2249 1518 2333 proprie

341 2360 428 2440 ἀρετὴ
446 2355 632 2439 κοινωνική”,
656 2360 767 2424 virtus
790 2357 945 2440 socialis,
970 2357 1099 2424 dicitur.
1124 2358 1250 2424 Bonum
1273 2373 1401 2441 autem,
1426 2359 1517 2442 quod

340 2467 469 2552 lustitia
491 2469 569 2534 haec
590 2469 722 2536 socialis
746 2469 898 2553 respicit,
917 2470 1171 2554 aequalitatem,
1202 2477 1367 2555 ἰσονομίαν,
1395 2475 1516 2538 malum

343 2577 631 2663 inaequalitatem,
661 2584 852 2664 πλεονεξίαν,
880 2583 1088 2664 appellamus.
1134 2583 1222 2648 Nam
1244 2583 1332 2649 sicut
1354 2582 1387 2650 in
1409 2602 1515 2650 rerum

343 2704 456 2756 nattua
489 2691 524 2756 id
549 2693 673 2758 bonum
696 2706 770 2775 est,
793 2692 887 2774 quod
910 2713 1007 2776 quam
1027 2694 1166 2760 maxime
1188 2707 1298 2777 potest
1316 2713 1417 2762 onom
1441 2711 1514 2777 est,

342 2803 387 2869 ita
407 2801 439 2868 in
461 2805 551 2892 omni
562 2803 731 2870 societate.
761 2804 892 2870 ·Unum
914 2820 1023 2871 autem
1047 2821 1097 2871 est
1107 2806 1245 2889 primum
1261 2805 1393 2888 quidem
1405 2807 1515 2887 idem,

342 2915 490 2982 secundo
513 2929 621 2982 autem
645 2915 950 2982 locotantumdem.
996 2917 1107 3004 Quare
1129 2917 1188 2984 ubi
1210 2917 1294 2984 illud
1315 2917 1427 2984 haberi
1449 2937 1516 2984 non

342 3041 451 3111 potest
473 3028 537 3094 hoc
560 3027 717 3093 succedit.
750 3026 971 3094 Tantumdem
992 3043 1100 3094 autem
1119 3030 1242 3113 duplex
1260 3044 1327 3112 est,
1338 3029 1465 3095 numeri
1484 3043 1518 3094 et

341 3138 581 3222 proportionis3
614 3139 701 3204 sicut
732 3138 854 3224 viginti
879 3140 1068 3223 quindecim
1089 3156 1122 3207 et
1140 3141 1250 3208 decem
1275 3140 1423 3224 quinque
1446 3138 1516 3223 pari

341 3267 477 3317 numero
487 3265 666 3335 ¹superant,
691 3252 842 3334 quinario
860 3252 1011 3336 scilicet,
1032 3267 1066 3319 at
1084 3252 1204 3340 viginti
1220 3255 1332 3320 decem
1356 3268 1390 3318 et
1404 3253 1515 3318 docem

341 3361 490 3444 quinque
524 3363 592 3446 pari
622 3363 854 3448 proportione,
889 3364 1027 3432 dimidio
1057 3365 1211 3432 nimirum
1240 3365 1304 3433 sui.
1348 3365 1516 3432 Numerus

341 3487 467 3539 tantum
501 3487 606 3557 partes
636 3475 721 3541 inter
751 3493 787 3542 se
816 3477 1006 3560 componit,
1029 3478 1200 3561 proportio
1219 3492 1326 3562 partes
1347 3477 1390 3544 ad
1408 3492 1515 3544 totum

340 3581 451 3650 refert.
496 3585 612 3669 ltaque
634 3587 669 3653 hi
693 3588 816 3670 quibus
837 3587 977 3674 alicujus
999 3589 1104 3655 totius
1125 3589 1314 3672 procuratio
1336 3588 1515 3672 convenit,
1552 3579 1558 3588 ’

339 3695 467 3781 justitia
488 3711 627 3764 utuntur
646 3700 907 3785 proportionali,
931 3721 1016 3784 quae
1037 3717 1071 3768 et
1089 3702 1283 3787 resignatrix
1305 3700 1370 3768 dici
1391 3715 1514 3784 potest.

341 3807 413 3874 Hae
445 3809 677 3893 paterfamilias
703 3812 893 3880 domesticis
925 3814 1022 3898 suis,
1053 3833 1114 3898 pro
1149 3814 1276 3880 diversa
1307 3827 1449 3880 truttam
1478 3831 1515 3878 ac

341 3919 568 3988 conditionum
594 3923 744 4006 ratione,
774 3925 957 3992 dimensum
995 3944 1201 4010 pensumque
1234 3925 1387 4010 assignat.
1443 3924 1515 3989 Hac

340 4032 433 4101 Deus
465 4033 538 4119 ipse
568 4035 758 4103 universum
794 4037 949 4120 ordinat,
985 4057 1082 4123 quem
1115 4057 1181 4105 non
1205 4037 1270 4105 alio
1300 4055 1398 4103 sensu
1421 4035 1515 4102 Plato

374 4369 418 4420 ι1.
443 4373 546 4421 exlaoe
568 4369 633 4429 iure.
656 4369 681 4418 ff.
703 4371 738 4420 de
760 4367 1136 4436 iurt.etiure.[D.t.r.5.]
1172 4367 1515 4428 ¹lllrcrob.sat.a.c.ra·

339 4459 480 4512 ⁸Deelan.
500 4474 540 4520 ra.
566 4459 606 4526 [ln
623 4463 664 4512 ed.
680 4461 709 4512 1..
726 4461 756 4512 B.
775 4474 797 4512 a.
814 4461 889 4519 1665.
914 4475 941 4523 p.
960 4461 1028 4527 tls]
1064 4461 1443 4525 ⁴arlst.aerep.1.r.c.r.
1474 4460 1515 4528 [p.

342 4566 413 4612 rasa.
432 4567 454 4603 1.
468 4567 506 4605 vr.
525 4550 561 4616 7.]
626 4551 637 4586 l
660 4553 752 4603 Arist.
772 4555 803 4603 de
820 4566 876 4614 rcp.
892 4555 909 4602 l.
927 4566 951 4614 3.
964 4567 991 4604 c.
1002 4566 1045 4612 as·
1067 4553 1105 4618 [P-
1123 4558 1195 4616 lain
1212 4568 1235 4606 ι.
1247 4567 1287 4606 vr.
1302 4552 1356 4618 affl]
