3450 5434
484 679 530 724 DE
554 679 646 745 Junu
673 679 854 726 PRAEDAE.
880 681 960 729 CAP.
986 682 1034 728 tv.
1303 681 1341 741 51

174 839 260 900 nrbc'
278 835 462 901 coronidem
487 855 538 899 rcs
561 847 662 920 atquc
682 839 839 920 pecunias
861 840 986 904 uictori
1005 836 1128 903 ccciccc.
1151 836 1196 901 Et
1217 835 1272 900 hic
1295 850 1344 901 est

173 948 228 1013 ille
252 947 383 1032 Cyrus,
408 945 461 1012 cui
485 964 581 1030 regna
605 944 751 1010 Orientis
775 946 872 1011 armis
895 946 1043 1030 quaesita
1055 947 1147 1012 Deus
1160 947 1231 1029 ipse
1254 954 1262 986 ¹
1287 947 1345 1011 ad·

172 1058 262 1124 dicit.
304 1058 395 1143 Juris
425 1057 571 1141 gentium
600 1057 654 1140 Jus
684 1056 761 1122 belli
783 1077 857 1140 pars
880 1073 948 1124 est:
981 1079 1080 1141 quare
1105 1057 1287 1124 Aeschines
1311 1054 1342 1121 ¹:

171 1177 196 1238 εἱ
218 1175 273 1254 μὲν
294 1174 361 1252 πρὸς
383 1173 462 1251 ἡμᾶς
484 1171 656 1250 πολεμήσας
677 1169 849 1251 luminoso
866 1173 921 1247 τὴν
936 1173 1020 1239 πόλιν
1037 1169 1128 1244 εἷλες,
1150 1171 1248 1252 κυρίως
1266 1170 1344 1253 ἔχεις

169 1286 211 1365 τῷ
233 1289 286 1350 τοῦ
306 1282 433 1360 πολέμου
452 1279 528 1363 νόμῳ
550 1279 738 1361 κτησάμενος.
776 1276 872 1361 Quod
896 1284 926 1345 si
952 1280 1034 1344 bollo
1062 1294 1181 1345 contro
1200 1299 1256 1345 nos
1275 1300 1345 1344 sus·

170 1406 261 1477 copto
290 1391 403 1456 urbem
431 1393 538 1454 armis
556 1403 689 1474 coptam
710 1396 901 1476 occupasti,
928 1405 1018 1457 rcctc
1048 1391 1145 1457 illam
1168 1390 1248 1456 bolli
1261 1392 1344 1475 juro

165 1501 321 1588 possides.
365 1501 522 1585 Idemque
542 1501 597 1566 alii
621 1502 701 1585 ⁸ius
724 1503 883 1569 victoriae
903 1504 1058 1570 dixerunt
1083 1502 1344 1587 philosophique

173 1633 285 1679 omnes
303 1616 314 1653 ⁴
333 1613 503 1696 proprium
524 1614 688 1697 quoddam
713 1634 818 1699 genus
842 1615 1072 1698 acquisitionis
1093 1636 1133 1681 ex
1155 1617 1251 1681 hoste
1277 1626 1343 1678 sta·

173 1740 295 1808 tuunt,
319 1725 410 1807 quod
432 1741 489 1790 aut
510 1728 669 1807 πολεμικήν
693 1731 903 1811 antipositio
925 1741 982 1792 aut
1001 1730 1190 1808 ἄγωννπνκήν
1208 1740 1266 1792 aut
1281 1752 1345 1809 χεν·

172 1841 290 1921 posonio
320 1851 450 1902 vocant.
497 1837 648 1902 Socrates
681 1851 789 1902 autem
824 1838 914 1921 apud
946 1839 1198 1921 Xenophontem
1221 1840 1257 1917 ⁶,·
1286 1836 1345 1919 qui

172 1969 245 2016 mos
257 1949 304 2014 illi
323 1948 388 2014 fuit
406 1947 595 2013 obstetricia
614 1946 753 2030 quadum
775 1963 863 2032 arte,
882 1949 1057 2016 exsemine
1080 1950 1171 2032 quod
1192 1948 1345 2016 humanis

173 2060 289 2127 animis
299 2060 432 2125 insitum
447 2074 496 2125 est
508 2058 625 2126 elicere
636 2060 829 2142 veritatem,
855 2061 1103 2146 Euthydemum
1115 2061 1345 2146 interrogando

174 2193 214 2238 eo
233 2173 407 2255 perducit,
432 2184 470 2237 ut
489 2191 562 2236 cum
586 2171 726 2254 spoliare
746 2171 779 2236 in
799 2187 889 2255 parte
908 2173 1088 2258 injustitiae
1104 2187 1258 2256 poneret,
1280 2174 1344 2237 hoc

174 2285 281 2367 ipsum
314 2297 420 2349 tamen
455 2283 487 2347 in
522 2283 617 2350 hoste
638 2283 785 2367 justitiae
807 2301 1060 2350 consentaneum
1084 2304 1154 2350 esse
1176 2283 1344 2350 fateretur,

173 2396 221 2460 Et
252 2396 346 2461 Plato
366 2404 406 2473 †:
429 2397 530 2466 odoro
551 2405 608 2464 τῶν
629 2399 905 2478 comptissimis
935 2405 991 2464 τῶν
1023 2400 1158 2464 orciuos
1183 2398 1344 2474 γίγνεσθαι.

173 2507 258 2572 bono
282 2511 392 2572 omnia
415 2527 500 2592 quac
521 2510 629 2574 victos
652 2507 770 2571 habuit
797 2511 936 2574 victoris
954 2505 1046 2589 ficri.
1089 2505 1188 2572 Unde
1210 2522 1344 2589 apparet

175 2636 272 2699 qnam
304 2619 352 2684 illi
376 2617 388 2653 ⁶
409 2618 478 2683 sint
504 2616 630 2699 inepti,
664 2618 720 2699 qui
753 2619 838 2684 bella
870 2617 954 2684 inter
987 2617 1195 2683 Christianos
1228 2617 1346 2700 praeda

174 2731 294 2794 volunt
314 2749 443 2809 carere,
478 2729 542 2794 nisi
565 2727 648 2794 forte
672 2728 728 2794 illa
751 2728 859 2794 omnia
879 2743 997 2811 putant
1018 2729 1155 2812 injusta.
1201 2727 1266 2792 Sed
1285 2729 1346 2793 ho-

177 2838 301 2905 minum
325 2840 472 2922 alioquin
496 2839 698 2904 eruditorum
720 2841 780 2905 hac
804 2839 838 2904 in
856 2855 946 2922 parte
959 2839 1120 2904 inscitiam
1140 2838 1194 2903 alii
1212 2856 1346 2921 aperue-

173 2965 251 3016 runt
273 2955 297 3016 ⁷.
343 2951 418 3018 Nos
450 2971 489 3017 ex
520 2951 690 3034 principiis
723 2965 797 3016 ante
831 2950 949 3034 positis
972 2969 1035 3015 rem
1058 2965 1122 3014 tam
1141 2949 1346 3032 perspicuam

172 3075 350 3145 putamus,
374 3077 413 3128 ut
443 3061 592 3146 longiore
625 3063 847 3146 disputatione
878 3082 944 3128 non
979 3076 1090 3146 egent:
1125 3060 1207 3143 quin
1229 3075 1262 3126 et
1282 3062 1346 3126 hoc

173 3172 386 3239 animadverti
406 3193 518 3256 posse,
538 3173 684 3240 diversae
704 3175 884 3240 sententiae
904 3188 1054 3239 auctores
1074 3193 1115 3238 ne
1134 3174 1198 3238 hoc
1213 3172 1346 3255 quidem

174 3284 304 3366 ipsum,
330 3283 412 3367 quid
435 3300 523 3350 esset
545 3285 681 3366 praeda,
706 3286 784 3350 satis
812 3285 1023 3351 intellexisse.
1068 3284 1170 3371 Quod
1198 3299 1346 3351 auterno

173 3394 266 3460 civili
305 3397 392 3461 bello
427 3411 562 3461 sumunt
595 3411 819 3481 argumentum
857 3397 1033 3479 dupliciter
1067 3396 1242 3461 absurdum
1277 3413 1345 3462 cst:

175 3505 280 3588 primo
310 3506 393 3572 enim
425 3507 501 3588 quis
522 3506 588 3572 illis
608 3508 787 3590 concedat,
812 3509 897 3573 bella
919 3507 1182 3572 Christianorum
1207 3527 1277 3572 esse
1300 3508 1346 3572 ci-

173 3617 277 3699 vilia,
302 3618 492 3700 quasivero
516 3633 605 3684 totus
627 3620 715 3686 orbis
739 3619 950 3686 Christianus
961 3638 1026 3684 uno
1047 3619 1092 3686 sit
1110 3617 1346 3702 respublicas‘i

173 3820 368 3831 ‘ou—-

211 3933 321 3983 ¹Esoisu
347 3947 394 3985 tot.
420 3949 475 3997 cap.
500 3949 542 3998 4⁵·
577 3935 587 3970 ²
614 3940 645 3986 de
670 3939 725 3986 sals.
751 3940 799 3998 leg.
826 3937 863 4001 [p.
890 3949 929 3994 32·
947 3937 960 3999 §
978 3937 1030 4001 sp]
1068 3939 1139 3987 Fabr.
1157 3943 1221 3988 Seru.
1240 3954 1263 3988 α.
1281 3954 1306 3988 c.
1325 3953 1348 3996 ³·

175 4025 265 4074 ³Tnc.
292 4026 357 4075 illst.
385 4029 401 4074 l.
425 4040 451 4088 4.
479 4026 515 4091 [ε.
533 4026 586 4091 74]
623 4028 721 4076 ⁴Plnto
741 4031 816 4089 Soph.
837 4026 876 4091 [p.
895 4042 952 4089 219.
971 4029 996 4076 d.
1015 4027 1049 4091 e.]
1071 4029 1149 4078 Arist·
1168 4032 1200 4078 de
1217 4044 1269 4090 rep.
1288 4033 1306 4078 l.
1327 4042 1349 4078 1.

175 4131 198 4165 c.
216 4118 240 4165 6.
259 4128 283 4164 ct
302 4119 325 4164 8.
346 4116 384 4180 [p.
405 4130 477 4174 1255·
499 4131 519 4166 r.
538 4133 576 4168 vs.
594 4120 609 4167 ό
628 4131 652 4166 et
670 4133 694 4179 p.
717 4121 787 4175 1256.
807 4133 830 4166 ν.
846 4117 947 4182 vs.23.]
959 4118 1170 4168 octodecim.
1182 4134 1204 4168 1.
1222 4119 1233 4151 ³
1249 4121 1349 4168 Cusum.

175 4211 192 4255 l.
211 4220 235 4268 4.
257 4206 292 4271 [c.
312 4221 335 4255 2.
353 4208 377 4269 S.
391 4207 440 4270 15.]
476 4207 487 4240 ⁶
506 4211 562 4258 illc.
580 4209 607 4258 in
624 4212 640 4257 1.
649 4212 743 4260 hostes.
761 4212 793 4258 de
810 4210 882 4258 verb.
899 4210 962 4270 sign.
979 4207 1022 4272 [D.
1033 4223 1073 4265 so.
1087 4211 1125 4258 16.
1137 4211 1203 4272 118.]
1239 4207 1250 4246 7
1268 4213 1346 4270 hyatu

176 4300 207 4346 de
224 4297 280 4356 jure
297 4298 358 4346 belli
386 4300 402 4346 l.
424 4311 444 4346 1.
462 4312 484 4346 c.
505 4311 527 4355 5.
545 4313 570 4347 n.
589 4313 612 4348 2.
638 4300 749 4348 Bellinus
767 4314 793 4360 p.
812 4313 835 4348 n.
853 4299 893 4347 tit.
913 4303 951 4348 18.
970 4314 995 4349 n.
1016 4313 1036 4348 1.
1056 4299 1095 4363 [in
1114 4302 1209 4349 oceno.
1226 4297 1275 4358 int.
1293 4304 1347 4350 vol.

164 4389 216 4440 '16.
241 4403 266 4448 p.
291 4387 360 4452 346]
398 4388 454 4437 ⁸V.
469 4391 555 4450 -Vasq.
580 4402 662 4438 contr.
690 4390 726 4438 ill.
745 4405 767 4438 c.
787 4404 817 4438 22
836 4402 860 4438 ct
879 4404 933 4450 seq.

209 4481 223 4536 ’ν
243 4477 358 4542 [Grotius
383 4480 459 4528 nobis
482 4481 508 4528 in
532 4481 642 4542 margine
667 4481 823 4530 indicaverat
849 4480 961 4531 Platonis
989 4495 1068 4540 opus,
1091 4484 1157 4530 unde
1182 4485 1245 4532 hacc
1269 4497 1349 4532 sumta

177 4583 242 4618 snut.
277 4570 361 4618 llodie
380 4570 443 4618 nihil
462 4583 576 4630 superest
594 4585 694 4632 praeter
714 4573 810 4621 listerus
828 4572 897 4620 ilus:
915 4572 945 4619 dc
963 4571 1072 4634 legibus,
1090 4585 1117 4622 ut
1136 4574 1259 4637 videtur]

1178 4666 1217 4744 4*
