<?xml version="1.0" encoding="UTF-8"?>
<!DOCTYPE html PUBLIC "-//W3C//DTD XHTML 1.0 Transitional//EN"
    "http://www.w3.org/TR/xhtml1/DTD/xhtml1-transitional.dtd">
<html xmlns="http://www.w3.org/1999/xhtml" xml:lang="en" lang="en">
 <head>
  <title>
</title>
<meta http-equiv="Content-Type" content="text/html;charset=utf-8" />
  <meta name='ocr-system' content='tesseract 3.04.00' />
  <meta name='ocr-capabilities' content='ocr_page ocr_carea ocr_par ocr_line ocrx_word'/>
</head>
<body>
  <div class='ocr_page' id='page_1' title='image "./ledroitdeprised02hamagoog_0126.png"; bbox 0 0 3450 5434; ppageno 0'>
   <div class='ocr_carea' id='block_1_1' title="bbox 358 629 1238 700">
    <p class='ocr_par' dir='ltr' id='par_1_1' title="bbox 358 629 1238 700">
     <span class='ocr_line' id='line_1_1' title="bbox 358 629 1238 700; baseline 0 -21"><span class='ocrx_word' id='word_1_1' title='bbox 358 632 419 696; x_wconf 72' lang='lat'><strong>104</strong></span> <span class='ocrx_word' id='word_1_2' title='bbox 644 632 693 680; x_wconf 74' lang='lat' dir='ltr'><strong>DE</strong></span> <span class='ocrx_word' id='word_1_3' title='bbox 715 631 812 700; x_wconf 66' lang='lat' dir='ltr'><strong>June</strong></span> <span class='ocrx_word' id='word_1_4' title='bbox 836 629 1024 681; x_wconf 70' lang='lat' dir='ltr'><strong>PRABDAE·</strong></span> <span class='ocrx_word' id='word_1_5' title='bbox 1048 630 1130 679; x_wconf 62' lang='grc' dir='ltr'><strong>ΜΡ.</strong></span> <span class='ocrx_word' id='word_1_6' title='bbox 1154 630 1238 679; x_wconf 87' lang='lat' dir='ltr'><strong>v111.</strong></span> 
     </span>
    </p>
   </div>
   <div class='ocr_carea' id='block_1_2' title="bbox 284 784 1529 3209">
    <p class='ocr_par' dir='ltr' id='par_1_2' title="bbox 284 784 1529 2432">
     <span class='ocr_line' id='line_1_2' title="bbox 351 784 1529 871; baseline -0.001 -19"><span class='ocrx_word' id='word_1_7' title='bbox 351 800 489 869; x_wconf 86' lang='lat' dir='ltr'><strong>petuum</strong></span> <span class='ocrx_word' id='word_1_8' title='bbox 522 802 584 853; x_wconf 89' lang='lat' dir='ltr'><strong>est.</strong></span> <span class='ocrx_word' id='word_1_9' title='bbox 627 785 685 855; x_wconf 87' lang='lat' dir='ltr'><strong>Sin</strong></span> <span class='ocrx_word' id='word_1_10' title='bbox 718 785 760 853; x_wconf 87' lang='lat' dir='ltr'><strong>ad</strong></span> <span class='ocrx_word' id='word_1_11' title='bbox 789 806 929 871; x_wconf 84' lang='lat' dir='ltr'><strong>poenam</strong></span> <span class='ocrx_word' id='word_1_12' title='bbox 960 785 1185 853; x_wconf 83' lang='lat' dir='ltr'>convertimur</span> <span class='ocrx_word' id='word_1_13' title='bbox 1206 795 1243 867; x_wconf 86' lang='lat'><strong>¹,</strong></span> <span class='ocrx_word' id='word_1_14' title='bbox 1264 784 1362 853; x_wconf 84' lang='lat' dir='ltr'><strong>etiarn</strong></span> <span class='ocrx_word' id='word_1_15' title='bbox 1382 786 1444 853; x_wconf 87' lang='lat' dir='ltr'><strong>hac</strong></span> <span class='ocrx_word' id='word_1_16' title='bbox 1468 787 1529 852; x_wconf 85' lang='lat' dir='ltr'><strong>ob·</strong></span> 
     </span>
     <span class='ocr_line' id='line_1_3' title="bbox 350 894 1529 983; baseline -0.002 -20"><span class='ocrx_word' id='word_1_17' title='bbox 350 897 468 983; x_wconf 84' lang='lat' dir='ltr'><strong>stringi</strong></span> <span class='ocrx_word' id='word_1_18' title='bbox 485 918 542 965; x_wconf 92' lang='lat' dir='ltr'><strong>eos</strong></span> <span class='ocrx_word' id='word_1_19' title='bbox 560 914 684 965; x_wconf 89' lang='lat' dir='ltr'><strong>certum</strong></span> <span class='ocrx_word' id='word_1_20' title='bbox 701 913 765 978; x_wconf 86' lang='lat' dir='ltr'><strong>est,</strong></span> <span class='ocrx_word' id='word_1_21' title='bbox 789 898 848 983; x_wconf 88' lang='lat' dir='ltr'><strong>qui</strong></span> <span class='ocrx_word' id='word_1_22' title='bbox 867 898 1097 981; x_wconf 76' lang='lat' dir='ltr'><strong>delinquentes</strong></span> <span class='ocrx_word' id='word_1_23' title='bbox 1114 916 1194 981; x_wconf 90' lang='lat' dir='ltr'><strong>ope,</strong></span> <span class='ocrx_word' id='word_1_24' title='bbox 1218 896 1358 964; x_wconf 82' lang='lat' dir='ltr'><strong>consilio</strong></span> <span class='ocrx_word' id='word_1_25' title='bbox 1378 894 1529 978; x_wconf 80' lang='lat' dir='ltr'><strong>firmant,</strong></span> 
     </span>
     <span class='ocr_line' id='line_1_4' title="bbox 351 1007 1526 1093; baseline -0.001 -19"><span class='ocrx_word' id='word_1_26' title='bbox 351 1008 540 1091; x_wconf 89' lang='lat' dir='ltr'><strong>etquidem</strong></span> <span class='ocrx_word' id='word_1_27' title='bbox 571 1010 682 1077; x_wconf 87' lang='lat' dir='ltr'><strong>eadem</strong></span> <span class='ocrx_word' id='word_1_28' title='bbox 712 1030 779 1093; x_wconf 86' lang='lat' dir='ltr'><strong>qua</strong></span> <span class='ocrx_word' id='word_1_29' title='bbox 806 1009 1023 1093; x_wconf 58' lang='lat' dir='ltr'><strong>principalem</strong></span> <span class='ocrx_word' id='word_1_30' title='bbox 1049 1026 1123 1073; x_wconf 77' lang='lat' dir='ltr'><strong>nnn</strong></span> <span class='ocrx_word' id='word_1_31' title='bbox 1157 1021 1189 1073; x_wconf 86' lang='lat' dir='ltr'><strong>et</strong></span> <span class='ocrx_word' id='word_1_32' title='bbox 1220 1007 1284 1092; x_wconf 90' lang='lat' dir='ltr'><strong>ipsi</strong></span> <span class='ocrx_word' id='word_1_33' title='bbox 1314 1008 1526 1092; x_wconf 90' lang='lat' dir='ltr'><strong>delinquunt.</strong></span> 
     </span>
     <span class='ocr_line' id='line_1_5' title="bbox 350 1117 1527 1207; baseline 0 -23"><span class='ocrx_word' id='word_1_34' title='bbox 350 1119 405 1185; x_wconf 83' lang='lat' dir='ltr'><strong>Ex</strong></span> <span class='ocrx_word' id='word_1_35' title='bbox 435 1117 530 1185; x_wconf 87' lang='lat' dir='ltr'><strong>facto</strong></span> <span class='ocrx_word' id='word_1_36' title='bbox 557 1121 767 1207; x_wconf 74' lang='lat' dir='ltr'><strong>magistratus</strong></span> <span class='ocrx_word' id='word_1_37' title='bbox 798 1119 986 1203; x_wconf 81' lang='lat' dir='ltr'>respublica</span> <span class='ocrx_word' id='word_1_38' title='bbox 1018 1119 1185 1205; x_wconf 80' lang='lat' dir='ltr'><strong>obligatur</strong></span> <span class='ocrx_word' id='word_1_39' title='bbox 1214 1121 1250 1200; x_wconf 82' lang='lat'><strong>²,</strong></span> <span class='ocrx_word' id='word_1_40' title='bbox 1283 1134 1449 1201; x_wconf 84' lang='lat' dir='ltr'><strong>tamquam</strong></span> <span class='ocrx_word' id='word_1_41' title='bbox 1474 1118 1527 1183; x_wconf 75' lang='lat' dir='ltr'><strong>&#39;er</strong></span> 
     </span>
     <span class='ocr_line' id='line_1_6' title="bbox 284 1228 1526 1316; baseline -0.003 -17"><span class='ocrx_word' id='word_1_42' title='bbox 284 1292 289 1299; x_wconf 88' lang='lat'><strong>.</strong></span> <span class='ocrx_word' id='word_1_43' title='bbox 350 1230 588 1309; x_wconf 87' lang='lat' dir='ltr'><strong>conventione,</strong></span> <span class='ocrx_word' id='word_1_44' title='bbox 622 1245 662 1297; x_wconf 86' lang='lat' dir='ltr'><strong>ut</strong></span> <span class='ocrx_word' id='word_1_45' title='bbox 691 1230 752 1315; x_wconf 88' lang='lat' dir='ltr'><strong>qui</strong></span> <span class='ocrx_word' id='word_1_46' title='bbox 772 1230 963 1316; x_wconf 86' lang='lat' dir='ltr'><strong>magistrum</strong></span> <span class='ocrx_word' id='word_1_47' title='bbox 983 1244 1042 1296; x_wconf 89' lang='lat' dir='ltr'><strong>aut</strong></span> <span class='ocrx_word' id='word_1_48' title='bbox 1062 1228 1245 1296; x_wconf 85' lang='lat' dir='ltr'><strong>institorem</strong></span> <span class='ocrx_word' id='word_1_49' title='bbox 1268 1244 1474 1314; x_wconf 89' lang='lat' dir='ltr'><strong>praeponunt</strong></span> <span class='ocrx_word' id='word_1_50' title='bbox 1495 1232 1526 1295; x_wconf 72' lang='grc' dir='ltr'><strong><em>ἰ</em></strong></span> 
     </span>
     <span class='ocr_line' id='line_1_7' title="bbox 350 1339 1525 1426; baseline 0 -20"><span class='ocrx_word' id='word_1_51' title='bbox 350 1340 515 1408; x_wconf 89' lang='lat' dir='ltr'><strong>interdum</strong></span> <span class='ocrx_word' id='word_1_52' title='bbox 544 1340 640 1408; x_wconf 91' lang='lat' dir='ltr'><strong>etiam</strong></span> <span class='ocrx_word' id='word_1_53' title='bbox 671 1342 713 1407; x_wconf 88' lang='lat' dir='ltr'><strong>ad</strong></span> <span class='ocrx_word' id='word_1_54' title='bbox 739 1360 900 1426; x_wconf 85' lang='lat' dir='ltr'><strong>poenam:</strong></span> <span class='ocrx_word' id='word_1_55' title='bbox 928 1354 1081 1408; x_wconf 85' lang='lat' dir='ltr'><strong>tenentur</strong></span> <span class='ocrx_word' id='word_1_56' title='bbox 1112 1339 1220 1423; x_wconf 87' lang='lat' dir='ltr'><strong>enim,</strong></span> <span class='ocrx_word' id='word_1_57' title='bbox 1256 1340 1316 1423; x_wconf 89' lang='lat' dir='ltr'><strong>qui</strong></span> <span class='ocrx_word' id='word_1_58' title='bbox 1346 1341 1430 1405; x_wconf 84' lang='lat' dir='ltr'><strong>tales</strong></span> <span class='ocrx_word' id='word_1_59' title='bbox 1461 1339 1525 1407; x_wconf 87' lang='lat' dir='ltr'><strong>sibi</strong></span> 
     </span>
     <span class='ocr_line' id='line_1_8' title="bbox 350 1450 1526 1537; baseline 0.002 -20"><span class='ocrx_word' id='word_1_60' title='bbox 350 1451 598 1535; x_wconf 87' lang='lat' dir='ltr'><strong>praefecerunt,</strong></span> <span class='ocrx_word' id='word_1_61' title='bbox 630 1454 718 1521; x_wconf 88' lang='lat' dir='ltr'><strong>unde</strong></span> <span class='ocrx_word' id='word_1_62' title='bbox 747 1454 804 1520; x_wconf 90' lang='lat' dir='ltr'><strong>alii</strong></span> <span class='ocrx_word' id='word_1_63' title='bbox 833 1452 1018 1537; x_wconf 81' lang='lat' dir='ltr'><strong>acciperent</strong></span> <span class='ocrx_word' id='word_1_64' title='bbox 1046 1450 1211 1536; x_wconf 87' lang='lat' dir='ltr'><strong>injuriam.</strong></span> <span class='ocrx_word' id='word_1_65' title='bbox 1255 1452 1343 1517; x_wconf 83' lang='lat' dir='ltr'><strong>Nam</strong></span> <span class='ocrx_word' id='word_1_66' title='bbox 1373 1450 1468 1535; x_wconf 81' lang='lat' dir='ltr'><strong>quasi</strong></span> <span class='ocrx_word' id='word_1_67' title='bbox 1490 1450 1526 1519; x_wconf 88' lang='lat' dir='ltr'><strong>in</strong></span> 
     </span>
     <span class='ocr_line' id='line_1_9' title="bbox 350 1562 1526 1649; baseline 0 -20"><span class='ocrx_word' id='word_1_68' title='bbox 350 1564 428 1630; x_wconf 92' lang='lat' dir='ltr'><strong>dolo</strong></span> <span class='ocrx_word' id='word_1_69' title='bbox 459 1565 581 1633; x_wconf 87' lang='lat' dir='ltr'><strong>versari</strong></span> <span class='ocrx_word' id='word_1_70' title='bbox 610 1566 764 1649; x_wconf 85' lang='lat' dir='ltr'><strong>videtur,</strong></span> <span class='ocrx_word' id='word_1_71' title='bbox 797 1565 856 1649; x_wconf 90' lang='lat' dir='ltr'><strong>qui</strong></span> <span class='ocrx_word' id='word_1_72' title='bbox 888 1563 1015 1631; x_wconf 86' lang='lat' dir='ltr'><strong>homini</strong></span> <span class='ocrx_word' id='word_1_73' title='bbox 1045 1563 1155 1631; x_wconf 84' lang='lat' dir='ltr'><strong>minus</strong></span> <span class='ocrx_word' id='word_1_74' title='bbox 1183 1562 1303 1630; x_wconf 92' lang='lat' dir='ltr'><strong>idoneo</strong></span> <span class='ocrx_word' id='word_1_75' title='bbox 1334 1563 1477 1631; x_wconf 84' lang='lat' dir='ltr'><strong>credidit</strong></span> <span class='ocrx_word' id='word_1_76' title='bbox 1497 1570 1526 1629; x_wconf 88' lang='lat'><strong>⁴.</strong></span> 
     </span>
     <span class='ocr_line' id='line_1_10' title="bbox 349 1672 905 1762; baseline 0.004 -23"><span class='ocrx_word' id='word_1_77' title='bbox 349 1672 430 1740; x_wconf 89' lang='lat' dir='ltr'><strong>Non</strong></span> <span class='ocrx_word' id='word_1_78' title='bbox 452 1673 555 1760; x_wconf 85' lang='lat' dir='ltr'><strong>igitur</strong></span> <span class='ocrx_word' id='word_1_79' title='bbox 574 1675 736 1745; x_wconf 91' lang='lat' dir='ltr'><strong>immerito</strong></span> <span class='ocrx_word' id='word_1_80' title='bbox 757 1679 854 1762; x_wconf 82' lang='lat' dir='ltr'><strong>plane</strong></span> <span class='ocrx_word' id='word_1_81' title='bbox 871 1678 905 1741; x_wconf 80' lang='lat'><strong>⁸:</strong></span> 
     </span>
     <span class='ocr_line' id='line_1_11' title="bbox 515 1783 1373 1876; baseline 0.001 -26"><span class='ocrx_word' id='word_1_82' title='bbox 515 1783 691 1874; x_wconf 80' lang='lat' dir='ltr'><strong>Quidquid</strong></span> <span class='ocrx_word' id='word_1_83' title='bbox 709 1786 860 1854; x_wconf 79' lang='lat' dir='ltr'><strong>delirant</strong></span> <span class='ocrx_word' id='word_1_84' title='bbox 883 1806 993 1876; x_wconf 80' lang='lat' dir='ltr'><strong>reges,</strong></span> <span class='ocrx_word' id='word_1_85' title='bbox 1011 1786 1212 1874; x_wconf 76' lang='lat' dir='ltr'><strong>plectuntur</strong></span> <span class='ocrx_word' id='word_1_86' title='bbox 1233 1783 1373 1854; x_wconf 73' lang='lat' dir='ltr'><strong>Achivi.</strong></span> 
     </span>
     <span class='ocr_line' id='line_1_12' title="bbox 393 1894 1389 1981; baseline -0.003 -16"><span class='ocrx_word' id='word_1_87' title='bbox 393 1895 515 1981; x_wconf 88' lang='lat' dir='ltr'><strong>Neque</strong></span> <span class='ocrx_word' id='word_1_88' title='bbox 536 1897 663 1965; x_wconf 89' lang='lat' dir='ltr'><strong>ratione</strong></span> <span class='ocrx_word' id='word_1_89' title='bbox 682 1912 787 1979; x_wconf 87' lang='lat' dir='ltr'><strong>caret,</strong></span> <span class='ocrx_word' id='word_1_90' title='bbox 810 1899 905 1981; x_wconf 92' lang='lat' dir='ltr'><strong>quod</strong></span> <span class='ocrx_word' id='word_1_91' title='bbox 926 1897 1102 1965; x_wconf 76' lang='lat' dir='ltr'><strong>Hesiodus</strong></span> <span class='ocrx_word' id='word_1_92' title='bbox 1120 1894 1133 1932; x_wconf 87' lang='lat'>⁸</span> <span class='ocrx_word' id='word_1_93' title='bbox 1153 1896 1389 1981; x_wconf 70' lang='lat' dir='ltr'><strong>conquerimus</strong></span> 
     </span>
     <span class='ocr_line' id='line_1_13' title="bbox 943 2012 1157 2099; baseline -0.009 -2"><span class='ocrx_word' id='word_1_94' title='bbox 943 2012 1008 2099; x_wconf 67' lang='grc' dir='ltr'><strong>ὄφρ’</strong></span> <span class='ocrx_word' id='word_1_95' title='bbox 1029 2012 1157 2095; x_wconf 64' lang='lat' dir='ltr'><strong>amm</strong></span> 
     </span>
     <span class='ocr_line' id='line_1_14' title="bbox 589 2122 1082 2205; baseline -0.004 -14"><span class='ocrx_word' id='word_1_96' title='bbox 589 2124 680 2205; x_wconf 75' lang='grc' dir='ltr'><strong><em>δῆμος</em></strong></span> <span class='ocrx_word' id='word_1_97' title='bbox 700 2124 888 2199; x_wconf 67' lang='grc' dir='ltr'><strong>ἀτασθαλίας</strong></span> <span class='ocrx_word' id='word_1_98' title='bbox 910 2122 1082 2205; x_wconf 71' lang='grc' dir='ltr'><strong><em>βασιλήων,</em></strong></span> 
     </span>
     <span class='ocr_line' id='line_1_15' title="bbox 391 2231 1183 2317; baseline -0.004 -19"><span class='ocrx_word' id='word_1_99' title='bbox 391 2231 434 2243; x_wconf 87' lang='lat'><strong>&#39;&#39;</strong></span> <span class='ocrx_word' id='word_1_100' title='bbox 938 2234 1044 2317; x_wconf 82' lang='lat' dir='ltr'><strong>impia</strong></span> <span class='ocrx_word' id='word_1_101' title='bbox 1065 2246 1183 2317; x_wconf 80' lang='lat' dir='ltr'><strong>regum</strong></span> 
     </span>
     <span class='ocr_line' id='line_1_16' title="bbox 588 2340 1064 2432; baseline -0.004 -22"><span class='ocrx_word' id='word_1_102' title='bbox 588 2343 637 2410; x_wconf 78' lang='lat' dir='ltr'><strong>Ut</strong></span> <span class='ocrx_word' id='word_1_103' title='bbox 652 2357 795 2432; x_wconf 79' lang='lat' dir='ltr'><strong>peccata</strong></span> <span class='ocrx_word' id='word_1_104' title='bbox 816 2342 893 2409; x_wconf 84' lang='lat' dir='ltr'><strong>luat</strong></span> <span class='ocrx_word' id='word_1_105' title='bbox 910 2340 1064 2430; x_wconf 81' lang='lat' dir='ltr'><strong>populus.</strong></span> 
     </span>
    </p>

    <p class='ocr_par' dir='ltr' id='par_1_3' title="bbox 342 2445 1528 3209">
     <span class='ocr_line' id='line_1_17' title="bbox 393 2445 1526 2539; baseline -0.005 -20"><span class='ocrx_word' id='word_1_106' title='bbox 393 2453 516 2536; x_wconf 84' lang='lat' dir='ltr'><strong>Fitque</strong></span> <span class='ocrx_word' id='word_1_107' title='bbox 538 2455 603 2521; x_wconf 89' lang='lat' dir='ltr'><strong>hoc</strong></span> <span class='ocrx_word' id='word_1_108' title='bbox 624 2456 733 2539; x_wconf 89' lang='lat' dir='ltr'><strong>ipsum</strong></span> <span class='ocrx_word' id='word_1_109' title='bbox 752 2455 827 2522; x_wconf 93' lang='lat' dir='ltr'><strong>Deo</strong></span> <span class='ocrx_word' id='word_1_110' title='bbox 846 2468 997 2533; x_wconf 87' lang='lat' dir='ltr'><strong>auctore,</strong></span> <span class='ocrx_word' id='word_1_111' title='bbox 1015 2451 1073 2534; x_wconf 90' lang='lat' dir='ltr'><strong>qui</strong></span> <span class='ocrx_word' id='word_1_112' title='bbox 1094 2468 1162 2517; x_wconf 85' lang='lat' dir='ltr'><strong>non</strong></span> <span class='ocrx_word' id='word_1_113' title='bbox 1180 2468 1252 2516; x_wconf 88' lang='lat' dir='ltr'><strong>raro</strong></span> <span class='ocrx_word' id='word_1_114' title='bbox 1273 2448 1316 2515; x_wconf 93' lang='lat' dir='ltr'><strong>ob</strong></span> <span class='ocrx_word' id='word_1_115' title='bbox 1333 2445 1526 2533; x_wconf 82' lang='lat' dir='ltr'><strong>Principum</strong></span> 
     </span>
     <span class='ocr_line' id='line_1_18' title="bbox 350 2560 1528 2650; baseline -0.004 -21"><span class='ocrx_word' id='word_1_116' title='bbox 350 2564 471 2630; x_wconf 86' lang='lat' dir='ltr'><strong>delicta</strong></span> <span class='ocrx_word' id='word_1_117' title='bbox 501 2568 664 2650; x_wconf 89' lang='lat' dir='ltr'><strong>populum</strong></span> <span class='ocrx_word' id='word_1_118' title='bbox 694 2565 850 2650; x_wconf 87' lang='lat' dir='ltr'><strong>punivit,</strong></span> <span class='ocrx_word' id='word_1_119' title='bbox 873 2564 970 2650; x_wconf 88' lang='lat' dir='ltr'><strong>cujus</strong></span> <span class='ocrx_word' id='word_1_120' title='bbox 1004 2562 1050 2631; x_wconf 89' lang='lat' dir='ltr'><strong>rei</strong></span> <span class='ocrx_word' id='word_1_121' title='bbox 1074 2560 1214 2646; x_wconf 85' lang='lat' dir='ltr'><strong>insignia</strong></span> <span class='ocrx_word' id='word_1_122' title='bbox 1236 2574 1315 2626; x_wconf 87' lang='lat' dir='ltr'><strong>sunt</strong></span> <span class='ocrx_word' id='word_1_123' title='bbox 1334 2561 1479 2643; x_wconf 84' lang='lat' dir='ltr'><strong>exempla</strong></span> <span class='ocrx_word' id='word_1_124' title='bbox 1496 2566 1528 2625; x_wconf 73' lang='lat'><strong>².</strong></span> 
     </span>
     <span class='ocr_line' id='line_1_19' title="bbox 350 2674 1527 2763; baseline 0.001 -23"><span class='ocrx_word' id='word_1_125' title='bbox 350 2674 441 2742; x_wconf 83' lang='lat' dir='ltr'><strong>Beati</strong></span> <span class='ocrx_word' id='word_1_126' title='bbox 469 2676 595 2761; x_wconf 87' lang='lat' dir='ltr'><strong>Justini</strong></span> <span class='ocrx_word' id='word_1_127' title='bbox 628 2692 695 2745; x_wconf 88' lang='lat' dir='ltr'><strong>est:</strong></span> <span class='ocrx_word' id='word_1_128' title='bbox 725 2679 886 2763; x_wconf 71' lang='grc' dir='ltr'><strong><em>ττκρττᾶτη</em></strong></span> <span class='ocrx_word' id='word_1_129' title='bbox 918 2677 1043 2759; x_wconf 70' lang='grc' dir='ltr'><strong>τιμωρίαι</strong></span> <span class='ocrx_word' id='word_1_130' title='bbox 1072 2684 1129 2743; x_wconf 83' lang='grc' dir='ltr'><strong>τῶν</strong></span> <span class='ocrx_word' id='word_1_131' title='bbox 1148 2674 1355 2755; x_wconf 64' lang='grc' dir='ltr'><strong>ἡμαρτηκότων</strong></span> <span class='ocrx_word' id='word_1_132' title='bbox 1375 2674 1527 2755; x_wconf 58' lang='lat' dir='ltr'><strong>{daunior-</strong></span> 
     </span>
     <span class='ocr_line' id='line_1_20' title="bbox 347 2783 1523 2873; baseline -0.009 -18"><span class='ocrx_word' id='word_1_133' title='bbox 347 2791 536 2873; x_wconf 66' lang='lat' dir='ltr'><strong>remrpieroi.</strong></span> <span class='ocrx_word' id='word_1_134' title='bbox 551 2799 637 2859; x_wconf 70' lang='grc' dir='ltr'><strong>λαοῦ.</strong></span> <span class='ocrx_word' id='word_1_135' title='bbox 661 2787 889 2855; x_wconf 80' lang='lat' dir='ltr'><strong>Acerbissima</strong></span> <span class='ocrx_word' id='word_1_136' title='bbox 906 2788 1118 2873; x_wconf 79' lang='lat' dir='ltr'><strong>peccantium</strong></span> <span class='ocrx_word' id='word_1_137' title='bbox 1140 2783 1338 2867; x_wconf 80' lang='lat' dir='ltr'><strong>Principum</strong></span> <span class='ocrx_word' id='word_1_138' title='bbox 1354 2793 1523 2869; x_wconf 76' lang='lat' dir='ltr'><strong>poenam</strong></span> 
     </span>
     <span class='ocr_line' id='line_1_21' title="bbox 342 2891 1524 2987; baseline -0.007 -24"><span class='ocrx_word' id='word_1_139' title='bbox 342 2911 451 2983; x_wconf 85' lang='lat' dir='ltr'><strong>poena</strong></span> <span class='ocrx_word' id='word_1_140' title='bbox 468 2898 597 2987; x_wconf 84' lang='lat' dir='ltr'><strong>populi.</strong></span> <span class='ocrx_word' id='word_1_141' title='bbox 643 2898 842 2966; x_wconf 88' lang='lat' dir='ltr'><strong>Ambrosius</strong></span> <span class='ocrx_word' id='word_1_142' title='bbox 863 2904 877 2939; x_wconf 83' lang='lat'>⁸</span> <span class='ocrx_word' id='word_1_143' title='bbox 899 2896 1016 2964; x_wconf 83' lang='lat' dir='ltr'><strong>etiam:</strong></span> <span class='ocrx_word' id='word_1_144' title='bbox 1052 2894 1182 2982; x_wconf 80' lang='lat' dir='ltr'><strong>Regum</strong></span> <span class='ocrx_word' id='word_1_145' title='bbox 1206 2891 1320 2980; x_wconf 79' lang='lat' dir='ltr'><strong>lapsus</strong></span> <span class='ocrx_word' id='word_1_146' title='bbox 1337 2906 1446 2978; x_wconf 83' lang='lat' dir='ltr'><strong>poena</strong></span> <span class='ocrx_word' id='word_1_147' title='bbox 1462 2905 1524 2977; x_wconf 88' lang='lat' dir='ltr'><strong>po-</strong></span> 
     </span>
     <span class='ocr_line' id='line_1_22' title="bbox 343 3004 1523 3096; baseline -0.007 -22"><span class='ocrx_word' id='word_1_148' title='bbox 343 3008 503 3096; x_wconf 83' lang='lat' dir='ltr'><strong>pulorum</strong></span> <span class='ocrx_word' id='word_1_149' title='bbox 526 3023 598 3076; x_wconf 81' lang='lat' dir='ltr'><strong>est:</strong></span> <span class='ocrx_word' id='word_1_150' title='bbox 620 3012 708 3077; x_wconf 77' lang='lat' dir='ltr'><strong>sicut</strong></span> <span class='ocrx_word' id='word_1_151' title='bbox 729 3013 815 3075; x_wconf 79' lang='lat' dir='ltr'><strong>enim</strong></span> <span class='ocrx_word' id='word_1_152' title='bbox 837 3029 950 3074; x_wconf 80' lang='lat' dir='ltr'><strong>eorum</strong></span> <span class='ocrx_word' id='word_1_153' title='bbox 972 3010 1103 3076; x_wconf 70' lang='lat' dir='ltr'><strong>virtute</strong></span> <span class='ocrx_word' id='word_1_154' title='bbox 1126 3022 1326 3085; x_wconf 78' lang='lat' dir='ltr'><strong>serrantur,</strong></span> <span class='ocrx_word' id='word_1_155' title='bbox 1349 3005 1401 3067; x_wconf 84' lang='lat' dir='ltr'><strong>ita</strong></span> <span class='ocrx_word' id='word_1_156' title='bbox 1420 3004 1523 3067; x_wconf 80' lang='lat' dir='ltr'><strong>etiam</strong></span> 
     </span>
     <span class='ocr_line' id='line_1_23' title="bbox 348 3112 1525 3209; baseline -0.006 -25"><span class='ocrx_word' id='word_1_157' title='bbox 348 3139 462 3185; x_wconf 81' lang='lat' dir='ltr'><strong>eorum</strong></span> <span class='ocrx_word' id='word_1_158' title='bbox 484 3138 601 3187; x_wconf 78' lang='lat' dir='ltr'><strong>errore</strong></span> <span class='ocrx_word' id='word_1_159' title='bbox 615 3118 868 3209; x_wconf 78' lang='lat' dir='ltr'><strong>periclitamur.</strong></span> <span class='ocrx_word' id='word_1_160' title='bbox 902 3116 1031 3185; x_wconf 88' lang='lat' dir='ltr'><strong>Deinde</strong></span> <span class='ocrx_word' id='word_1_161' title='bbox 1053 3134 1132 3184; x_wconf 88' lang='lat' dir='ltr'><strong>vero</strong></span> <span class='ocrx_word' id='word_1_162' title='bbox 1153 3113 1319 3199; x_wconf 83' lang='lat' dir='ltr'><strong>obligatur</strong></span> <span class='ocrx_word' id='word_1_163' title='bbox 1337 3112 1525 3197; x_wconf 85' lang='lat' dir='ltr'><strong>respublica</strong></span> 
     </span>
    </p>
   </div>
   <div class='ocr_carea' id='block_1_3' title="bbox 346 3432 1523 4505">
    <p class='ocr_par' dir='ltr' id='par_1_4' title="bbox 346 3432 1523 4505">
     <span class='ocr_line' id='line_1_24' title="bbox 382 3432 1523 3505; baseline -0.012 -10"><span class='ocrx_word' id='word_1_164' title='bbox 382 3443 391 3477; x_wconf 90' lang='lat'>¹</span> <span class='ocrx_word' id='word_1_165' title='bbox 409 3459 435 3495; x_wconf 91' lang='lat' dir='ltr'><strong>c.</strong></span> <span class='ocrx_word' id='word_1_166' title='bbox 449 3442 496 3505; x_wconf 82' lang='lat' dir='ltr'><strong>qut</strong></span> <span class='ocrx_word' id='word_1_167' title='bbox 518 3439 654 3491; x_wconf 81' lang='lat' dir='ltr'><strong>consentit.</strong></span> <span class='ocrx_word' id='word_1_168' title='bbox 674 3438 763 3505; x_wconf 80' lang='lat' dir='ltr'><strong>[Dect.</strong></span> <span class='ocrx_word' id='word_1_169' title='bbox 786 3440 856 3489; x_wconf 83' lang='lat' dir='ltr'><strong>Grac.</strong></span> <span class='ocrx_word' id='word_1_170' title='bbox 872 3452 899 3500; x_wconf 90' lang='lat' dir='ltr'><strong>p.</strong></span> <span class='ocrx_word' id='word_1_171' title='bbox 916 3452 941 3488; x_wconf 78' lang='lat' dir='ltr'><strong>e.</strong></span> <span class='ocrx_word' id='word_1_172' title='bbox 961 3451 1000 3487; x_wconf 95' lang='grc'><strong>11.</strong></span> <span class='ocrx_word' id='word_1_173' title='bbox 1018 3450 1042 3496; x_wconf 73' lang='lat'><strong>³.</strong></span> <span class='ocrx_word' id='word_1_174' title='bbox 1061 3433 1131 3500; x_wconf 89' lang='grc' dir='ltr'><strong>1οο.]</strong></span> <span class='ocrx_word' id='word_1_175' title='bbox 1147 3436 1208 3485; x_wconf 79' lang='grc'><strong>11111.</strong></span> <span class='ocrx_word' id='word_1_176' title='bbox 1225 3434 1257 3483; x_wconf 82' lang='lat' dir='ltr'><strong>de</strong></span> <span class='ocrx_word' id='word_1_177' title='bbox 1274 3432 1328 3481; x_wconf 82' lang='lat' dir='ltr'><strong>obt.</strong></span> <span class='ocrx_word' id='word_1_178' title='bbox 1345 3446 1409 3493; x_wconf 86' lang='lat' dir='ltr'><strong>quae</strong></span> <span class='ocrx_word' id='word_1_179' title='bbox 1426 3445 1459 3482; x_wconf 85' lang='lat' dir='ltr'><strong>ex</strong></span> <span class='ocrx_word' id='word_1_180' title='bbox 1473 3434 1523 3482; x_wconf 81' lang='lat' dir='ltr'><strong>del.</strong></span> 
     </span>
     <span class='ocr_line' id='line_1_25' title="bbox 347 3522 1523 3601; baseline -0.012 -16"><span class='ocrx_word' id='word_1_181' title='bbox 347 3538 369 3601; x_wconf 61' lang='grc' dir='ltr'><strong>ς</strong></span> <span class='ocrx_word' id='word_1_182' title='bbox 387 3536 513 3585; x_wconf 85' lang='lat' dir='ltr'><strong>interdum</strong></span> <span class='ocrx_word' id='word_1_183' title='bbox 531 3546 641 3594; x_wconf 88' lang='lat' dir='ltr'><strong>quoque.</strong></span> <span class='ocrx_word' id='word_1_184' title='bbox 659 3531 693 3594; x_wconf 86' lang='lat'><strong>[1.</strong></span> <span class='ocrx_word' id='word_1_185' title='bbox 709 3545 734 3593; x_wconf 90' lang='grc'><strong>4.</strong></span> <span class='ocrx_word' id='word_1_186' title='bbox 755 3543 777 3580; x_wconf 91' lang='lat'><strong>1.</strong></span> <span class='ocrx_word' id='word_1_187' title='bbox 794 3535 816 3590; x_wconf 72' lang='lat'><strong>5.</strong></span> <span class='ocrx_word' id='word_1_188' title='bbox 836 3528 889 3595; x_wconf 95' lang='grc'><strong>11.]</strong></span> <span class='ocrx_word' id='word_1_189' title='bbox 913 3532 930 3577; x_wconf 90' lang='lat' dir='ltr'><strong>l.</strong></span> <span class='ocrx_word' id='word_1_190' title='bbox 949 3542 972 3578; x_wconf 81' lang='lat' dir='ltr'><strong>a.</strong></span> <span class='ocrx_word' id='word_1_191' title='bbox 989 3528 1010 3591; x_wconf 78' lang='grc' dir='ltr'><strong>ς.</strong></span> <span class='ocrx_word' id='word_1_192' title='bbox 1028 3526 1050 3577; x_wconf 83' lang='lat' dir='ltr'><strong>ei</strong></span> <span class='ocrx_word' id='word_1_193' title='bbox 1071 3526 1128 3587; x_wconf 82' lang='lat' dir='ltr'><strong>quie</strong></span> <span class='ocrx_word' id='word_1_194' title='bbox 1145 3538 1198 3575; x_wconf 89' lang='lat' dir='ltr'><strong>non</strong></span> <span class='ocrx_word' id='word_1_195' title='bbox 1215 3525 1283 3573; x_wconf 89' lang='lat' dir='ltr'><strong>hom.</strong></span> <span class='ocrx_word' id='word_1_196' title='bbox 1300 3522 1327 3572; x_wconf 76' lang='lat' dir='ltr'><strong>ff.</strong></span> <span class='ocrx_word' id='word_1_197' title='bbox 1344 3523 1372 3573; x_wconf 91' lang='lat' dir='ltr'><strong>vi</strong></span> <span class='ocrx_word' id='word_1_198' title='bbox 1389 3523 1523 3585; x_wconf 82' lang='lat' dir='ltr'><strong>bomrept.</strong></span> 
     </span>
     <span class='ocr_line' id='line_1_26' title="bbox 348 3615 1521 3693; baseline -0.013 -15"><span class='ocrx_word' id='word_1_199' title='bbox 348 3630 394 3693; x_wconf 89' lang='lat' dir='ltr'><strong>[D.</strong></span> <span class='ocrx_word' id='word_1_200' title='bbox 410 3640 452 3690; x_wconf 85' lang='lat'><strong>47.</strong></span> <span class='ocrx_word' id='word_1_201' title='bbox 470 3630 493 3676; x_wconf 85' lang='lat'><strong>8.</strong></span> <span class='ocrx_word' id='word_1_202' title='bbox 511 3640 535 3675; x_wconf 87' lang='lat' dir='ltr'><strong>a.</strong></span> <span class='ocrx_word' id='word_1_203' title='bbox 552 3626 574 3688; x_wconf 76' lang='grc' dir='ltr'><strong>ς.</strong></span> <span class='ocrx_word' id='word_1_204' title='bbox 594 3621 646 3687; x_wconf 69' lang='lat' dir='ltr'><strong>ru]</strong></span> <span class='ocrx_word' id='word_1_205' title='bbox 664 3622 727 3672; x_wconf 82' lang='lat' dir='ltr'><strong>Silv.</strong></span> <span class='ocrx_word' id='word_1_206' title='bbox 745 3621 772 3671; x_wconf 82' lang='lat' dir='ltr'><strong>ln</strong></span> <span class='ocrx_word' id='word_1_207' title='bbox 788 3636 815 3671; x_wconf 86' lang='lat' dir='ltr'><strong>v.</strong></span> <span class='ocrx_word' id='word_1_208' title='bbox 839 3618 1021 3670; x_wconf 75' lang='lat' dir='ltr'><strong>HomicidIum.</strong></span> <span class='ocrx_word' id='word_1_209' title='bbox 1043 3631 1065 3668; x_wconf 87' lang='lat'><strong>1.</strong></span> <span class='ocrx_word' id='word_1_210' title='bbox 1082 3618 1103 3680; x_wconf 74' lang='grc' dir='ltr'><strong>ς.</strong></span> <span class='ocrx_word' id='word_1_211' title='bbox 1124 3628 1163 3675; x_wconf 73' lang='lat' dir='ltr'><strong>tn.</strong></span> <span class='ocrx_word' id='word_1_212' title='bbox 1182 3627 1221 3672; x_wconf 76' lang='lat' dir='ltr'><strong>rs.</strong></span> <span class='ocrx_word' id='word_1_213' title='bbox 1241 3615 1280 3664; x_wconf 84' lang='grc'><strong>16.</strong></span> <span class='ocrx_word' id='word_1_214' title='bbox 1300 3626 1337 3673; x_wconf 76' lang='grc'><strong>17.</strong></span> <span class='ocrx_word' id='word_1_215' title='bbox 1356 3615 1431 3664; x_wconf 81' lang='lat' dir='ltr'><strong>Adde</strong></span> <span class='ocrx_word' id='word_1_216' title='bbox 1448 3615 1521 3663; x_wconf 81' lang='lat' dir='ltr'><strong>Beid.</strong></span> 
     </span>
     <span class='ocr_line' id='line_1_27' title="bbox 346 3705 1523 3776; baseline -0.013 -8"><span class='ocrx_word' id='word_1_217' title='bbox 346 3720 379 3769; x_wconf 81' lang='lat' dir='ltr'><strong>ad</strong></span> <span class='ocrx_word' id='word_1_218' title='bbox 395 3721 413 3767; x_wconf 90' lang='lat' dir='ltr'><strong>l.</strong></span> <span class='ocrx_word' id='word_1_219' title='bbox 429 3731 482 3767; x_wconf 87' lang='lat' dir='ltr'><strong>non</strong></span> <span class='ocrx_word' id='word_1_220' title='bbox 505 3717 565 3767; x_wconf 84' lang='lat' dir='ltr'><strong>ideo</strong></span> <span class='ocrx_word' id='word_1_221' title='bbox 586 3714 680 3765; x_wconf 80' lang='lat' dir='ltr'><strong>minus.</strong></span> <span class='ocrx_word' id='word_1_222' title='bbox 702 3715 734 3763; x_wconf 79' lang='lat' dir='ltr'><strong>C·</strong></span> <span class='ocrx_word' id='word_1_223' title='bbox 750 3714 783 3763; x_wconf 86' lang='lat' dir='ltr'><strong>de</strong></span> <span class='ocrx_word' id='word_1_224' title='bbox 804 3725 859 3762; x_wconf 81' lang='lat' dir='ltr'><strong>acc.</strong></span> <span class='ocrx_word' id='word_1_225' title='bbox 885 3710 927 3776; x_wconf 87' lang='lat' dir='ltr'><strong>[C.</strong></span> <span class='ocrx_word' id='word_1_226' title='bbox 949 3725 974 3774; x_wconf 97' lang='grc'><strong>9.</strong></span> <span class='ocrx_word' id='word_1_227' title='bbox 998 3722 1021 3758; x_wconf 83' lang='lat' dir='ltr'><strong>a.</strong></span> <span class='ocrx_word' id='word_1_228' title='bbox 1044 3707 1080 3773; x_wconf 79' lang='lat' dir='ltr'><strong>s.]</strong></span> <span class='ocrx_word' id='word_1_229' title='bbox 1105 3719 1131 3757; x_wconf 89' lang='lat' dir='ltr'><strong>et</strong></span> <span class='ocrx_word' id='word_1_230' title='bbox 1153 3707 1180 3757; x_wconf 90' lang='lat' dir='ltr'><strong>in</strong></span> <span class='ocrx_word' id='word_1_231' title='bbox 1203 3710 1221 3755; x_wconf 93' lang='lat' dir='ltr'><strong>l.</strong></span> <span class='ocrx_word' id='word_1_232' title='bbox 1245 3720 1269 3755; x_wconf 85' lang='grc' dir='ltr'><strong>τ.</strong></span> <span class='ocrx_word' id='word_1_233' title='bbox 1287 3707 1317 3755; x_wconf 87' lang='lat' dir='ltr'><strong>C.</strong></span> <span class='ocrx_word' id='word_1_234' title='bbox 1340 3705 1479 3755; x_wconf 80' lang='lat' dir='ltr'><strong>deservit.</strong></span> <span class='ocrx_word' id='word_1_235' title='bbox 1496 3717 1523 3754; x_wconf 83' lang='lat' dir='ltr'><strong>et</strong></span> 
     </span>
     <span class='ocr_line' id='line_1_28' title="bbox 347 3793 1521 3872; baseline -0.014 -11"><span class='ocrx_word' id='word_1_236' title='bbox 347 3805 640 3872; x_wconf 73' lang='grc' dir='ltr'><strong>ι9111.[0.3·14·]π.</strong></span> <span class='ocrx_word' id='word_1_237' title='bbox 662 3818 703 3864; x_wconf 69' lang='grc' dir='ltr'><strong>το.</strong></span> <span class='ocrx_word' id='word_1_238' title='bbox 720 3816 746 3854; x_wconf 87' lang='lat' dir='ltr'><strong>et</strong></span> <span class='ocrx_word' id='word_1_239' title='bbox 763 3804 791 3853; x_wconf 86' lang='lat' dir='ltr'><strong>in</strong></span> <span class='ocrx_word' id='word_1_240' title='bbox 807 3804 857 3865; x_wconf 71' lang='lat' dir='ltr'><strong>leg.</strong></span> <span class='ocrx_word' id='word_1_241' title='bbox 877 3816 899 3853; x_wconf 91' lang='grc'><strong>1.</strong></span> <span class='ocrx_word' id='word_1_242' title='bbox 917 3804 948 3853; x_wconf 86' lang='lat' dir='ltr'><strong>C.</strong></span> <span class='ocrx_word' id='word_1_243' title='bbox 963 3802 1032 3851; x_wconf 85' lang='lat' dir='ltr'><strong>unde</strong></span> <span class='ocrx_word' id='word_1_244' title='bbox 1049 3798 1077 3849; x_wconf 86' lang='lat' dir='ltr'><strong>vi</strong></span> <span class='ocrx_word' id='word_1_245' title='bbox 1097 3796 1141 3863; x_wconf 86' lang='lat' dir='ltr'><strong>[C.</strong></span> <span class='ocrx_word' id='word_1_246' title='bbox 1159 3800 1183 3847; x_wconf 80' lang='lat'><strong>8.</strong></span> <span class='ocrx_word' id='word_1_247' title='bbox 1199 3796 1237 3858; x_wconf 87' lang='grc'><strong>4.]</strong></span> <span class='ocrx_word' id='word_1_248' title='bbox 1256 3810 1283 3845; x_wconf 92' lang='lat' dir='ltr'><strong>n.</strong></span> <span class='ocrx_word' id='word_1_249' title='bbox 1301 3809 1342 3857; x_wconf 75' lang='lat'><strong>2⁴·</strong></span> <span class='ocrx_word' id='word_1_250' title='bbox 1376 3793 1387 3829; x_wconf 78' lang='lat'><strong>¹</strong></span> <span class='ocrx_word' id='word_1_251' title='bbox 1404 3795 1521 3847; x_wconf 75' lang='lat' dir='ltr'><strong>vicere</strong></span> 
     </span>
     <span class='ocr_line' id='line_1_29' title="bbox 346 3885 1521 3963; baseline -0.012 -13"><span class='ocrx_word' id='word_1_252' title='bbox 346 3912 404 3963; x_wconf 87' lang='lat' dir='ltr'><strong>pot.</strong></span> <span class='ocrx_word' id='word_1_253' title='bbox 422 3899 475 3950; x_wconf 86' lang='lat' dir='ltr'><strong>civ.</strong></span> <span class='ocrx_word' id='word_1_254' title='bbox 492 3912 520 3948; x_wconf 85' lang='grc'><strong>11.</strong></span> <span class='ocrx_word' id='word_1_255' title='bbox 547 3912 585 3948; x_wconf 82' lang='lat' dir='ltr'><strong>ta.</strong></span> <span class='ocrx_word' id='word_1_256' title='bbox 609 3896 668 3958; x_wconf 79' lang='grc'><strong>1))4.</strong></span> <span class='ocrx_word' id='word_1_257' title='bbox 691 3898 724 3947; x_wconf 80' lang='lat' dir='ltr'><strong>de</strong></span> <span class='ocrx_word' id='word_1_258' title='bbox 750 3894 924 3944; x_wconf 72' lang='lat' dir='ltr'><strong>excederet.</strong></span> <span class='ocrx_word' id='word_1_259' title='bbox 943 3891 988 3957; x_wconf 94' lang='grc'><strong>[1).</strong></span> <span class='ocrx_word' id='word_1_260' title='bbox 1008 3904 1048 3952; x_wconf 83' lang='grc'><strong>14.</strong></span> <span class='ocrx_word' id='word_1_261' title='bbox 1068 3890 1102 3953; x_wconf 96' lang='grc'><strong>1.]</strong></span> <span class='ocrx_word' id='word_1_262' title='bbox 1121 3900 1170 3939; x_wconf 88' lang='lat' dir='ltr'><strong>tot.</strong></span> <span class='ocrx_word' id='word_1_263' title='bbox 1186 3887 1227 3937; x_wconf 82' lang='lat' dir='ltr'><strong>eit.</strong></span> <span class='ocrx_word' id='word_1_264' title='bbox 1259 3885 1272 3921; x_wconf 84' lang='lat'>⁸</span> <span class='ocrx_word' id='word_1_265' title='bbox 1289 3886 1351 3936; x_wconf 88' lang='lat' dir='ltr'><strong>silv.</strong></span> <span class='ocrx_word' id='word_1_266' title='bbox 1368 3886 1396 3935; x_wconf 89' lang='lat' dir='ltr'><strong>in</strong></span> <span class='ocrx_word' id='word_1_267' title='bbox 1413 3902 1440 3936; x_wconf 84' lang='lat' dir='ltr'><strong>v.</strong></span> <span class='ocrx_word' id='word_1_268' title='bbox 1456 3888 1521 3937; x_wconf 82' lang='lat' dir='ltr'><strong>Ret-</strong></span> 
     </span>
     <span class='ocr_line' id='line_1_30' title="bbox 346 3976 1522 4052; baseline -0.013 -10"><span class='ocrx_word' id='word_1_269' title='bbox 346 3992 444 4042; x_wconf 82' lang='lat' dir='ltr'><strong>tinnio.</strong></span> <span class='ocrx_word' id='word_1_270' title='bbox 467 4002 491 4049; x_wconf 70' lang='lat' dir='ltr'><strong>s.</strong></span> <span class='ocrx_word' id='word_1_271' title='bbox 513 3989 536 4052; x_wconf 81' lang='lat'><strong>§-</strong></span> <span class='ocrx_word' id='word_1_272' title='bbox 556 4001 580 4045; x_wconf 78' lang='grc' dir='ltr'><strong>ς.</strong></span> <span class='ocrx_word' id='word_1_273' title='bbox 597 3987 649 4037; x_wconf 78' lang='lat' dir='ltr'><strong>ibt:</strong></span> <span class='ocrx_word' id='word_1_274' title='bbox 667 3986 792 4049; x_wconf 84' lang='lat' dir='ltr'><strong>quintum.</strong></span> <span class='ocrx_word' id='word_1_275' title='bbox 808 3996 834 4034; x_wconf 89' lang='lat' dir='ltr'><strong>et</strong></span> <span class='ocrx_word' id='word_1_276' title='bbox 851 3985 874 4047; x_wconf 73' lang='lat'><strong>5.</strong></span> <span class='ocrx_word' id='word_1_277' title='bbox 894 3996 934 4034; x_wconf 86' lang='lat' dir='ltr'><strong>rr.</strong></span> <span class='ocrx_word' id='word_1_278' title='bbox 951 3981 1003 4032; x_wconf 78' lang='lat' dir='ltr'><strong>tbi:</strong></span> <span class='ocrx_word' id='word_1_279' title='bbox 1020 3980 1155 4031; x_wconf 84' lang='lat' dir='ltr'><strong>decimum.</strong></span> <span class='ocrx_word' id='word_1_280' title='bbox 1172 3990 1199 4029; x_wconf 86' lang='lat' dir='ltr'><strong>et</strong></span> <span class='ocrx_word' id='word_1_281' title='bbox 1215 3978 1243 4027; x_wconf 87' lang='lat' dir='ltr'><strong>in</strong></span> <span class='ocrx_word' id='word_1_282' title='bbox 1263 3976 1441 4039; x_wconf 59' lang='grc'><strong>9011141119.</strong></span> <span class='ocrx_word' id='word_1_283' title='bbox 1458 3982 1480 4039; x_wconf 71' lang='grc'><strong>9.</strong></span> <span class='ocrx_word' id='word_1_284' title='bbox 1497 3979 1522 4028; x_wconf 86' lang='lat'><strong>6.</strong></span> 
     </span>
     <span class='ocr_line' id='line_1_31' title="bbox 346 4066 1521 4145; baseline -0.014 -12"><span class='ocrx_word' id='word_1_285' title='bbox 346 4083 405 4145; x_wconf 76' lang='grc'><strong>1))4.</strong></span> <span class='ocrx_word' id='word_1_286' title='bbox 422 4083 455 4132; x_wconf 82' lang='lat' dir='ltr'><strong>de</strong></span> <span class='ocrx_word' id='word_1_287' title='bbox 472 4078 552 4130; x_wconf 76' lang='lat' dir='ltr'><strong>instit.</strong></span> <span class='ocrx_word' id='word_1_288' title='bbox 570 4090 620 4127; x_wconf 81' lang='lat' dir='ltr'><strong>act.</strong></span> <span class='ocrx_word' id='word_1_289' title='bbox 635 4088 683 4126; x_wconf 89' lang='lat' dir='ltr'><strong>tot.</strong></span> <span class='ocrx_word' id='word_1_290' title='bbox 700 4076 742 4126; x_wconf 85' lang='lat' dir='ltr'><strong>tie.</strong></span> <span class='ocrx_word' id='word_1_291' title='bbox 761 4074 808 4140; x_wconf 83' lang='lat' dir='ltr'><strong>[D.</strong></span> <span class='ocrx_word' id='word_1_292' title='bbox 827 4088 867 4136; x_wconf 90' lang='grc'><strong>14.</strong></span> <span class='ocrx_word' id='word_1_293' title='bbox 885 4074 921 4137; x_wconf 70' lang='grc'><strong>4.]</strong></span> <span class='ocrx_word' id='word_1_294' title='bbox 940 4084 966 4122; x_wconf 88' lang='lat' dir='ltr'><strong>et</strong></span> <span class='ocrx_word' id='word_1_295' title='bbox 982 4072 1023 4122; x_wconf 86' lang='lat' dir='ltr'><strong>eit.</strong></span> <span class='ocrx_word' id='word_1_296' title='bbox 1039 4082 1145 4133; x_wconf 74' lang='lat' dir='ltr'><strong>nenne,</strong></span> <span class='ocrx_word' id='word_1_297' title='bbox 1160 4081 1298 4130; x_wconf 80' lang='lat' dir='ltr'><strong>caupones.</strong></span> <span class='ocrx_word' id='word_1_298' title='bbox 1317 4067 1362 4133; x_wconf 86' lang='lat' dir='ltr'><strong>[D.</strong></span> <span class='ocrx_word' id='word_1_299' title='bbox 1378 4080 1403 4129; x_wconf 81' lang='grc'><strong>4</strong></span> <span class='ocrx_word' id='word_1_300' title='bbox 1420 4068 1457 4131; x_wconf 94' lang='grc'><strong>9.]</strong></span> <span class='ocrx_word' id='word_1_301' title='bbox 1475 4066 1487 4100; x_wconf 87' lang='lat'><strong>⁴</strong></span> <span class='ocrx_word' id='word_1_302' title='bbox 1503 4070 1521 4117; x_wconf 90' lang='grc'><strong>1.</strong></span> 
     </span>
     <span class='ocr_line' id='line_1_32' title="bbox 346 4155 1522 4234; baseline -0.014 -11"><span class='ocrx_word' id='word_1_303' title='bbox 346 4176 391 4223; x_wconf 85' lang='lat' dir='ltr'><strong>vel</strong></span> <span class='ocrx_word' id='word_1_304' title='bbox 407 4185 455 4234; x_wconf 85' lang='lat' dir='ltr'><strong>per</strong></span> <span class='ocrx_word' id='word_1_305' title='bbox 471 4171 576 4220; x_wconf 79' lang='lat' dir='ltr'><strong>litterae.</strong></span> <span class='ocrx_word' id='word_1_306' title='bbox 592 4168 619 4217; x_wconf 74' lang='lat' dir='ltr'><strong>ff.</strong></span> <span class='ocrx_word' id='word_1_307' title='bbox 636 4167 659 4217; x_wconf 83' lang='lat' dir='ltr'><strong>si</strong></span> <span class='ocrx_word' id='word_1_308' title='bbox 682 4179 792 4216; x_wconf 83' lang='lat' dir='ltr'><strong>memor.</strong></span> <span class='ocrx_word' id='word_1_309' title='bbox 808 4164 853 4229; x_wconf 90' lang='grc'><strong>[1).</strong></span> <span class='ocrx_word' id='word_1_310' title='bbox 873 4178 910 4214; x_wconf 93' lang='grc'><strong>11.</strong></span> <span class='ocrx_word' id='word_1_311' title='bbox 928 4164 953 4213; x_wconf 84' lang='lat'><strong>6.</strong></span> <span class='ocrx_word' id='word_1_312' title='bbox 972 4162 1010 4225; x_wconf 73' lang='grc'><strong>1.]</strong></span> <span class='ocrx_word' id='word_1_313' title='bbox 1029 4164 1047 4211; x_wconf 91' lang='lat'><strong>1.</strong></span> <span class='ocrx_word' id='word_1_314' title='bbox 1064 4164 1096 4211; x_wconf 87' lang='lat' dir='ltr'><strong>de</strong></span> <span class='ocrx_word' id='word_1_315' title='bbox 1113 4161 1170 4209; x_wconf 85' lang='lat' dir='ltr'><strong>illo.</strong></span> <span class='ocrx_word' id='word_1_316' title='bbox 1187 4160 1210 4223; x_wconf 77' lang='grc' dir='ltr'><strong>ς.</strong></span> <span class='ocrx_word' id='word_1_317' title='bbox 1231 4173 1252 4209; x_wconf 90' lang='grc'><strong>1.</strong></span> <span class='ocrx_word' id='word_1_318' title='bbox 1268 4158 1295 4209; x_wconf 75' lang='lat' dir='ltr'><strong>ff.</strong></span> <span class='ocrx_word' id='word_1_319' title='bbox 1312 4172 1361 4219; x_wconf 87' lang='lat' dir='ltr'><strong>pro</strong></span> <span class='ocrx_word' id='word_1_320' title='bbox 1378 4158 1457 4208; x_wconf 82' lang='lat' dir='ltr'><strong>rocio.</strong></span> <span class='ocrx_word' id='word_1_321' title='bbox 1475 4155 1522 4222; x_wconf 84' lang='lat' dir='ltr'><strong>[D.</strong></span> 
     </span>
     <span class='ocr_line' id='line_1_33' title="bbox 349 4248 1522 4329; baseline -0.014 -16"><span class='ocrx_word' id='word_1_322' title='bbox 349 4276 389 4323; x_wconf 83' lang='lat'><strong>¹7·</strong></span> <span class='ocrx_word' id='word_1_323' title='bbox 406 4276 430 4311; x_wconf 89' lang='lat' dir='ltr'><strong>a.</strong></span> <span class='ocrx_word' id='word_1_324' title='bbox 448 4260 502 4325; x_wconf 61' lang='lat' dir='ltr'><strong>ao]</strong></span> <span class='ocrx_word' id='word_1_325' title='bbox 522 4263 539 4309; x_wconf 86' lang='grc' dir='ltr'><strong>Ι.</strong></span> <span class='ocrx_word' id='word_1_326' title='bbox 555 4262 603 4309; x_wconf 85' lang='lat' dir='ltr'><strong>ult.</strong></span> <span class='ocrx_word' id='word_1_327' title='bbox 619 4260 642 4317; x_wconf 71' lang='grc' dir='ltr'><strong>ς.</strong></span> <span class='ocrx_word' id='word_1_328' title='bbox 659 4271 684 4319; x_wconf 88' lang='grc'><strong>4.</strong></span> <span class='ocrx_word' id='word_1_329' title='bbox 700 4256 727 4305; x_wconf 79' lang='lat' dir='ltr'><strong>n&#39;.</strong></span> <span class='ocrx_word' id='word_1_330' title='bbox 743 4267 849 4316; x_wconf 83' lang='lat' dir='ltr'><strong>nautae,</strong></span> <span class='ocrx_word' id='word_1_331' title='bbox 868 4266 1005 4315; x_wconf 79' lang='lat' dir='ltr'><strong>caupones.</strong></span> <span class='ocrx_word' id='word_1_332' title='bbox 1026 4252 1069 4317; x_wconf 86' lang='lat' dir='ltr'><strong>[D.</strong></span> <span class='ocrx_word' id='word_1_333' title='bbox 1086 4265 1111 4313; x_wconf 87' lang='lat'><strong>4.</strong></span> <span class='ocrx_word' id='word_1_334' title='bbox 1129 4265 1153 4315; x_wconf 95' lang='grc'><strong>9.</strong></span> <span class='ocrx_word' id='word_1_335' title='bbox 1171 4248 1208 4315; x_wconf 76' lang='grc'><strong>7.]</strong></span> <span class='ocrx_word' id='word_1_336' title='bbox 1227 4253 1245 4298; x_wconf 92' lang='lat'><strong>1.</strong></span> <span class='ocrx_word' id='word_1_337' title='bbox 1262 4249 1285 4299; x_wconf 80' lang='lat' dir='ltr'><strong>ei</strong></span> <span class='ocrx_word' id='word_1_338' title='bbox 1301 4248 1366 4310; x_wconf 86' lang='lat' dir='ltr'><strong>quid</strong></span> <span class='ocrx_word' id='word_1_339' title='bbox 1380 4248 1522 4329; x_wconf 83' lang='lat' dir='ltr'><strong>contendit.</strong></span> 
     </span>
     <span class='ocr_line' id='line_1_34' title="bbox 346 4336 1521 4417; baseline -0.013 -15"><span class='ocrx_word' id='word_1_340' title='bbox 346 4354 368 4417; x_wconf 65' lang='grc' dir='ltr'><strong>ς</strong></span> <span class='ocrx_word' id='word_1_341' title='bbox 394 4366 416 4402; x_wconf 87' lang='grc'><strong>1.</strong></span> <span class='ocrx_word' id='word_1_342' title='bbox 437 4352 464 4401; x_wconf 75' lang='lat' dir='ltr'><strong>ff.</strong></span> <span class='ocrx_word' id='word_1_343' title='bbox 481 4352 540 4400; x_wconf 81' lang='lat' dir='ltr'><strong>fem.</strong></span> <span class='ocrx_word' id='word_1_344' title='bbox 564 4348 654 4400; x_wconf 76' lang='lat' dir='ltr'><strong>ercisc.</strong></span> <span class='ocrx_word' id='word_1_345' title='bbox 681 4345 725 4412; x_wconf 87' lang='grc'><strong>[1).</strong></span> <span class='ocrx_word' id='word_1_346' title='bbox 753 4360 792 4397; x_wconf 92' lang='grc' dir='ltr'><strong>1ο.</strong></span> <span class='ocrx_word' id='word_1_347' title='bbox 816 4360 840 4393; x_wconf 82' lang='grc' dir='ltr'><strong>τ.</strong></span> <span class='ocrx_word' id='word_1_348' title='bbox 863 4344 918 4406; x_wconf 76' lang='grc' dir='ltr'><strong>4ε.]</strong></span> <span class='ocrx_word' id='word_1_349' title='bbox 953 4342 965 4375; x_wconf 82' lang='lat'>⁸</span> <span class='ocrx_word' id='word_1_350' title='bbox 989 4344 1052 4392; x_wconf 85' lang='lat' dir='ltr'><strong>Hor.</strong></span> <span class='ocrx_word' id='word_1_351' title='bbox 1072 4341 1131 4406; x_wconf 82' lang='lat' dir='ltr'><strong>[Ep.</strong></span> <span class='ocrx_word' id='word_1_352' title='bbox 1152 4354 1173 4390; x_wconf 93' lang='grc'><strong>1.</strong></span> <span class='ocrx_word' id='word_1_353' title='bbox 1191 4354 1216 4389; x_wconf 82' lang='lat' dir='ltr'><strong>a.</strong></span> <span class='ocrx_word' id='word_1_354' title='bbox 1234 4353 1273 4391; x_wconf 85' lang='lat' dir='ltr'><strong>ve.</strong></span> <span class='ocrx_word' id='word_1_355' title='bbox 1293 4336 1344 4402; x_wconf 75' lang='grc'><strong>14]</strong></span> <span class='ocrx_word' id='word_1_356' title='bbox 1379 4338 1391 4371; x_wconf 84' lang='lat'>⁸</span> <span class='ocrx_word' id='word_1_357' title='bbox 1411 4336 1473 4403; x_wconf 83' lang='lat' dir='ltr'><strong>[Op.</strong></span> <span class='ocrx_word' id='word_1_358' title='bbox 1495 4349 1521 4387; x_wconf 86' lang='lat' dir='ltr'><strong>ee</strong></span> 
     </span>
     <span class='ocr_line' id='line_1_35' title="bbox 346 4428 1522 4505; baseline -0.014 -11"><span class='ocrx_word' id='word_1_359' title='bbox 346 4447 379 4494; x_wconf 90' lang='grc'><strong>1).</strong></span> <span class='ocrx_word' id='word_1_360' title='bbox 395 4457 435 4493; x_wconf 82' lang='lat' dir='ltr'><strong>ve.</strong></span> <span class='ocrx_word' id='word_1_361' title='bbox 453 4442 510 4493; x_wconf 78' lang='lat' dir='ltr'><strong>ado.</strong></span> <span class='ocrx_word' id='word_1_362' title='bbox 526 4440 576 4505; x_wconf 80' lang='lat' dir='ltr'><strong>sq]</strong></span> <span class='ocrx_word' id='word_1_363' title='bbox 612 4437 625 4478; x_wconf 64' lang='grc' dir='ltr'><strong>ἲ</strong></span> <span class='ocrx_word' id='word_1_364' title='bbox 642 4440 706 4489; x_wconf 81' lang='lat' dir='ltr'><strong>Gen.</strong></span> <span class='ocrx_word' id='word_1_365' title='bbox 725 4452 765 4487; x_wconf 85' lang='lat' dir='ltr'><strong>ao.</strong></span> <span class='ocrx_word' id='word_1_366' title='bbox 782 4450 808 4499; x_wconf 91' lang='grc'><strong>4.</strong></span> <span class='ocrx_word' id='word_1_367' title='bbox 824 4446 861 4485; x_wconf 89' lang='lat' dir='ltr'><strong>et.</strong></span> <span class='ocrx_word' id='word_1_368' title='bbox 880 4448 905 4498; x_wconf 95' lang='grc'><strong>9.</strong></span> <span class='ocrx_word' id='word_1_369' title='bbox 926 4436 959 4484; x_wconf 89' lang='lat' dir='ltr'><strong>V.</strong></span> <span class='ocrx_word' id='word_1_370' title='bbox 975 4434 1034 4484; x_wconf 80' lang='lat' dir='ltr'><strong>Fab.</strong></span> <span class='ocrx_word' id='word_1_371' title='bbox 1052 4436 1115 4484; x_wconf 87' lang='lat' dir='ltr'><strong>Sem.</strong></span> <span class='ocrx_word' id='word_1_372' title='bbox 1133 4435 1151 4481; x_wconf 84' lang='grc' dir='ltr'><strong>Ι.</strong></span> <span class='ocrx_word' id='word_1_373' title='bbox 1169 4444 1193 4491; x_wconf 69' lang='lat' dir='ltr'><strong>z.</strong></span> <span class='ocrx_word' id='word_1_374' title='bbox 1211 4445 1234 4481; x_wconf 88' lang='lat' dir='ltr'><strong>c.</strong></span> <span class='ocrx_word' id='word_1_375' title='bbox 1255 4444 1293 4493; x_wconf 91' lang='grc'><strong>19.</strong></span> <span class='ocrx_word' id='word_1_376' title='bbox 1326 4428 1339 4465; x_wconf 82' lang='lat'>⁸</span> <span class='ocrx_word' id='word_1_377' title='bbox 1357 4429 1384 4479; x_wconf 93' lang='lat' dir='ltr'><strong>in</strong></span> <span class='ocrx_word' id='word_1_378' title='bbox 1401 4432 1472 4492; x_wconf 76' lang='lat' dir='ltr'><strong>apol.</strong></span> <span class='ocrx_word' id='word_1_379' title='bbox 1489 4432 1522 4479; x_wconf 86' lang='lat' dir='ltr'><strong>de</strong></span> 
     </span>
    </p>
   </div>
   <div class='ocr_carea' id='block_1_4' title="bbox 346 4527 708 4599">
    <p class='ocr_par' dir='ltr' id='par_1_5' title="bbox 346 4527 708 4599">
     <span class='ocr_line' id='line_1_36' title="bbox 346 4527 708 4599; baseline -0.017 -13"><span class='ocrx_word' id='word_1_380' title='bbox 346 4538 413 4587; x_wconf 84' lang='lat' dir='ltr'><strong>Dav.</strong></span> <span class='ocrx_word' id='word_1_381' title='bbox 431 4532 500 4599; x_wconf 82' lang='lat' dir='ltr'><strong>[vol.</strong></span> <span class='ocrx_word' id='word_1_382' title='bbox 519 4546 541 4583; x_wconf 86' lang='lat'><strong>1.</strong></span> <span class='ocrx_word' id='word_1_383' title='bbox 557 4546 586 4593; x_wconf 88' lang='lat' dir='ltr'><strong>p.</strong></span> <span class='ocrx_word' id='word_1_384' title='bbox 602 4544 661 4591; x_wconf 73' lang='lat' dir='ltr'><strong>ray.</strong></span> <span class='ocrx_word' id='word_1_385' title='bbox 676 4527 708 4595; x_wconf 89' lang='lat' dir='ltr'><strong>f.]</strong></span> 
     </span>
    </p>
   </div>
   <div class='ocr_carea' id='block_1_5' title="bbox 1712 2576 1716 2705">
    <p class='ocr_par' dir='ltr' id='par_1_6' title="bbox 1712 2576 1716 2705">
     <span class='ocr_line' id='line_1_37' title="bbox 1712 2576 1716 2705; baseline 0 0"><span class='ocrx_word' id='word_1_386' title='bbox 1712 2576 1716 2705; x_wconf 79' lang='lat' dir='ltr'><strong>i</strong></span> 
     </span>
    </p>
   </div>
   <div class='ocr_carea' id='block_1_6' title="bbox 0 0 1730 5431">
    <p class='ocr_par' dir='ltr' id='par_1_7' title="bbox 0 0 1730 5431">
     <span class='ocr_line' id='line_1_38' title="bbox 0 0 1730 5431; baseline 0 0"><span class='ocrx_word' id='word_1_387' title='bbox 0 0 1730 5431; x_wconf 95' lang='lat' dir='ltr'><strong> </strong></span> 
     </span>
    </p>
   </div>
  </div>
 </body>
</html>
