3450 5434
517 615 565 661 DE
588 615 682 680 Junn
708 612 892 661 Pannona.
918 613 998 660 cAl’.
1023 612 1080 659 XV.
1318 613 1379 676 339

204 768 381 850 aliquando
418 767 559 849 habeat,
592 769 651 834 ubi
683 767 725 834 ad
754 767 994 834 restitutionem
1024 765 1152 851 iudicio
1183 780 1379 850 cogeretur,

202 896 428 963 praeterquam
451 880 542 962 qnod
560 899 627 944 rem
648 878 788 958 metuit,
814 899 898 960 quae
919 897 1095 960 numquam
1115 891 1172 943 aut
1189 896 1265 943 sane
1285 896 1379 942 num-

204 1011 301 1072 quam
325 990 499 1073 praecipue
532 989 708 1055 metuenda
738 1004 812 1070 est,
837 1005 875 1054 ut
899 1004 972 1055 ante
996 989 1163 1070 diximus,
1188 988 1322 1072 insuper
1345 987 1378 1054 in

200 1101 285 1185 juris
317 1101 505 1185 cognitione
536 1101 679 1184 graviter
701 1101 824 1166 labitur
846 1115 879 1165 et
902 1101 1019 1166 damno
1041 1120 1102 1166 suo
1125 1099 1222 1165 favet.
1266 1099 1378 1164 Multo
1391 1107 1540 1208 ''j-Hm&

203 1212 288 1277 enim
319 1211 450 1276 facilius
473 1226 609 1296 cogetur
633 1211 709 1294 quis
730 1211 902 1277 restituere
926 1231 993 1275 eam
1017 1212 1192 1294 praedam,
1217 1231 1300 1293 quae
1321 1194 1496 1292 pe-r011·'11·

202 1342 261 1390 nes
292 1343 327 1388 se
361 1337 487 1402 exstet,
521 1342 617 1404 quam
651 1342 735 1404 quae
768 1323 833 1406 jam
867 1336 1038 1386 consumta
1066 1321 1109 1388 sit
1133 1331 1167 1401 ¹,
1198 1340 1272 1386 cum
1295 1322 1378 1386 hanc

203 1433 307 1500 bonae
338 1432 416 1498 fidei
446 1434 589 1515 praemio
608 1433 722 1498 cedere
746 1431 1040 1515 compertissimum
1060 1431 1114 1497 sit.
1159 1432 1278 1498 Nihilo
1302 1433 1377 1514 plus

203 1558 304 1626 agunt
323 1543 358 1608 hi
380 1544 438 1625 qui
461 1559 645 1627 agnoscunt
665 1543 800 1625 quidem
821 1542 973 1626 praedam
997 1542 1054 1608 sed
1077 1543 1141 1608 alio
1164 1541 1376 1610 transferunt.

203 1653 290 1719 Nam
322 1653 350 1720 si
375 1655 494 1720 vitium
515 1654 563 1719 rei
586 1653 693 1720 inesse
714 1653 951 1739 imaginantur,
976 1653 1010 1718 id
1033 1653 1167 1736 quidem
1191 1655 1281 1719 nulla
1300 1653 1377 1718 alie-

203 1765 337 1830 natione
366 1764 498 1849 purgari
525 1778 657 1847 potest,
682 1765 868 1846 quodcum
891 1763 1020 1848 legibus
1045 1764 1139 1830 etiam
1161 1765 1376 1830 constitutum

203 1874 247 1940 sit
269 1872 304 1955 ²,
327 1890 397 1940 tum
419 1875 556 1942 veroin
580 1875 781 1942 conscientia
809 1878 916 1941 multo
949 1876 1052 1960 magis
1082 1875 1219 1941 obtinet.
1267 1877 1377 1963 Quare

204 1987 263 2069 qui
295 1989 377 2053 mala
411 1987 475 2054 fide
505 1988 653 2071 praedam
683 1988 852 2070 percepit,
885 2007 958 2052 cum
983 1986 1110 2054 scilieet
1131 2007 1199 2052 eam
1223 1985 1376 2071 injustam

203 2099 371 2178 crederet,
396 2099 424 2166 is
445 2100 484 2164 ad
510 2099 753 2166 restitutionem
774 2114 936 2182 perpetuo
959 2114 1107 2179 tenetur,
1129 2099 1172 2162 ita
1192 2113 1230 2164 ut
1250 2099 1378 2164 tradant

202 2210 349 2294 magistri
377 2229 438 2275 nec
473 2210 644 2275 vendendo
679 2230 739 2274 nec
772 2208 925 2276 donando
957 2229 1029 2275 eum
1054 2209 1206 2290 liberari,
1231 2210 1326 2276 etiam
1350 2210 1377 2276 si

203 2341 253 2386 res
283 2321 315 2384 in
349 2320 557 2386 millesimum
588 2339 809 2402 possessorem
832 2324 986 2388 translata
1007 2323 1050 2387 sit
1069 2326 1093 2387 ¹.
1140 2321 1175 2386 si
1200 2321 1275 2403 quis
1298 2341 1378 2387 vero

203 2431 367 2496 existimet
399 2431 475 2496 ideo
506 2451 541 2496 se
567 2431 676 2497 minus
698 2431 836 2513 praedae
856 2432 1048 2516 participem
1069 2431 1133 2496 dici
1155 2451 1273 2514 posse,
1298 2432 1377 2513 quia

201 2542 391 2625 priusquam
425 2542 496 2625 ejus
529 2541 709 2623 quidquam
742 2541 941 2625 contigerit,
962 2544 1018 2626 jus
1041 2561 1136 2606 omne
1160 2543 1251 2608 alteri
1275 2541 1376 2626 resig-

201 2668 330 2733 nasset,
355 2671 469 2736 expers
490 2667 539 2718 est
562 2652 658 2717 etiam
679 2652 826 2737 vulgaris
846 2652 1135 2736 jurisprudentiae.
1165 2653 1267 2740 Quod
1291 2653 1374 2718 enim

201 2785 272 2829 mea
301 2763 511 2830 concessione
542 2764 583 2828 ad
615 2765 752 2829 alterum
780 2763 954 2846 pervenit,
979 2783 1177 2846 quamquam
1200 2763 1315 2845 brevi,
1339 2779 1378 2829 ut

201 2875 348 2955 dicitur,
371 2895 469 2940 manu
500 2873 719 2952 transfertur,
743 2889 851 2939 tamen
877 2873 957 2957 quin
986 2893 1093 2938 meum
1117 2873 1242 2954 fuerit,
1266 2873 1377 2959 negari

201 3006 266 3051 non
298 3001 420 3068 potest.
476 2986 617 3066 Alioqui
646 2984 730 3052 nihil
760 2984 801 3050 ad
831 3005 893 3052 nos
924 2983 1033 3050 omnia
1056 2984 1112 3049 illa
1141 2984 1375 3068 pertinebunt,

201 3115 286 3178 qnae
317 3115 376 3179 per
399 3111 626 3178 procuratores
648 3111 779 3162 nostros
801 3111 935 3178 accepta
954 3110 985 3161 et
1008 3113 1147 3178 expensa
1169 3111 1260 3162 sunt.
1306 3095 1377 3162 Eos

201 3221 309 3272 autem
342 3206 400 3289 qui
431 3206 573 3272 alienant
604 3227 736 3273 necesse
767 3221 816 3272 est
833 3221 890 3271 aut
912 3206 946 3272 in
967 3225 1126 3290 pauperes
1139 3226 1296 3290 erogare,
1320 3221 1377 3273 aut

201 3317 277 3383 dare
299 3317 468 3396 societati,
491 3331 548 3383 aut
574 3317 667 3382 alteri
690 3317 808 3383 cuivis.
853 3317 923 3404 Qui
946 3307 1152 3400 pauperibus·
1168 3317 1268 3383 donat
1291 3317 1374 3384 idem

200 3427 281 3493 facit
312 3449 348 3494 ac
378 3427 406 3492 si
434 3428 506 3493 Deo
548 3429 666 3494 donet:
703 3442 752 3494 est
783 3443 891 3494 autem
923 3430 986 3494 hoc
1021 3427 1169 3512 inprimis
1199 3428 1374 3496 laudabile.

201 3540 294 3626 Quid
326 3539 411 3605 enim
441 3539 588 3623 iustius,
614 3560 711 3622 quam
735 3539 768 3605 in
792 3539 993 3606 obventione
1024 3538 1103 3607 satis
1132 3540 1294 3624 insperata
1321 3559 1377 3625 ag·

200 3670 335 3716 noscere
356 3651 428 3734 ejus
450 3649 670 3730 beneficium,
706 3649 761 3716 cui
783 3650 846 3715 soli
866 3648 1005 3715 debetur
1027 3651 1187 3716 bellorum
1207 3651 1374 3718 victoria?

200 3763 314 3843 Itaque
345 3781 411 3827 non
439 3761 573 3846 Judaeis
604 3775 753 3840 tantum,
787 3761 845 3826 sed
875 3773 907 3824 et
938 3758 1074 3828 Graecis
1100 3775 1132 3826 et
1153 3761 1311 3828 Romanis
1343 3777 1377 3827 et

200 3873 273 3938 aliis
294 3872 446 3955 gentibus
466 3871 499 3938 in
519 3891 609 3937 more
627 3872 773 3955 positum
797 3869 885 3951 fuit,
908 3869 1065 3936 decimam
1087 3885 1144 3936 aut
1168 3871 1262 3936 aliam
1283 3891 1376 3955 prae-

200 3983 260 4048 dae
288 3998 412 4065 partem
440 4002 638 4049 consecrare.
684 3982 750 4049 Sed
768 4002 807 4048 eo
829 3982 902 4065 ipso
923 3981 1003 4048 satis
1026 3982 1220 4066 intelligitur
1243 4001 1374 4049 necesse

199 4113 266 4158 non
289 4113 382 4172 esse,
405 4107 443 4158 ut
461 4094 570 4159 omnia
594 4094 812 4178 resignentur.
857 4093 945 4159 Nam
972 4107 1004 4158 et
1027 4093 1235 4159 Abrahamns
1255 4097 1291 4175 ⁴,
1316 4093 1374 4175 qui

238 4265 246 4297 ¹
261 4265 329 4313 Vict.
345 4266 376 4314 de
393 4264 449 4322 iure
466 4266 537 4316 belli.
552 4281 577 4316 n.
590 4280 631 4325 33.
654 4265 665 4298 ¹
682 4268 745 4317 inst.
761 4270 793 4316 de
811 4281 884 4317 usuc.
900 4273 923 4327 5.
939 4267 1058 4316 lirrtlvae.
1078 4267 1111 4329 [I.
1121 4281 1144 4316 a.
1154 4268 1177 4316 6.
1191 4269 1212 4325 9.
1222 4267 1257 4328 a]
1284 4265 1295 4299 ⁸
1312 4265 1375 4316 silv.

200 4356 227 4404 in
244 4371 270 4403 v.
287 4357 392 4404 Bellum.
408 4360 431 4416 5.
450 4371 489 4406 ιο.
510 4359 569 4420 Jon.
585 4359 670 4419 Lupus
688 4359 714 4408 d.
732 4362 754 4418 l.
772 4358 793 4408 si
811 4359 880 4408 bene
903 4360 1028 4409 advertas.
1050 4358 1130 4407 Willr.
1146 4359 1240 4406 Marah.
1262 4358 1287 4406 d.
1305 4359 1374 4406 loco.

198 4445 210 4477 ⁴
229 4449 291 4494 Gen.
307 4460 331 4496 c.
351 4461 389 4508 ¹4·
405 4447 431 4495 in
448 4445 507 4496 line.

1188 4537 1248 4599 22*
