3450 5434
347 609 388 674 26
661 625 708 671 nrt
731 625 825 691 Jurtr.
851 623 1034 672 rannone.
1058 622 1139 674 cnr.
1162 624 1202 670 11.

347 795 379 846 at
411 795 572 864 quatenus
605 779 802 864 reipublicae
824 795 902 845 sunt
921 794 1148 863 procuratores
1164 799 1232 847 non
1255 779 1297 845 ad
1318 797 1432 863 suam,
1459 780 1519 846 sed

345 893 387 958 ad
407 892 605 976 reipublicae
627 892 799 958 utilitatem
821 890 965 957 instituti
988 907 1066 958 sunt
1089 895 1116 971 ¹,
1139 893 1253 958 eodem
1273 890 1401 957 scilieet
1418 892 1517 958 modo

347 1025 414 1086 quo
436 1003 567 1069 navium
587 1004 832 1089 gubernatores.
862 1003 972 1090 Quare
992 1005 1082 1089 leges
1103 1005 1205 1086 duae,
1228 1025 1312 1088 quae
1333 1005 1517 1071 contractui

208 1131 260 1176 tax
274 1131 306 1176 a.
346 1114 486 1183 mandati
518 1115 706 1183 naturaliter
737 1115 870 1196 insunt,
905 1114 959 1181 hic
986 1116 1079 1181 etiam
1101 1116 1326 1199 reperiuntur,
1350 1136 1435 1181 una:
1469 1117 1517 1181 Ut

210 1245 261 1291 aar
274 1244 319 1291 rr1.
346 1232 568 1314 magistratus
592 1235 701 1292 omma
718 1241 820 1314 gerat
839 1249 855 1292 a
874 1228 952 1292 bomo
970 1228 1193 1314 reipublicaa3
1212 1229 1329 1294 altera:
1354 1228 1401 1293 Ut
1420 1226 1517 1313 quid-

346 1339 430 1425 quid
461 1341 683 1424 magistratus
718 1343 820 1425 gessit
858 1339 1045 1425 respublica
1079 1353 1194 1404 ratum
1227 1341 1358 1406 habeat.
1412 1340 1516 1405 Recte

346 1451 469 1518 Seneca
500 1449 511 1486 ²
543 1450 583 1515 de
623 1448 769 1534 principe
802 1466 835 1516 et
871 1450 1040 1534 republica
1072 1452 1203 1517 locutus
1235 1451 1345 1518 diduci
1380 1453 1515 1518 alterum

345 1577 441 1647 negat
471 1580 584 1651 posse¹
600 1563 670 1629 sine
701 1563 876 1645 utriusque
908 1562 1071 1646 pernicie:
1118 1563 1211 1628 Nam
1244 1577 1283 1628 ut
1308 1563 1365 1629 illi
1386 1564 1515 1631 viribus

346 1690 422 1762 opus
456 1689 528 1755 ast,
562 1677 615 1740 r'ta
649 1689 680 1740 rt
712 1677 790 1740 huic
823 1677 946 1761 capita.
992 1674 1028 1740 Si
1061 1694 1149 1741 nunc
1183 1675 1299 1740 cessim
1320 1694 1454 1758 eamus,
1479 1690 1517 1740 ut

346 1805 430 1867 quae
462 1786 610 1868 proxime
644 1786 730 1852 dicta
763 1801 842 1851 sunt
873 1785 914 1850 ad
947 1804 1006 1852 sua
1038 1785 1198 1870 principia
1231 1801 1317 1852 retro
1350 1785 1515 1868 ferantur,

345 1897 440 1963 facile
471 1898 639 1980 apparebit
669 1917 726 1980 per
762 1916 958 1963 consensum
999 1897 1144 1964 civitatis
1181 1913 1396 1980 sanctumque
1429 1897 1518 1981 apud

346 2028 460 2078 omnes
483 2024 596 2094 gentes
625 2009 872 2094 magistratuum
907 2029 1040 2090 nomen,
1075 2010 1104 2075 ei
1136 2010 1184 2076 rei
1205 2028 1271 2075 non
1295 2009 1394 2074 alium
1418 2029 1515 2092 quam

346 2123 453 2188 Deum
476 2140 545 2187 esse
567 2136 750 2187 auctorent:
776 2141 843 2204 quo
863 2135 989 2204 spectat
1007 2127 1041 2192 ἔκ
1059 2127 1089 2190 al
1109 2126 1176 2197 Διὸς
1191 2126 1349 2205 timiama:
1372 2119 1426 2185 Ab
1432 2123 1518 2210 Jata

345 2246 422 2298 sunt
446 2255 536 2320 regas
558 2238 580 2298 ⁸.
626 2232 689 2298 Vis
712 2248 819 2299 autem
844 2233 899 2299 illa
921 2232 1063 2300 mandati
1082 2234 1210 2316 regulas
1222 2230 1395 2298 constituit
1416 2232 1516 2312 duas,

344 2346 520 2428 postremis
542 2345 670 2410 duabus
685 2359 904 2427 comparatas,
931 2363 1068 2427 quarum
1080 2363 1147 2409 una
1158 2342 1394 2428 legislatorum,
1418 2345 1518 2409 altera

173 2481 318 2541 negaram.
343 2456 492 2542 judicum
512 2455 684 2521 confirmat
714 2456 950 2522 auctoritatem.
1000 2453 1097 2538 Quod
1125 2476 1158 2520 sa
1188 2458 1410 2541 magistratus
1434 2454 1518 2523 ralia
1548 2491 1565 2508 ι

173 2565 549 2655 negumasignificarr't
569 2567 608 2634 td
625 2570 661 2632 in
683 2571 767 2635 airas
791 2571 959 2636 uniuersos
971 2569 1031 2651 jus
1054 2581 1111 2632 ast.
1157 2566 1222 2648 Et,
1245 2563 1342 2648 Quod
1353 2571 1518 2653 samagis·

346 2693 460 2744 tratas
482 2678 565 2748 ralla
587 2675 790 2766 significarit
813 2678 851 2745 id
869 2683 905 2744 ia
927 2683 1012 2747 ciras
1035 2679 1340 2765 singutasjasastt.
1386 2678 1517 2744 Annec-

345 2792 479 2860 tendum
501 2810 588 2856 nunc
612 2790 695 2857 illud
718 2806 785 2872 est,
809 2809 880 2857 esse
903 2791 1067 2874 quoddam
1088 2791 1143 2874 jus
1153 2789 1292 2856 mixtum
1305 2792 1427 2876 exjure
1439 2809 1517 2875 gen·

173 2931 331 2998 ,largarum
345 2905 427 2970 tium
448 2919 481 2969 et
502 2903 612 2986 civili,
636 2903 707 2970 sive
727 2904 783 2988 jus
811 2902 956 2987 gentium
979 2903 1071 2985 quod
1093 2917 1181 2968 recte
1209 2923 1246 2968 ac
1262 2901 1392 2985 proprie
1404 2923 1516 2967 sacun-

165 2987 331 3032 'mmmm'
344 3015 480 3082 darium
503 3025 514 3058 ⁶
538 3015 670 3081 dicitur.
716 3015 765 3079 Ut
798 3014 882 3079 enim
907 3033 1080 3080 commune
1102 3015 1226 3080 bonum
1255 3013 1456 3098 privatorum
1480 3033 1517 3078 ea

344 3126 488 3206 induxit,
512 3147 596 3208 quae
621 3127 686 3210 jam
714 3124 941 3207 recitavimus,
965 3125 1010 3191 ita
1032 3146 1107 3191 cum
1130 3126 1173 3190 sit
1193 3125 1328 3208 aliquod
1345 3143 1516 3191 commune

343 3236 654 3322 rerumpublicarum
679 3235 762 3301 inter
796 3255 830 3300 se
863 3236 1006 3319 bonum,
1031 3256 1084 3302 eas
1107 3237 1191 3303 inter
1213 3252 1327 3322 gentes
1346 3257 1430 3320 quae
1449 3256 1516 3303 res-

343 3349 492 3434 publicas
529 3348 592 3414 sibi
632 3347 870 3414 constituerant
907 3349 947 3414 de
986 3349 1050 3415 hoc
1081 3348 1177 3414 etiam
1206 3347 1371 3416 convenit.
1428 3347 1516 3413 Hinc

344 3475 394 3528 est
425 3463 537 3545 regula
569 3459 724 3526 imitatrix
756 3459 826 3543 ejus
859 3481 943 3543 quae
974 3461 1042 3526 fuit
1070 3475 1207 3543 quarta,
1237 3461 1333 3545 cujus
1361 3461 1444 3526 ratio
1476 3481 1515 3525 ex

156 3600 249 3659 nagan
262 3599 329 3645 tarr.
344 3571 439 3639 tertia
461 3587 494 3639 et
513 3572 656 3638 secunda
679 3586 710 3636 et
731 3588 969 3654 consequenter
992 3593 1030 3637 ex
1051 3572 1154 3656 prima
1176 3571 1362 3639 deducitur.
1412 3569 1512 3655 Quid·

344 3685 427 3772 quid
466 3705 570 3750 amnas
614 3682 819 3771 respublicae
852 3685 1090 3774 significarunt
1120 3705 1153 3750 sa
1181 3682 1285 3764 ralla,
1318 3684 1358 3749 id
1385 3688 1421 3748 in
1451 3705 1515 3748 am·

343 3817 398 3862 nas
411 3798 471 3882 jus
492 3810 549 3863 ast.
583 3795 741 3879 Exempla
765 3798 833 3864 dari
852 3812 992 3882 possunt
1014 3798 1054 3862 de
1075 3797 1191 3882 legatis
1212 3815 1280 3863 non
1300 3795 1463 3862 violandis
1477 3796 1514 3878 ⁵,

378 4100 385 4132 ¹
404 4101 481 4150 Arist.
500 4102 532 4148 de
550 4113 613 4148 mor.
631 4101 663 4148 ad
680 4099 782 4148 Nicom.
801 4101 817 4148 l.
837 4113 858 4156 5.
878 4114 900 4149 c.
921 4115 958 4150 ιο.
978 4101 1016 4164 [p.
1037 4113 1109 4163 1134.
1126 4115 1149 4149 2.
1167 4114 1206 4150 vs.
1226 4101 1260 4163 r.]
1280 4102 1350 4148 Plato
1361 4102 1393 4148 de
1401 4113 1455 4160 rep.
1464 4102 1481 4147 l.
1494 4113 1514 4147 r.

345 4193 383 4255 [p.
402 4205 458 4255 ³41·
482 4205 505 4240 c.
532 4190 570 4253 d.]
605 4187 665 4241 'de
687 4193 761 4239 clem.
778 4193 795 4240 l.
816 4205 836 4240 1.
855 4204 878 4240 c.
895 4205 920 4253 4.
954 4191 1088 4241 ⁸lleslod.
1104 4193 1200 4253 l'lseog.
1221 4191 1272 4256 [vs.
1286 4190 1340 4254 9ό.]
1376 4191 1465 4240 ⁴1nst.
1484 4193 1515 4239 de

343 4283 398 4342 iure
423 4295 474 4334 nat.
499 4286 512 4342 5
535 4283 581 4334 sed
605 4293 630 4330 et
657 4283 726 4342 quod
750 4281 879 4343 principi,
904 4295 929 4332 et
954 4297 1010 4343 sqq.
1039 4281 1070 4346 [Ι.
1095 4296 1116 4331 r.
1135 4287 1186 4342 Μ
1203 4281 1240 4346 6.]
1276 4281 1358 4330 Ῥεῖ.
1375 4282 1435 4330 Feb.
1452 4285 1515 4330 Sem.

344 4377 361 4424 l.
378 4373 539 4424 2.c.1.circa
556 4373 675 4424 medium.
692 4374 769 4433 Vasq.
786 4375 876 4422 Contr.
889 4385 957 4434 pose
970 4386 994 4422 c.
1010 4375 1050 4436 89.
1068 4384 1113 4424 art.
1130 4386 1170 4429 25.
1188 4373 1228 4435 [ln
1238 4373 1516 4433 conrnposavrsquii

344 4467 440 4516 nullutn
458 4476 495 4514 est
513 4477 587 4526 caput
607 4467 646 4527 89.
663 4463 786 4513 Ultimum
803 4475 880 4525 caput
898 4475 935 4514 est
953 4477 994 4522 71.
1005 4463 1151 4524 Disputatio
1160 4465 1192 4513 de
1200 4461 1257 4520 iure
1265 4462 1416 4512 secundario
1425 4463 1517 4525 legitur

345 4557 370 4606 in
389 4557 477 4605 Contr.
495 4555 585 4605 illustr.
599 4557 623 4606 d.
640 4554 675 4618 r.]
711 4553 756 4609 ⁸1.
775 4557 820 4606 ult.
838 4555 864 4604 ff.
880 4557 911 4605 de
926 4558 1000 4618 leget.
1016 4555 1061 4618 [D.
1075 4568 1115 4611 so.
1130 4567 1154 4614 7.
1173 4555 1224 4618 17.]
