3450 5434
520 645 567 691 nn
591 647 684 712 Jonn
713 645 897 692 rnnnnnn.
922 645 1001 692 cnr.
1025 645 1064 691 11.
1336 643 1375 687 21

205 802 300 866 etiarn
321 820 458 868 coronas
479 799 600 868 civicas
624 801 724 867 donat
754 821 813 866 nec
845 799 930 865 in'tra
951 800 1127 886 majestatis
1150 819 1222 866 reos
1244 800 1378 884 publica

202 913 327 997 judicia
345 927 497 995 coercet,
521 913 577 979 sed
601 913 780 979 homicidas
807 932 942 996 quoque
966 927 998 977 et
1017 911 1165 978 falsarios
1185 927 1217 978 et
1229 911 1264 978 id
1276 931 1377 997 genus

204 1041 315 1092 sontes
345 1026 386 1090 ad
416 1025 578 1109 supplicia
610 1025 767 1109 deposcit.
814 1026 860 1090 Et
891 1025 955 1092 ista
978 1025 1111 1106 quidem
1135 1044 1208 1089 cunr
1233 1025 1303 1108 ejus
1324 1044 1377 1088 so·

203 1136 348 1220 rietatis,
383 1155 467 1218 quae
497 1157 514 1201 a
545 1151 658 1203 natura
691 1137 839 1204 instituta
870 1151 941 1216 est,
968 1137 1042 1221 jure
1069 1136 1147 1202 satis
1166 1136 1378 1201 conveniunt.

203 1248 388 1315 Peculiares
410 1262 518 1315 autern
538 1249 646 1315 civilis
668 1247 810 1315 foederis
833 1251 934 1333 leges,
956 1269 996 1314 ex
1020 1249 1124 1313 tribus
1138 1247 1258 1332 regulis
1278 1247 1379 1312 dima-

203 1374 340 1441 nantes,
362 1361 448 1425 ultra
472 1380 524 1424 eas
548 1380 629 1441 quas
652 1360 849 1426 dictavimus
874 1362 961 1446 leges
972 1360 1006 1425 in
1019 1362 1106 1425 hunc
1119 1360 1252 1424 modum
1264 1359 1378 1424 viden·

203 1486 258 1535 tur
280 1471 467 1553 procedere.
502 1471 600 1536 Una:
626 1471 673 1536 Ut
695 1472 822 1558 singuli
842 1475 927 1539 eires
938 1484 1084 1536 caeteros
1108 1484 1178 1534 tem
1191 1475 1378 1553 universos,
1403 1469 1455 1515 Μ
1468 1466 1524 1514 711.

205 1596 275 1645 tum
298 1582 442 1668 singulos
465 1603 528 1647 non
548 1582 638 1648 modo
665 1603 729 1647 non
758 1581 947 1662 laederent,
975 1602 1089 1650 rerum
1116 1585 1217 1646 etiam
1247 1595 1379 1646 tueren-

206 1696 299 1759 ter¹.
318 1694 451 1759 Altera:
465 1694 512 1758 Ut
530 1698 615 1761 eires
636 1715 700 1759 non
721 1693 811 1760 modo
832 1693 924 1759 alter
948 1694 1053 1758 alteri
1069 1697 1236 1780 privatim
1261 1707 1322 1758 aut
1344 1697 1380 1758 in
1406 1693 1538 1740 MVW·

205 1826 371 1871 commune
398 1821 545 1892 possesse
578 1826 642 1870 non
678 1809 862 1892 eriperent,
897 1826 1011 1874 rerum
1038 1809 1138 1870 etiam
1162 1805 1288 1892 singuli
1310 1819 1379 1868 tem

206 1939 291 2002 quae
313 1917 471 2003 singulis,
491 1933 561 1981 tum
586 1937 671 2002 quae
691 1921 855 1984 universis
876 1921 1061 1983 necessaria
1080 1917 1281 2000 conferrent.
1328 1918 1381 1983 Ex

205 2029 314 2112 priore
355 2032 488 2112 βοηθούς,
522 2049 561 2094 ex
587 2029 768 2112 posteriore
790 2035 930 2105 κοινωνούς
952 2029 1046 2095 Plato
1069 2026 1081 2062 ²
1104 2028 1193 2094 cives
1218 2032 1381 2113 appellat,

208 2141 240 2206 h.
270 2161 297 2205 e.
328 2139 514 2205 aneilierer
544 2145 636 2206 inter
666 2161 697 2205 se
733 2154 833 2227 atque
850 2145 1046 2227 participes.
1094 2141 1248 2223 Spectant
1271 2143 1381 2225 itaque

206 2251 266 2317 hae
294 2253 381 2335 leges
412 2254 535 2317 bonum
567 2252 699 2335 quidem
730 2272 917 2330 commune,
947 2271 1012 2319 non
1044 2267 1151 2317 tamen
1179 2269 1217 2318 ut
1236 2253 1381 2321 diverso·

206 2383 299 2443 rurn,
330 2363 417 2429 sicut
446 2367 532 2449 leges
564 2363 651 2430 tertii
674 2364 816 2445 ordinis,
846 2363 906 2430 sed
939 2379 977 2428 ut
997 2364 1095 2430 unius
1118 2378 1217 2447 atque
1240 2365 1320 2431 adeo
1345 2382 1382 2433 ut

206 2495 315 2541 suum.
362 2476 570 2562 Quamquam
590 2475 692 2561 igitur
711 2477 791 2542 ordo
812 2478 920 2562 legum
944 2477 1049 2559 primo
1068 2480 1142 2542 loco
1168 2493 1200 2543 et
1227 2478 1382 2562 deinceps

208 2586 385 2668 positarum
421 2587 600 2653 ostenderit
625 2588 748 2654 bonum
777 2607 873 2655 suum
903 2588 994 2671 prius
1024 2609 1093 2655 esse
1123 2589 1228 2656 alieno
1242 2590 1272 2674 ³,
1296 2593 1328 2657 h.
1353 2615 1381 2660 e.

207 2697 252 2762 ita
275 2713 389 2764 natura
410 2714 649 2782 comparatum,
674 2699 737 2765 sibi
761 2700 961 2781 utquisque
983 2700 1100 2765 melius
1112 2720 1181 2765 esse
1193 2702 1272 2769 velit
1283 2725 1381 2787 quarn

207 2809 315 2886 alteri,
340 2830 407 2891 quo
431 2825 463 2875 et
472 2810 536 2894 ,illa
557 2811 915 2894 spectant,Proximus
927 2825 1047 2896 egomet
1060 2813 1142 2875 mihi
1148 2859 1159 2892 ,
1182 2816 1252 2892 γόνυ
1273 2821 1382 2898 κνήμης

207 2921 314 3000 ἔγγιον,
347 2925 463 2986 tunica
489 2921 598 3008 pallio
625 2927 785 3009 propior,
817 2935 923 2986 tamen
958 2921 1015 2986 ubi
1043 2922 1211 3003 quaeritur
1230 2924 1270 2989 de
1294 2926 1381 2992 bono

207 3031 411 3116 singulorum
434 3034 528 3099 etde
551 3034 638 3100 bono
661 3034 825 3117 omniurn,
851 3054 991 3116 quorum
1014 3048 1191 3116 utrumque
1218 3051 1303 3102 recte
1329 3038 1382 3102 bo-

208 3163 285 3207 num
310 3158 402 3208 seeum
426 3145 438 3178 ⁴
461 3143 597 3222 dicitur,
622 3146 649 3212 si
673 3145 806 3229 quidem
830 3161 862 3210 et
885 3165 997 3212 omnes
1020 3165 1121 3210 unum
1142 3162 1220 3212 sunt
1237 3148 1381 3233 aliquid,

209 3255 331 3321 bonum
364 3255 447 3322 illud
476 3257 621 3323 omnium
653 3259 764 3341 potius
792 3279 861 3325 esse
885 3258 995 3335 debet,
1020 3274 1181 3341 quatenus
1202 3259 1231 3325 ei
1254 3260 1381 3326 scilicet

209 3380 242 3430 et
273 3367 394 3432 bonurn
429 3367 513 3434 inest
545 3370 750 3453 singulorum
781 3376 813 3451 ⁵,
847 3389 913 3434 non
937 3369 1029 3434 aliter
1052 3384 1151 3451 atque
1171 3391 1293 3436 merces
1316 3371 1380 3437 nisi

208 3497 290 3543 nave
316 3493 443 3544 servata
474 3481 581 3546 salvae
615 3501 684 3548 esse
715 3495 905 3562 nequeunt:
931 3480 1147 3548 Hierocles⁶:
1170 3488 1227 3568 χρὴ
1245 3489 1278 3551 τὸ
1299 3488 1384 3553 κοινὸν

207 3598 258 3658 τοῦ
285 3592 354 3659 κατ’
382 3595 454 3660 ἰδίαν
481 3598 523 3674 μὴ
545 3597 672 3678 χωρίζειν
693 3593 766 3662 ἀλλ’
786 3589 814 3660 ἓν
835 3599 966 3674 ἡγεῖσθαι
990 3597 1039 3661 καὶ
1061 3596 1180 3663 ταύτόν.
1216 3596 1252 3663 ro'
1270 3623 1304 3663 τε
1325 3601 1385 3678 γὰρ

208 3713 245 3784 τῇ
274 3708 387 3786 renna
416 3707 559 3790 συμφέρον
593 3707 677 3773 κοινόν
700 3709 761 3774 ἐστι
783 3710 831 3774 καὶ
855 3715 911 3773 τῶν
931 3710 1011 3772 mie
1031 3710 1112 3787 μέρος
1133 3707 1259 3789 ἑκάστῳ.
1305 3706 1384 3769 Non

210 3828 336 3900 oportet
352 3813 523 3899 publicem
545 3836 566 3879 a
582 3819 721 3902 privato
743 3832 924 3902 separare:
950 3815 1038 3900 quod
1052 3818 1136 3881 enim
1148 3820 1290 3902 patriae
1300 3816 1385 3881 utile

209 3939 273 4000 est,
305 3924 389 3990 idem
420 3925 560 4012 singulis
579 3931 680 3991 etiam
704 3927 864 4012 pertibus
886 3949 1052 3992 commune
1073 3941 1132 3992 est.
1180 3927 1254 3993 Hoc
1276 3927 1384 4010 ipsum

210 4051 321 4101 curet
343 4051 504 4119 qnatenus
527 4038 649 4104 bonurn
671 4039 833 4122 privatum
856 4039 992 4122 publico
1015 4039 1181 4124 subjaceat
1200 4059 1240 4103 ex
1251 4037 1384 4103 Periclis

244 4295 347 4346 ¹Arist.
370 4299 402 4346 de
419 4311 473 4358 rep.
492 4301 509 4347 l.
528 4311 551 4356 ³·
570 4313 592 4347 c.
610 4315 633 4362 9.
654 4299 691 4364 [p.
712 4303 782 4348 1280.
801 4315 824 4348 2.
843 4314 881 4349 vs.
900 4299 952 4365 29.]
989 4297 1049 4348 ¹de
1066 4312 1120 4359 rep.
1137 4299 1154 4346 Ι.
1173 4311 1196 4345 2.
1216 4296 1253 4360 [p.
1272 4298 1329 4361 369.
1347 4297 1382 4363 c.]

210 4385 222 4420 ⁸
239 4387 315 4437 Arist.
333 4390 364 4437 de
382 4401 445 4437 mor.
463 4391 494 4438 ad
512 4390 615 4438 Nicorn.
634 4393 650 4439 i.
668 4407 691 4454 9.
710 4406 732 4440 c.
752 4395 774 4440 8.
795 4391 831 4456 [p.
852 4392 923 4441 1168.
942 4406 965 4440 2.
983 4405 1021 4440 vs.
1039 4390 1074 4454 6.]
1110 4389 1156 4436 ⁴1.
1173 4388 1294 4450 pupillus.
1312 4389 1324 4450 5
1340 4391 1385 4438 ult.

211 4479 236 4527 ff.
254 4481 285 4528 de
303 4480 374 4528 verb.
391 4480 454 4542 sign.
475 4479 518 4544 [1).
537 4495 576 4538 50·
597 4482 635 4530 16.
654 4483 722 4547 sao]
758 4481 877 4532 ⁶Thom.
892 4498 916 4532 2.
935 4498 957 4531 2.
975 4497 1000 4543 q.
1019 4483 1059 4531 26.
1075 4493 1120 4530 art.
1137 4482 1206 4542 4.εά
1223 4493 1245 4537 3.
1265 4483 1385 4529 Authent.

211 4583 250 4619 res
266 4584 337 4630 quae.
354 4573 383 4619 C.
401 4585 493 4620 eornm.
511 4575 543 4621 de
561 4575 608 4634 leg.
629 4572 671 4636 [C.
689 4575 712 4622 6.
730 4587 770 4635 4³·
789 4577 854 4623 adl.
874 4574 908 4638 3.]
944 4573 956 4606 ⁸
971 4572 1023 4636 [ep.
1032 4573 1101 4622 Stob.
1111 4572 1221 4621 infloril.
1228 4575 1245 4619 1.
1256 4571 1383 4635 39.ngs.]
