3450 5434
434 609 498 668 desa
525 608 635 670 achran
669 606 763 666 Theils
792 607 844 665 der
877 605 1110 666 Orientalischen
1138 605 1251 665 Indica.
1272 603 1460 682 Franckfurt
1480 626 1530 666 am

434 713 540 786 Mayn.
564 713 650 772 1606.
671 712 748 770 Sunt
769 715 800 769 iu
821 713 924 768 altera
945 710 1031 785 hujus
1052 712 1124 770 libri
1138 708 1348 786 praefatione,
1368 729 1444 784 quae
1463 716 1531 786 agit

432 816 613 890 Belangendt
633 815 679 873 die
704 813 855 873 Ursacheu
876 815 929 871 der
950 813 1409 890 Holltinderdieseweitgelegene
1422 815 1529 873 Oerter

433 918 626 989 auersuclren,
647 919 729 976 unud
743 917 803 977 sich
821 918 926 976 wieder
936 918 982 976 die
994 919 1119 993 Spanier
1129 917 1210 976 undd
1217 919 1394 994 Portugesen
1404 919 1532 977 dasclbtt

431 1020 590 1096 feindtlich
610 1028 800 1097 zuerzeigen,
817 1024 950 1096 gerrellet
971 1019 1063 1080 durch
1084 1023 1120 1080 B.
1140 1022 1175 1080 P.
1196 1022 1232 1080 B.
1253 1021 1300 1081 M.
1320 1024 1360 1081 D.
1376 1036 1409 1098 p.
1434 1039 1532 1096 11.sq.

477 1125 576 1185 Versio
598 1126 712 1184 Latina
732 1126 962 1184 documentorum
982 1144 1003 1183 a
1023 1144 1066 1183 me
1087 1123 1220 1199 confecta
1241 1137 1293 1184 est.

842 1295 1040 1304 -———-.-—.-.·

927 1391 964 1490 Ι.

621 1607 772 1665 Eolcrom
805 1606 963 1664 Ono1nun
995 1623 1262 1666 rooocnnronum.

799 1711 836 1768 A.
861 1723 947 1783 1599.
968 1709 1046 1768 Aen.
1065 1727 1092 1768 a.

858 1863 1038 1872 ——.-..—.

398 1960 542 2039 Quoniam
578 1959 711 2017 omnibus
741 1957 907 2016 hominibus
938 1958 966 2014 in
1004 1956 1079 2042 diem
1108 1959 1195 2031 magis
1226 1969 1342 2016 constat
1370 1959 1445 2017 hanc
1474 1975 1533 2018 esse

358 2074 481 2120 mentem
505 2063 701 2136 Hispanorum
722 2062 832 2135 quique
850 2062 919 2135 ipsis
937 2059 1047 2119 addicti
1066 2073 1134 2120 sunt
1155 2072 1184 2119 et
1202 2062 1238 2118 ab
1257 2062 1383 2135 ipsorum
1400 2064 1532 2136 partibus

358 2177 451 2236 stant,
480 2177 515 2222 ut
545 2183 603 2222 non
632 2163 719 2222 modo
742 2165 872 2237 Belgicas
894 2165 1025 2238 regiones
1046 2181 1111 2222 cum
1134 2165 1237 2222 incolis
1258 2166 1288 2223 vi
1311 2176 1341 2224 ct
1363 2165 1465 2224 fraude
1486 2185 1533 2225 so·

358 2268 449 2342 perbo
469 2285 522 2327 suo
542 2279 572 2326 et
596 2269 750 2341 tyrannico
773 2269 896 2341 imperio
915 2268 1057 2342 subjicere
1074 2269 1188 2339 velint,
1209 2267 1258 2326 sed
1280 2269 1324 2326 his
1343 2270 1425 2327 annis
1446 2271 1532 2328 etiam

359 2373 453 2446 copiis
491 2372 665 2430 militaribus
704 2382 792 2446 atque
830 2371 941 2429 insidiis
974 2373 1097 2430 Galliam
1123 2384 1153 2429 et
1182 2372 1362 2430 Britanniam
1401 2373 1532 2446 subigere

357 2488 518 2546 conentur,
544 2488 631 2550 atque
652 2475 723 2534 adeo
744 2493 810 2534 cum
830 2473 861 2533 id
883 2492 911 2532 se
933 2474 1027 2533 facere
1048 2492 1106 2534 non
1128 2491 1210 2549 posse
1235 2475 1389 2546 viderent,
1419 2476 1532 2533 vicinos

358 2581 507 2638 Electores
536 2591 566 2638 et
592 2581 663 2638 alios
692 2581 808 2654 imperil
840 2580 1006 2637 Germanici
1040 2579 1192 2652 Principes
1217 2579 1296 2638 bello
1317 2581 1457 2654 petierint
1478 2597 1533 2638 nec

357 2685 445 2742 veriti
473 2686 530 2742 sint
561 2685 647 2742 urbes
677 2701 777 2742 eorum
808 2681 941 2741 obsidere
968 2693 998 2741 et
1025 2684 1177 2741 tormentis
1206 2699 1390 2757 expugnare,
1418 2701 1532 2758 magnas

357 2787 393 2845 ab
420 2789 455 2846 iis
482 2789 618 2861 pecunias
644 2789 780 2861 exigere,
799 2803 882 2860 agros
900 2787 987 2845 etlam
1016 2787 1167 2860 populari,
1188 2799 1332 2845 matronas
1351 2799 1382 2846 et
1404 2788 1532 2861 virgines

358 2893 484 2961 violare,
508 2893 604 2949 omnia
632 2890 757 2965 denique
784 2889 936 2960 caedibus,
956 2889 1099 2948 incendiis
1118 2902 1148 2948 et
1170 2891 1277 2963 rapinis
1296 2892 1433 2964 implere:
1455 2909 1530 2965 quae

358 3012 424 3053 cum
455 3006 672 3068 perpetrarent,
701 3010 738 3052 ne
768 2993 981 3067 Principalibus
1008 2992 1125 3066 quidem
1146 2992 1280 3051 domibus
1308 2996 1355 3051 vel
1383 2995 1534 3053 Comitum

358 3100 539 3172 aliorumque
565 3098 707 3156 nobilium
741 3098 855 3156 familiis
883 3108 1095 3172 pepercerunt,
1126 3109 1160 3155 ut
1187 3109 1270 3170 paret
1291 3113 1307 3155 e
1328 3096 1534 3157 crudelissimis

358 3202 551 3273 facinoribus,
581 3203 686 3276 quibus
715 3203 759 3259 his
790 3200 892 3260 diebus
915 3201 1114 3258 Electoratum
1147 3200 1307 3271 Coloniae,
1333 3200 1534 3274 Principatum

359 3306 524 3364 Clivensem
556 3318 585 3363 et
615 3307 804 3378 bergensem,
833 3305 1043 3378 Episcopatum
1073 3303 1245 3361 Monasterii
1266 3315 1298 3362 et
1318 3304 1432 3362 vicinos
1451 3307 1533 3363 locos

358 3407 530 3467 foedarunt:
551 3409 621 3466 haec
642 3425 708 3466 cum
730 3411 771 3466 ita
791 3409 850 3467 sint
871 3418 901 3466 et
922 3408 1041 3482 insuper
1062 3418 1176 3465 constet
1197 3408 1345 3465 ministros
1371 3406 1533 3482 tyrannidis

361 3513 506 3586 Hispanae
528 3512 694 3585 importune
713 3513 831 3586 gloriari
854 3528 913 3568 non
935 3522 1095 3569 cessaturos
1118 3509 1348 3584 necquidquam
1367 3512 1536 3570 remissoros

360 3615 397 3673 de
425 3614 604 3688 eupiditate,
633 3614 806 3674 erudelitate
834 3626 864 3674 et
894 3613 1061 3672 dominandi
1084 3611 1224 3689 libidine,
1245 3615 1275 3672 in
1297 3631 1345 3672 eos
1367 3616 1534 3689 praesertim

360 3721 526 3793 Electores,
558 3719 724 3793 Principes,
755 3720 903 3789 Comites,
930 3720 1060 3792 aliosque
1088 3715 1220 3776 dominos
1249 3731 1279 3776 et
1309 3719 1456 3795 subditos,
1482 3721 1534 3794 qul

361 3821 428 3881 fidei
456 3823 627 3881 Catholicae
652 3821 762 3881 addicti
784 3839 842 3881 non
864 3824 939 3892 sint,
960 3820 1053 3880 donec
1075 3838 1173 3880 omnes
1195 3821 1247 3881 sub
1267 3822 1368 3896 jugum
1390 3824 1536 3898 Hispano-

360 3945 424 3986 rum
446 3926 610 4000 redegerint
626 3938 656 3985 et
673 3943 770 3984 veram
789 3925 874 3984 fidem
893 3927 1088 3984 Christianam
1108 3926 1288 3984 deleverint:
1305 3944 1432 4001 cumque
1448 3930 1535 3986 etiam

360 4033 390 4089 in
411 4030 580 4094 civitatibus
601 4041 631 4088 et
651 4029 773 4088 diversis
795 4030 962 4105 regionibus
984 4029 1101 4104 imperii
1123 4030 1290 4088 Germanici
1313 4029 1397 4090 fidem
1416 4043 1446 4090 et
1463 4034 1537 4107 reip.

360 4134 480 4192 formam
509 4137 602 4208 palam
627 4135 658 4192 vi
679 4146 710 4192 et
728 4135 814 4192 minis
835 4135 977 4192 mutarint
998 4150 1031 4191 ac
1052 4131 1176 4208 gaudere
1197 4149 1226 4191 se
1247 4132 1435 4208 praedicent,
1456 4135 1538 4209 quod

361 4240 511 4297 Electores
538 4239 646 4312 aliique
676 4238 825 4311 Principes
854 4250 884 4296 et
916 4237 1028 4295 nobiles
1060 4236 1197 4295 adversus
1231 4254 1260 4295 se
1289 4253 1366 4296 arma
1388 4240 1538 4312 ceperint,

360 4345 495 4416 quoniam
526 4343 566 4400 ita
592 4359 622 4400 se
646 4343 748 4400 melios
769 4343 952 4417 propositum
974 4353 1157 4400 assecuturos
1178 4354 1313 4415 sperent:
1335 4357 1461 4416 cumque
1484 4359 1537 4402 rex

361 4447 518 4520 Hispaniae
548 4458 577 4505 et
608 4447 680 4520 regii
702 4447 814 4520 generis
843 4447 996 4520 Principes
1017 4458 1047 4505 et
1066 4457 1180 4504 senatus
1203 4445 1403 4520 Hispaniensis
1424 4457 1482 4506 tam
1505 4446 1535 4503 in
