3450 5434
347 608 408 688 326
651 629 699 673 nu
721 630 817 694 June
843 629 1031 677 tunsone.
1057 632 1139 678 cnr.
1165 633 1222 679 xv.

343 781 500 862 perdere,
539 800 730 864 servamus,
770 784 799 848 si
835 784 900 868 iam
934 803 1033 852 naves
1072 785 1335 867 Lusitanorum,
1375 803 1519 870 paratam

344 893 469 958 scilicet
491 894 643 976 praedam
666 915 683 960 e
706 895 906 962 Batavorum
930 897 1082 964 manibus
1105 898 1209 964 emitti
1233 898 1402 980 viderint,
1437 901 1520 984 quid

344 1004 433 1069 aliud
468 1025 566 1086 quam
601 1008 701 1072 latere
733 1007 953 1090 proditionem
989 1024 1021 1075 et
1055 1009 1131 1076 illos
1165 1010 1251 1076 inter
1285 1031 1319 1078 se
1353 1013 1520 1080 colludere

343 1117 605 1183 existimabunt?
630 1117 827 1184 Praestanda
851 1135 901 1184 est
924 1119 1026 1204 igitur
1049 1120 1114 1186 illis
1135 1121 1216 1186 haec
1243 1120 1348 1203 fides,
1376 1123 1517 1190 dandum

343 1230 407 1294 hoc
438 1249 499 1312 pro
531 1230 674 1295 amicitia
706 1230 885 1314 gaudium,
918 1251 978 1315 pro
1010 1232 1250 1299 calamitatibus
1281 1235 1456 1316 solatium,
1481 1251 1519 1302 ut

344 1360 400 1405 eos
421 1361 508 1407 nunc
529 1342 678 1423 praedam
700 1361 771 1408 esse
791 1342 947 1423 videant,
972 1344 1030 1426 qui
1052 1345 1156 1412 totius
1176 1345 1291 1412 mundi
1311 1347 1518 1429 praedatores

342 1451 443 1518 fuere.
464 1453 535 1536 Jam
558 1473 643 1535 quae
663 1473 702 1518 ex
724 1454 931 1520 inimicorum
952 1455 1045 1520 malis
1066 1456 1196 1539 proprie
1216 1458 1352 1524 obvenit
1371 1457 1516 1540 utilitas,

342 1565 516 1647 spectanda
548 1581 610 1632 est.
656 1565 797 1632 Hostem
828 1567 898 1632 illic
922 1567 1042 1632 habent
1065 1567 1178 1634 Batavi
1203 1569 1353 1652 (qualem
1377 1569 1516 1635 Tacitus

341 1677 462 1743 alicubi
485 1677 659 1762 describit)
683 1677 828 1744 adversis
847 1677 1196 1761 pavidum,secundis
1218 1698 1284 1746 non
1308 1680 1436 1763 divini,
1449 1700 1516 1746 uon

341 1788 475 1854 humani
509 1789 595 1874 juris
623 1809 808 1855 memorem.
859 1789 1007 1856 Maxima
1039 1790 1141 1874 igitur
1172 1789 1298 1857 utilitas
1329 1793 1410 1857 lraec
1444 1807 1514 1875 est,

341 1900 433 1982 quod
464 1901 519 1965 ille
545 1900 592 1971 ,ad
623 1920 780 1966 occursus
810 1901 1007 1967 Batavorum
1040 1901 1178 1985 posthac
1201 1901 1401 1985 trepidabit,
1425 1904 1517 1985 quod

340 2012 459 2076 danum
483 2031 545 2077 suo
567 2027 754 2079 commotus
776 2011 1029 2079 fortissimorum
1060 2013 1208 2078 virorum
1230 2014 1326 2080 etiam
1347 2030 1514 2097 aspectum

339 2123 470 2206 fugiet,
502 2143 611 2206 neque
642 2144 743 2191 naves
772 2142 848 2190 suas
876 2125 973 2190 etiam
992 2127 1102 2209 plures
1132 2125 1301 2207 aliquanto
1324 2139 1357 2191 et
1376 2128 1515 2210 majores

340 2254 413 2299 cum
448 2235 655 2300 Hollandicis
687 2235 822 2301 audebit
854 2237 1062 2302 contendere.
1109 2235 1178 2303 Has
1208 2235 1292 2302 enim
1319 2236 1402 2302 sciet
1420 2256 1512 2318 esse,

340 2347 463 2427 quibus
496 2347 594 2413 toties
616 2347 753 2429 praedae
773 2346 885 2413 fuerit.
933 2349 1019 2414 Cum
1053 2348 1155 2432 igitur
1178 2347 1372 2429 ubicunque
1395 2349 1514 2414 classes

340 2459 536 2524 Batavorum
572 2478 706 2525 ancoras
739 2458 894 2538 fixerint,
927 2478 965 2523 eo
988 2457 1142 2524 Lusitani
1165 2472 1314 2524 metuent
1337 2459 1512 2538 accedere,

339 2589 405 2635 non
429 2569 568 2635 tutiores
591 2570 690 2636 modo
713 2570 761 2635 illi
785 2585 906 2651 erunt,
928 2589 1043 2635 verum
1068 2569 1165 2634 etiam
1190 2571 1386 2636 securiores.
1411 2570 1513 2656 Quod

338 2681 471 2748 sanein
494 2696 619 2764 partem
649 2682 713 2766 jam
746 2681 917 2747 consecuti
944 2696 1045 2760 sunt,
1069 2681 1335 2764 praedicantibus
1357 2681 1512 2746 Indorum

337 2795 469 2878 regibus
501 2795 682 2860 Lusitanos
703 2813 771 2860 non
794 2792 835 2858 ad
858 2806 1071 2875 conspectum
1096 2792 1218 2874 modu,
1250 2794 1308 2858 sed
1330 2792 1370 2857 ad
1393 2811 1512 2859 nomen

337 2907 434 2972 etiam
467 2905 624 2971 Hollandi
656 2904 801 2971 hominis
833 2923 952 2987 pavere
977 2919 1009 2970 et
1032 2906 1260 2988 expallescere.
1306 2904 1398 2992 Quid
1421 2905 1513 2986 quod

336 3018 400 3100 ipsi
420 3018 591 3096 Lusitani,
610 3038 733 3085 merces
753 3031 919 3099 captarum
938 3015 1072 3082 navium
1092 3016 1125 3081 in
1146 3015 1318 3082 Batavicas
1338 3035 1512 3081 exonerare

336 3130 406 3196 suis
428 3129 579 3195 manibus
600 3129 708 3212 jussi,
739 3127 945 3212 paruerunt?
992 3127 1086 3214 Quid
1109 3127 1200 3210 quod
1220 3127 1286 3211 jam
1310 3126 1413 3208 aliqui
1438 3141 1511 3192 tuto

336 3240 511 3324 navigandi
543 3241 707 3307 licentiam
730 3261 748 3306 a
771 3240 904 3305 Batavis
935 3239 1068 3305 mercati
1095 3239 1199 3314 suut?
1246 3239 1357 3325 Quare
1381 3253 1510 3303 etcum

335 3366 401 3417 tam
430 3355 571 3434 pronum
599 3351 761 3417 videbunt
784 3369 854 3417 esse
878 3351 1009 3416 Batavis
1032 3352 1086 3415 vel
1108 3350 1278 3416 maximam
1303 3348 1509 3431 captivorum

335 3464 464 3528 turbam
496 3463 665 3544 nancisci,
699 3463 733 3527 in
764 3483 820 3527 eos
853 3482 938 3545 quos
971 3462 1056 3529 forte
1089 3477 1201 3528 contra
1234 3460 1379 3544 ceperint
1402 3459 1510 3526 minus

333 3577 504 3644 audebunt
525 3575 673 3655 saevire,
697 3574 855 3656 quodque
869 3573 1040 3640 beneficiis
1053 3574 1182 3640 invitati
1196 3573 1304 3639 facere
1316 3575 1509 3650 noluerunt,

331 3688 366 3754 id
384 3687 489 3755 facere
509 3700 668 3773 cogentur
687 3702 776 3752 metu
796 3686 939 3752 talionis.
968 3685 1136 3752 Praeterea
1155 3686 1292 3768 posthac
1303 3699 1361 3750 aut
1369 3685 1509 3751 similem

330 3801 481 3886 praedam
506 3799 612 3866 hostis
630 3799 786 3880 debebit,
812 3798 898 3864 unde
917 3797 1094 3880 plurimum
1113 3796 1267 3863 utilitatis
1287 3797 1320 3862 in
1339 3797 1508 3880 publicum

331 3934 368 3979 ac
392 3914 556 3996 privatum
589 3911 694 3977 redire
726 3912 830 3993 palam
863 3924 935 3990 est,
968 3923 1027 3974 aut
1058 3911 1097 3974 ab
1119 3908 1349 3992 oppugnandis
1373 3908 1447 3974 aliis
1468 3909 1510 3975 ad

236 4095 250 4118 .
330 4047 365 4092 se
388 4026 547 4091 tuendum
576 4041 755 4088 conversus
785 4023 1000 4104 compelletur
1024 4021 1210 4087 innumeras
1234 4021 1353 4086 habere
1376 4039 1434 4103 per
1455 4021 1509 4086 lu·

330 4137 416 4204 diam
439 4135 664 4220 praesidiarias
686 4153 809 4215 naves,
840 4132 988 4198 colonias
1016 4151 1091 4199 suas
1115 4131 1242 4198 firmare
1264 4131 1508 4197 munitionibus

329 4265 362 4314 et
384 4248 476 4330 quod
506 4245 774 4312 molestissimum
805 4259 878 4324 est,
907 4244 1020 4310 eodem
1044 4259 1191 4326 tempore
1214 4245 1332 4310 habere
1355 4257 1508 4325 suspecta

328 4359 447 4426 omnia.
503 4358 565 4424 Per
599 4373 649 4424 tot
681 4371 855 4438 tantosque
887 4370 1016 4421 sumtus
1049 4371 1082 4422 et
1112 4355 1315 4439 privatorum
1352 4369 1507 4437 quaestus

329 4472 435 4539 omnis
457 4471 686 4552 exhaurietur,
698 4484 731 4535 et
749 4468 813 4552 ipsi
826 4483 984 4550 perpetuo
995 4467 1157 4535 libertatis
1168 4467 1309 4534 Batavae
1318 4465 1506 4533 adversario
