3450 5434
510 613 558 660 ua
581 613 674 680 Juna
700 611 884 658 susanna.
908 612 988 659 cnr.
1012 613 1052 659 ιι.
1329 611 1371 676 25

242 772 351 837 Habet
372 784 479 836 autern
502 767 583 834 haec
605 768 658 833 lex
681 765 715 832 in
738 766 808 851 ipsa
831 764 928 832 etiam
951 767 1118 850 republica
1139 769 1264 850 locum,
1288 787 1372 850 quae

197 885 226 952 si
248 883 331 967 quid
352 901 427 948 cum
449 879 589 966 singulis
611 879 780 946 contendit
802 879 866 944 hoc
888 878 995 962 ipsum
1016 877 1133 963 judicii
1156 899 1246 944 more
1268 877 1372 945 sacere

196 996 295 1062 debet
319 1001 341 1059 ¹.
390 992 456 1058 Sed
487 990 565 1074 quia
596 1011 693 1075 supra
725 989 960 1074 rempublicam
982 990 1067 1056 nihil
1090 1006 1156 1070 est,
1179 990 1251 1074 ipsa
1270 991 1373 1075 judex

196 1104 380 1173 necessario
412 1117 462 1169 est
485 1103 580 1170 etiam
603 1102 637 1168 in
659 1123 720 1169 sua
736 1122 843 1170 causa.
888 1101 973 1168 Vere
994 1102 1105 1184 itaque
1127 1101 1266 1168 Tacitus
1285 1098 1297 1134 ²
1319 1106 1372 1169 ita

197 1218 281 1284 dixit
303 1215 421 1285 divina
441 1214 614 1284 voluntate
631 1217 823 1301 prouisum,
847 1236 886 1280 ne
900 1213 1018 1300 populi
1041 1212 1259 1300 aliosjudices
1272 1234 1371 1300 quam

197 1351 230 1395 sc
249 1333 333 1415 ipsos
350 1341 565 1414 paterentur.
611 1326 665 1393 Ex
694 1327 746 1394 his
776 1347 859 1408 quae
879 1325 1139 1410 supradiximus
1158 1339 1292 1409 apparet
1312 1346 1373 1410 po-

198 1456 346 1508 testatem
377 1439 527 1523 civilem,
561 1458 646 1521 quae
675 1438 710 1505 in
741 1438 871 1524 legibus
889 1437 1092 1523 judiciisque
1115 1437 1127 1472 ⁸
1149 1437 1371 1521 conspicitur,

198 1553 303 1638 primo
336 1572 372 1618 ac
404 1572 461 1635 per
482 1571 518 1618 se
539 1570 640 1635 penes
662 1550 763 1634 ipsam
785 1569 863 1636 essex
872 1548 1124 1633 rempublicam:
1148 1564 1186 1615 ut
1208 1549 1292 1615 enim
1315 1569 1371 1616 na·

199 1665 347 1731 turaliter
366 1663 504 1750 singulis
524 1663 558 1728 in
579 1682 614 1730 se
637 1683 674 1729 ac
697 1683 756 1730 sua
775 1678 920 1746 potestas
930 1677 997 1745 est,
1022 1663 1067 1728 ita
1085 1661 1119 1728 in
1132 1681 1244 1728 omnes
1255 1681 1373 1745 resque

200 1777 345 1844 omnium
373 1776 436 1844 nisi
467 1775 612 1842 omnium
644 1789 788 1859 potestas
819 1795 890 1842 esse
917 1793 983 1841 non
1003 1789 1125 1859 potest.
1173 1774 1239 1840 Sed
1259 1794 1373 1842 rursus

200 1889 288 1957 sicut
309 1888 344 1954 in
367 1909 401 1954 re
424 1887 551 1972 privata
570 1906 638 1955 non
662 1908 701 1954 ex
720 1885 842 1954 nostris
854 1899 979 1954 tantum
992 1885 1178 1954 actionibus
1189 1885 1374 1971 obligamur

202 2017 259 2067 aut
281 2000 488 2067 commodum
509 1999 673 2084 capimus,
697 1999 756 2066 sed
776 2017 835 2082 per
855 1997 986 2064 illorum
1006 1997 1101 2064 etiam
1114 1994 1264 2081 op‘eram,
1289 2019 1375 2081 quos

201 2114 299 2181 rebus
331 2112 452 2179 nostris
482 2111 717 2197 praefecimus,
751 2110 829 2195 quia
849 2110 983 2194 perinde
1002 2125 1051 2176 cst
1071 2110 1163 2193 quod
1185 2110 1308 2193 cuique
1327 2109 1374 2175 fa-

202 2245 274 2291 cere
293 2225 375 2291 licet
397 2224 432 2291 id
452 2244 511 2308 per
532 2244 567 2290 se
590 2222 691 2290 faciat
710 2241 751 2288 an
772 2243 829 2307 per
852 2221 952 2290 alium
974 2221 1003 2302 ⁶,
1026 2221 1072 2287 ita
1095 2221 1174 2304 quia
1185 2240 1252 2289 non
1263 2221 1374 2290 cuivis

203 2336 243 2402 de
272 2337 397 2420 populo
419 2336 556 2403 vacabat
578 2334 849 2402 administrationi
870 2355 977 2401 rerum
1000 2334 1148 2401 civilium
1168 2349 1294 2418 tempus
1314 2334 1374 2399 im·

202 2448 361 2533 pendere,
394 2447 552 2530 quaedam
573 2448 669 2514 etiam
693 2447 909 2514 occurrebant
932 2467 1016 2530 quae
1035 2447 1152 2514 melius
1173 2468 1232 2531 per
1254 2467 1376 2531 paucos

203 2575 393 2646 agerentur,
417 2559 540 2640 evenit,
565 2559 656 2642 quod
681 2574 715 2626 et
736 2560 876 2627 nuncin
897 2559 1044 2646 collegiis
1068 2559 1250 2644 maioribus
1271 2561 1375 2637 solet,

203 2687 241 2738 ut
260 2672 400 2739 societas
422 2692 482 2756 pro
499 2674 573 2757 jure
593 2671 781 2756 potestatis,
806 2692 903 2755 quam
920 2671 960 2738 in
981 2671 1130 2758 singulos
1154 2671 1269 2755 habet,
1292 2689 1375 2736 non·

204 2783 303 2849 nullis
326 2803 422 2849 esuo
453 2803 588 2850 numero
623 2784 722 2850 istum
756 2785 901 2849 laborem
932 2761 1099 2866 partemve
1131 2783 1203 2867 ejus
1234 2782 1375 2865 aliquam

204 2895 379 2962 mandaret.
428 2895 498 2983 Qui
531 2898 593 2962 tale
627 2895 814 2962 mandatum
831 2894 1016 2978 'accipiunt
1048 2894 1178 2960 Graeco
1211 2895 1376 2960 vocabulo

204 3009 355 3092 ἄρχοντες,
390 3007 511 3074 Latino
545 3011 768 3094 magistratus
801 3022 973 3073 vocantur.
1027 3005 1147 3073 Notari
1179 3006 1234 3072 hic
1268 3021 1377 3090 potest
1389 3039 1521 3101 mm„

205 3134 430 3185 contractuum
463 3120 545 3186 alios
576 3139 683 3202 parem
716 3117 872 3201 utrinque
896 3117 1069 3185 utilitatem
1093 3118 1271 3202 respicere,
1296 3117 1377 3186 alios
1390 3104 1434 3140 '⁰¹'

205 3231 306 3314 partis
336 3230 434 3299 unius
466 3232 568 3317 gratia
598 3245 820 3314 comparatos,
855 3245 893 3296 ut
912 3229 1039 3297 scilicet
1061 3231 1153 3313 quod
1172 3232 1265 3298 alteri
1286 3232 1378 3298 deest

205 3343 385 3408 voluntatis
406 3345 637 3426 supplemento
661 3343 830 3426 sarciatur,
855 3343 933 3425 quia
954 3342 989 3408 in
1011 3344 1122 3409 locum
1146 3343 1310 3426 impensae
1330 3345 1377 3410 rei
1409 3366 1412 3370 ⁴

206 3469 262 3519 aut
295 3473 412 3536 operae
445 3456 514 3521 sola
545 3454 647 3541 gratia
666 3469 820 3521 contenta
852 3469 911 3520 est.
956 3455 1006 3520 lta
1036 3455 1159 3521 distant
1190 3456 1312 3522 locatio
1346 3471 1379 3521 et

206 3565 439 3644 commodatio,
475 3566 669 3650 permutatio
700 3581 732 3632 et
766 3565 919 3650 donati0,
952 3566 1091 3634 societas
1114 3583 1148 3632 et
1168 3567 1377 3634 mandatumt

207 3697 290 3759 quae
324 3693 488 3761 postrema
517 3676 571 3744 hic
600 3678 729 3746 diverso
758 3694 910 3761 respectu
942 3693 1152 3745 concurrunt.
1195 3679 1282 3745 Nam
1311 3670 1374 3745 mass

208 3791 386 3877 gistratus,
411 3806 571 3874 quatenus
601 3807 634 3858 et
665 3791 727 3876 ipsi
761 3792 853 3861 cives
887 3807 981 3875 sunt,
1015 3790 1157 3859 fructum
1178 3812 1255 3860 suae
1276 3792 1379 3858 admi·

206 3902 427 3986 nistrationis,
452 3904 513 3970 hoc
527 3918 576 3970 est
588 3906 709 3970 bonum
723 3903 893 3986 publicum
906 3924 965 3987 pro
978 3923 1037 3970 sua
1047 3919 1137 3987 parte
1150 3904 1355 3988 percipiunt‘
1369 3927 1376 3968 :

240 4184 248 4217 ¹
267 4187 299 4234 V.
316 4187 430 4235 Panorm.
456 4187 483 4235 in
500 4200 523 4236 c.
540 4186 562 4237 si
579 4187 636 4248 quis
655 4199 752 4237 contra.
769 4190 801 4238 de
818 4188 877 4236 loro
896 4201 979 4249 comp.
999 4189 1139 4251 [Decretal.
1157 4203 1180 4238 a.
1198 4203 1222 4237 a.
1239 4188 1277 4251 4.]
1296 4203 1321 4238 ιι.
1339 4203 1379 4239 ar.

207 4278 294 4326 lnaoc.
321 4277 348 4326 ln
374 4291 396 4326 c.
414 4290 447 4326 cx
463 4289 543 4339 parte.
561 4281 593 4329 dc
610 4280 682 4329 verb.
701 4280 764 4341 sign.
784 4281 899 4343 [Decret.
916 4280 943 4328 in
960 4280 1155 4343 sexto.5.12.]
1190 4277 1285 4330 ’Ann
1302 4284 1320 4330 l.
1341 4295 1379 4341 1³·

208 4367 244 4430 [c.
263 4369 314 4430 ⁵6·]
350 4367 466 4419 'Frano
484 4369 566 4432 Vict,
590 4371 622 4419 de
639 4383 694 4431 pot.
712 4371 763 4420 civ.
780 4385 805 4420 n.
823 4383 847 4430 7.
865 4374 971 4421 covarr.
988 4384 1068 4433 praet.
1086 4384 1182 4433 quaest.
1200 4386 1223 4422 c.
1244 4387 1265 4422 1.
1285 4372 1323 4435 [n.
1341 4373 1377 4436 a.]

206 4457 251 4507 ⁴1.
271 4472 329 4508 cum
350 4471 429 4521 pater.
454 4463 476 4518 ς.
502 4461 663 4512 dulcissimis.
689 4461 715 4511 ll‘.
733 4464 764 4513 de
793 4465 841 4525 leg.
867 4477 890 4512 a.
909 4463 979 4525 [urg.
1003 4475 1044 4521 ar.
1063 4477 1085 4512 1.
1103 4475 1144 4522 77.
1161 4467 1174 4523 5
1193 4465 1246 4527 ao]
1281 4464 1378 4514 ‘Plato

208 4551 240 4599 de
257 4563 311 4612 rep.
329 4553 345 4600 l.
365 4563 388 4609 a.
407 4551 447 4613 [p.
462 4565 521 4614 4¹2·
538 4552 576 4615 ὼ]
595 4553 674 4602 Arist.
691 4555 722 4603 de
739 4567 793 4615 rep.
810 4556 828 4602 l.
845 4568 869 4604 a.
886 4569 910 4603 c.
928 4567 951 4611 s.
969 4553 1009 4617 [p.
1029 4555 1101 4604 rada.
1118 4554 1155 4617 a.]
