3450 5434
378 619 438 698 338
469 605 471 610 ’
675 636 722 682 nn
745 637 841 701 June
866 637 1051 686 nnnnnnn.
1076 638 1156 686 cnr.
1181 639 1239 686 xv.

376 807 448 852 rum
471 807 569 870 opera
589 789 702 855 hostes
721 791 860 873 pecunia
881 806 938 857 aut
958 811 1024 873 qua
1045 791 1107 857 alia
1130 811 1163 858 re
1182 793 1353 878 juvantur.
1398 793 1502 880 Quod
1520 795 1549 860 si

376 897 446 981 ipsa
468 899 503 964 id
521 915 676 966 conantes
694 903 797 984 patria
816 905 1062 985 alloqueretur,
1087 923 1195 969 nonne
1216 905 1280 969 hoc
1303 904 1452 969 diceret?
1468 906 1550 970 Om-

374 1027 433 1074 nes
459 1010 537 1075 boni
561 1011 650 1078 cives
673 1013 736 1077 hoc
762 1029 885 1096 agunt,
910 1015 974 1079 hoc
1003 1014 1175 1094 laborant,
1207 1015 1240 1080 in
1270 1015 1334 1080 boc
1358 1015 1547 1100 sanguinem

374 1117 592 1205 fortunasque
609 1145 684 1191 suas
703 1123 904 1208 profundere
922 1144 989 1190 non
1006 1125 1179 1202 dubitant,
1193 1141 1230 1190 ut
1249 1125 1402 1192 hostibus
1422 1127 1549 1192 ademta

376 1232 463 1298 omni
496 1235 537 1299 ad
563 1237 746 1301 nocendum
775 1234 955 1315 facultate,
978 1255 1029 1301 me
1051 1235 1254 1302 constituant
1277 1257 1372 1318 quarn
1400 1237 1548 1304 beatissi-

374 1363 470 1410 mam.
515 1345 631 1429 Itaque
655 1347 754 1413 vitam
782 1347 906 1430 eripere
923 1347 1170 1430 pertinacibus,
1195 1366 1276 1429 opes
1298 1347 1394 1412 etiam
1416 1348 1550 1413 erranti·

377 1455 463 1537 bus,
487 1456 608 1539 quibus
638 1457 671 1522 in
699 1479 806 1523 meum
828 1457 955 1523 scilicet
975 1459 1111 1523 exitium
1134 1459 1339 1540 abutuntur,
1363 1459 1445 1524 utile
1467 1459 1548 1524 mibi

375 1578 474 1648 atque
506 1567 587 1633 adeo
619 1568 681 1634 sibi
715 1568 893 1653 gloriosum
928 1568 1123 1635 existimant.
1178 1569 1227 1634 At
1257 1587 1319 1634 vos
1346 1569 1440 1634 etiam
1463 1590 1548 1651 quae

374 1677 454 1742 belli
485 1676 615 1744 fortuna
643 1680 710 1763 jam
732 1679 874 1746 inimicis
895 1679 1053 1760 abstulit,
1077 1679 1117 1744 ad
1139 1678 1270 1744 eosdem
1293 1679 1397 1744 redire
1419 1679 1547 1760 vultiS‚

376 1802 414 1852 ut
436 1788 562 1854 scilicet
584 1806 743 1871 quantum
766 1789 848 1855 mibi
872 1789 1054 1871 decrescit,
1079 1804 1203 1856 tantum
1222 1789 1288 1854 illis
1309 1790 1465 1870 accedat,
1488 1791 1549 1873 qui

375 1916 443 1965 non
474 1898 657 1984 ignorantia
685 1917 743 1967 aut
774 1921 882 1966 errore
913 1900 1047 1982 aliquo,
1080 1900 1138 1967 sed
1167 1919 1226 1964 sua
1257 1900 1457 1980 ambitione,
1489 1921 1549 1968 sua

376 2007 509 2093 impulsi
542 2011 677 2077 avaritia
706 2011 740 2077 in
772 2032 875 2078 meam
905 2011 1074 2093 pernitiem
1107 2025 1320 2091 vestrumque
1342 2011 1546 2095 singulorum

375 2099 488 2207 omnes
507 2122 547 2188 ad
567 2142 670 2187 unum
694 2121 951 2205 conspirarunt?
977 2121 1067 2187 Haec
1088 2121 1116 2186 si
1136 2121 1212 2203 quis
1232 2120 1382 2204 audiret,
1405 2117 1548 2188 nihil'ut

374 2231 492 2313 opinor
525 2233 660 2298 baberet
691 2232 804 2313 aliud,
836 2253 935 2315 quam
965 2248 1003 2298 ut
1028 2234 1156 2315 culpam
1177 2250 1357 2315 agnoscens
1376 2232 1546 2298 seductum

373 2361 409 2408 se
438 2342 550 2425 potius
583 2341 673 2408 falsis
702 2343 911 2424 rationibus,
936 2363 1032 2425 quam
1055 2357 1172 2425 sponte
1195 2341 1228 2407 in
1250 2343 1386 2425 patriam
1410 2344 1545 2427 impium

373 2452 537 2518 fateretur.
590 2453 741 2520 Reddere
765 2454 866 2539 igitur
884 2454 973 2519 hosti
1003 2472 1079 2552 curn
1101 2472 1167 2519 non
1187 2453 1307 2534 liceat,
1330 2473 1370 2518 an
1394 2455 1544 2522 secessim

373 2563 491 2629 habere
514 2583 531 2630 a
550 2565 685 2630 caeteris
710 2565 780 2632 suis
804 2566 904 2630 rebus
923 2565 1066 2646 aliquam
1091 2564 1124 2628 in
1146 2579 1268 2646 partem
1292 2564 1420 2646 prosit,
1444 2565 1547 2649 inspi-

373 2675 507 2740 ciamus.
553 2675 600 2741 Et
622 2677 686 2740 boc
711 2675 843 2758 quidem
865 2677 893 2740 si
913 2675 969 2740 fiat
990 2675 1088 2754 ideo,
1104 2693 1145 2739 ne
1166 2674 1316 2757 praedant
1336 2675 1546 2743 admiscendo

373 2785 588 2868 inquinentur
618 2801 760 2851 caeterae
790 2785 987 2868 facultates,
1019 2785 1154 2851 ridenda
1185 2785 1288 2869 magis
1309 2805 1407 2867 quam
1430 2787 1546 2854 coniu-

373 2898 470 2963 tanda
489 2913 539 2963 est
558 2897 768 2980 superstitio:
791 2897 854 2964 nisi
879 2897 964 2963 forte
986 2897 1149 2963 credimus
1170 2897 1257 2962 sicut
1276 2897 1309 2962 in
1332 2897 1456 2964 scabris
1473 2900 1546 2964 ovi-

373 3008 515 3088 bus‚ita
538 3008 572 3072 in
594 3011 676 3074 male
696 3009 797 3093 partis
818 3010 916 3074 rebus
938 3009 977 3073 de
990 3026 1124 3074 nummo
1141 3006 1174 3071 in
1195 3026 1362 3072 nummum
1375 3008 1545 3075 vicinitate

372 3122 513 3203 quadam
534 3139 664 3202 serpere
682 3118 890 3204 contagium,
912 3139 948 3184 ac
970 3137 1037 3184 non
1055 3118 1167 3200 potius
1187 3117 1420 3201 patrimonium
1438 3121 1546 3201 quod-

373 3231 445 3296 dam
476 3230 701 3297 universitatis
730 3251 799 3296 esse
817 3248 938 3296 nornen
959 3244 991 3294 et
1013 3229 1077 3294 hoc
1101 3229 1229 3313 ipsum,
1254 3229 1407 3311 quamvis
1427 3231 1546 3297 loculis

373 3357 407 3408 et
422 3341 511 3410 fiscis
534 3341 749 3422 distinctum,
775 3340 931 3407 rationem
955 3340 1099 3406 eamdem
1119 3341 1266 3406 obtinere
1287 3349 1307 3405 ¹.
1331 3339 1443 3426 Quare
1459 3342 1545 3408 sicut

370 3457 459 3539 juste
490 3453 614 3535 partis,
644 3452 678 3518 in
710 3451 832 3534 quibus
860 3466 894 3516 et
925 3452 1042 3534 praeda
1072 3465 1121 3517 est
1150 3471 1189 3516 ex
1211 3452 1298 3516 bello
1318 3452 1432 3535 justo,
1456 3467 1544 3518 recte

373 3578 512 3647 augetur
540 3577 639 3646 atque
669 3577 826 3644 ornatur,
851 3562 896 3628 ita
915 3581 982 3628 non
1006 3578 1093 3626 recte
1120 3561 1300 3644 quaesitis,
1325 3562 1450 3628 etiarnsi
1473 3566 1545 3629 lon·

374 3675 506 3762 gissime
537 3676 615 3741 baec
647 3673 789 3757 seposita
820 3689 921 3755 atque
953 3673 1120 3739 amandata
1144 3673 1233 3752 sint,
1257 3691 1323 3738 non
1345 3688 1456 3756 potest
1477 3692 1544 3739 non

373 3786 596 3854 contaminari.
650 3785 725 3850 Hoc
760 3783 845 3850 enirn
880 3802 979 3848 unum
1016 3783 1203 3865 quaeritur,
1237 3783 1380 3849 velimne
1420 3784 1476 3848 illa
1510 3784 1542 3851 in

372 3917 478 3964 rerum
508 3917 649 3962 mearum
677 3915 814 3962 numero
838 3913 933 3974 esse,
958 3914 998 3960 an
1023 3913 1129 3960 secus.
1176 3893 1255 3960 Non
1278 3913 1411 3977 possum
1433 3909 1543 3960 autem

373 4026 461 4076 extra
481 4027 532 4075 res
551 4028 638 4074 meas
662 4008 779 4072 habere
802 4005 930 4086 videri,
944 4005 1035 4086 quod
1056 4019 1088 4070 et
1099 4004 1245 4088 percipio
1257 4019 1422 4087 tamquam
1434 4025 1543 4072 meum

373 4136 406 4188 et
427 4139 535 4187 servo
581 4119 759 4185 Enimvero
780 4118 807 4185 si
837 4117 912 4200 quis
942 4117 1063 4184 idcirco
1086 4130 1235 4200 separet,
1258 4135 1300 4182 ne
1320 4117 1543 4198 quaerendum

405 4380 415 4413 ¹
432 4381 499 4427 Bm.
514 4380 562 4428 sol.
578 4377 686 4426 matrim.
705 4378 749 4440 [D.
766 4391 806 4438 24„
820 4389 844 4434 3.
863 4375 899 4438 n]
919 4388 944 4424 n.
965 4388 1002 4434 17.
1023 4376 1072 4424 nd.
1087 4375 1112 4423 in
1130 4377 1147 4422 1.
1165 4373 1410 4423 scamandrum
1426 4377 1546 4426 decond.

370 4469 423 4519 ind.
441 4469 484 4532 [D.
503 4483 542 4518 ta.
560 4470 584 4516 ⁶.
601 4466 654 4530 ab]
