3450 5434
368 610 408 671 82
667 618 713 667 1111
736 618 829 686 June
856 614 1038 667 1111111111.
1063 617 1232 669 cnuurr.

365 780 490 862 justum
515 794 585 841 esse
608 773 699 857 quod
721 758 908 857 imperetur.
942 774 989 840 Et
1011 794 1208 858 quamquam
1230 774 1282 843 his
1304 775 1433 843 casibus
1452 792 1543 843 error

368 888 488 971 aliquis
519 886 553 953 in
584 885 709 952 ratione
741 886 894 965 accedat,
928 885 956 951 is
987 900 1093 952 tamen
1128 886 1266 953 actionis
1287 887 1449 971 J’ustitiam
1471 898 1539 955 non

367 998 485 1080 vitiat,
517 1018 591 1063 cum
621 1010 659 1063 ut
679 996 866 1061 scholastici
887 1003 896 1037 ¹
917 996 1141 1077 tradiderunt,
1162 998 1317 1063 voluntas
1339 999 1540 1065 conveniens

369 1107 486 1174 erranti
518 1106 635 1173 rationi
666 1106 700 1171 in
732 1107 784 1173 his
814 1090 944 1173 demum
976 1108 1059 1173 mala
1088 1107 1154 1188 sit,
1190 1124 1273 1189 quae
1291 1109 1374 1175 scire
1399 1124 1538 1175 tenetur.

368 1220 496 1286 Multae
519 1214 626 1285 autem
649 1231 727 1283 sunt
758 1216 917 1284 bellorum
937 1219 1046 1303 justae
1068 1233 1206 1299 causae,
1230 1234 1313 1301 quas
1331 1221 1433 1303 vulgo
1454 1219 1539 1285 indi-

368 1330 433 1397 cari
464 1350 531 1395 non
563 1329 695 1411 expedit
712 1334 744 1393 ¹:
774 1348 883 1411 neque
912 1343 1044 1411 oportet
1071 1330 1234 1413 privatum
1258 1330 1422 1396 hominem
1446 1330 1540 1396 inea

368 1462 402 1508 re
425 1460 496 1506 esse
517 1439 695 1505 curiosum.
737 1440 822 1505 Nam
844 1440 873 1506 si
892 1441 1058 1507 cunctatio
1075 1443 1341 1525 permitteretur,
1365 1442 1443 1508 dum
1463 1456 1541 1508 cau-

368 1572 434 1618 sam
457 1541 583 1636 singuli
604 1551 845 1632 examinarent,
878 1564 1023 1636 tempora
1053 1552 1224 1619 resistendi
1249 1551 1399 1618 nostibus
1422 1552 1541 1636 prode·

368 1677 491 1730 rentur.
513 1664 628 1729 Potest
648 1664 715 1728 huc
737 1660 870 1728 referri:
894 1662 929 1727 It
950 1662 1108 1728 damnum
1127 1662 1209 1743 dat,
1232 1666 1293 1748 qui
1313 1661 1413 1749 jubat
1442 1662 1539 1729 dare.

369 1774 458 1858 Ejus
477 1793 554 1841 raro
576 1770 672 1838 nulla
687 1772 788 1858 culpa
808 1786 879 1853 est,
899 1774 956 1837 cm·
968 1786 1094 1858 parere
1110 1793 1233 1839 necesse
1251 1786 1298 1838 est
1318 1776 1343 1839 ³.
1395 1773 1442 1838 Et
1462 1774 1541 1837 alte-

369 1904 441 1949 rum
461 1883 492 1947 ⁴:
525 1882 632 1947 Lr'ber
659 1883 750 1946 homo
778 1885 807 1947 si
820 1884 923 1967 jussu
944 1882 1088 1948 altcsius
1110 1904 1213 1949 manu
1235 1885 1401 1969 injurtam
1424 1882 1540 1963 dedo,

369 1997 458 2059 actio
488 2014 562 2057 cum
594 2013 628 2057 eo
658 2005 706 2057 est
730 1984 799 2077 ’qur‘
821 1991 953 2074 jussit,
985 1994 1016 2055 si
1046 1990 1137 2056 modo
1159 1992 1221 2077 jus
1248 1990 1438 2077 imperandi
1451 1990 1540 2076 fuit.

372 2102 468 2177 Quod
487 2107 518 2167 si
540 2123 603 2167 non
623 2103 764 2185 habuit,
795 2123 869 2167 cum
892 2122 926 2165 eo
948 2101 1112 2188 agendum
1134 2115 1182 2167 111
1213 2106 1273 2187 qui
1295 2102 1394 2187 facit.
1439 2101 1541 2189 Quod

369 2212 523 2298 applicari
545 2226 656 2295 potest
678 2211 860 2297 Augustini
883 2214 896 2250 ⁸
918 2210 1046 2277 verbis:
1071 2226 1109 2277 ut
1129 2212 1219 2278 nihil
1227 2213 1344 2297 justus
1359 2216 1541 2299 praecipue

368 2328 512 2411 cogitet,
545 2327 612 2389 nisi
631 2337 670 2388 ut
692 2323 812 2389 bellum
834 2326 1018 2408 sumgeias,
1049 2326 1106 2387 cui
1127 2322 1254 2388 ballare
1263 2322 1327 2409 fas
1348 2336 1405 2389 est.
1452 2321 1539 2388 Scite

368 2435 470 2520 igitur
490 2433 740 2500 Panormitanus
757 2429 770 2467 ⁸
790 2432 983 2499 sententiam
1007 2430 1195 2499 Hostiensis
1215 2447 1329 2498 contra
1350 2433 1471 2499 bellum
1494 2432 1540 2499 ita

368 2544 557 2629 restringit,
589 2561 628 2611 ut
657 2542 819 2628 praesumi
850 2543 940 2610 dicat
967 2544 1093 2627 justum
1126 2562 1197 2609 esse
1228 2541 1372 2624 bellum,
1407 2544 1539 2625 quoda

368 2655 535 2739 superiore
556 2669 717 2738 potestate
740 2654 900 2721 indictum
922 2669 989 2720 est:
1021 2656 1081 2720 nec
1102 2653 1157 2719 ille
1180 2656 1272 2720 solus
1293 2654 1351 2719 sed
1373 2658 1485 2719 omnes
1507 2668 1540 2719 et

368 2757 515 2852 theologi
545 2780 577 2832 et
606 2765 690 2851 juris
720 2765 895 2848 utriusque
924 2763 1125 2849 professores
1145 2762 1157 2804 ²
1180 2764 1214 2831 in
1244 2784 1283 2830 eo
1306 2764 1539 2845 consentiunt,

369 2876 544 2958 subditos,
564 2876 827 2959 quotiescunque
845 2875 893 2941 sic
919 2874 1062 2957 accidit,
1079 2876 1167 2960 juste
1186 2894 1331 2959 pugnare
1353 2895 1414 2941 nec
1432 2873 1539 2942 caedis

225 3012 301 3058 coner.
313 3005 355 3057 Vr.
369 3006 439 3053 esse
457 2987 558 3053 ullius
581 3005 663 3052 reos.
708 2986 783 3052 Hoc
803 3000 910 3053 autem
931 2985 1016 3052 idem
1036 3001 1086 3053 est
1103 3005 1140 3051 ac
1157 2985 1186 3052 si
1204 2984 1310 3053 dicas:
1330 2986 1471 3074 Justum
1491 2998 1540 3049 111

223 3066 293 3111 ‘'⁶“
314 3064 355 3111 ’γ’
368 3097 488 3163 bellum
508 3095 650 3162 subditis
668 3100 707 3182 ιἰι
723 3116 796 3176 cos,
819 3116 898 3181 quos
920 3099 1105 3183 superiores
1128 3094 1210 3161 bello
1229 3099 1301 3181 peti
1311 3097 1456 3181 jubent,
1480 3115 1538 3160 ra·

367 3211 456 3272 tione
472 3205 646 3293 probabili
671 3204 879 3273 subditorum
902 3226 967 3270 non
994 3219 1211 3293 repugnante.
1255 3206 1407 3273 Difficilis
1428 3205 1485 3270 illa
1507 3220 1539 3271 et

368 3316 488 3401 agitata
519 3317 659 3381 multum
687 3316 861 3397 quaestio,
894 3314 1041 3399 possime
1072 3317 1196 3383 bellum
1228 3316 1394 3399 utrimque
1411 3317 1538 3401 justum

368 3445 439 3494 esse
459 3428 493 3505 ⁸,
523 3444 563 3490 ex
591 3424 643 3491 his
664 3444 747 3508 quae
767 3425 949 3493 dictasunt
968 3425 1122 3509 explicari
1142 3441 1262 3510 potest.
1308 3427 1394 3493 Nam
1414 3440 1538 3493 caetera

368 3556 453 3618 quae
471 3536 511 3601 ad
526 3533 685 3620 justitiam
704 3536 939 3619 requiruntur,
962 3552 1043 3621 puta
1060 3533 1236 3605 auctoritas
1256 3552 1289 3603 et
1305 3537 1448 3605 bellandi
1468 3556 1538 3603 mo·

402 3780 518 3830 ιΤιιοιιι
544 3795 566 3830 1.
590 3795 614 3830 a.
638 3795 663 3844 q.
689 3796 727 3846 ¹9·
749 3796 796 3832 art.
817 3784 842 3833 ό.
875 3780 972 3833 'vicu
995 3796 1020 3833 11.
1043 3795 1084 3842 st.
1101 3782 1183 3843 cajet.
1200 3782 1226 3833 in
1244 3786 1335 3834 summ.
1351 3796 1424 3845 pecc.
1440 3784 1539 3833 Bellum

367 3871 481 3921 dubium.
512 3868 524 3903 ⁸
547 3874 565 3919 l.
587 3871 610 3921 it
632 3874 758 3922 damnum.
780 3872 807 3921 ff.
831 3875 863 3923 de
882 3887 935 3934 reg.
957 3872 1006 3931 jur.
1030 3874 1074 3937 [D.
1092 3886 1132 3932 50.
1150 3888 1189 3932 17·
1207 3875 1275 3938 rsa]
1308 3874 1355 3923 (Ι.
1372 3874 1439 3923 liber
1452 3876 1540 3923 homo.

365 3960 393 4009 ff.
408 3962 441 4010 ad
456 3963 475 4009 l.
492 3962 579 4023 Aquil.
602 3963 646 4024 [D.
660 3976 686 4026 9.
704 3977 728 4013 2·
745 3964 803 4026 av]
817 3966 892 4014 Adde
911 3965 951 4012 cl.
968 3964 995 4012 in
1012 3967 1029 4013 l.
1044 3978 1097 4013 non
1115 3964 1224 4015 videtur.
1241 3968 1263 4024 ξ.
1280 3965 1324 4026 qui
1341 3963 1420 4022 iussu.
1438 3966 1470 4014 de
1487 3978 1539 4025 reg.

365 4050 415 4109 jur.
439 4051 484 4114 [D.
501 4063 542 4107 50.
568 4065 607 4110 17.
632 4053 687 4110 167.
710 4057 734 4111 §-
760 4054 794 4115 1.]
829 4054 914 4114 ‘sup
932 4054 1018 4116 Josue.
1036 4056 1054 4102 l.
1071 4055 1094 4103 6.
1113 4068 1138 4115 q.
1159 4068 1197 4103 ιο.
1214 4054 1306 4104 citatur
1324 4055 1349 4102 in
1370 4067 1393 4102 c.
1412 4054 1539 4103 dominus.

367 4142 456 4203 [Dect.
474 4143 542 4189 Grat.
559 4156 586 4201 p.
605 4156 627 4189 2.
646 4156 687 4200 2³·
705 4156 728 4192 2.
745 4144 780 4204 1.]
815 4141 829 4178 ⁸
844 4143 872 4191 in
889 4158 911 4191 c.
926 4144 1000 4193 sicut.
1018 4145 1049 4192 de
1064 4142 1170 4201 iureiur.
1186 4158 1211 4193 11.
1230 4157 1268 4203 13.
1293 4145 1432 4208 [Decretal.
1453 4158 1476 4193 a.
1499 4158 1539 4207 24.

367 4230 421 4295 au]
438 4232 511 4279 Host.
525 4233 557 4280 de
575 4229 703 4289 iuriscau.
718 4246 741 4281 c.
762 4245 784 4281 1.
807 4234 880 4283 Adde
902 4234 963 4283 silv.
982 4233 1008 4282 in
1017 4248 1042 4282 v.
1051 4235 1157 4283 Bellum.
1178 4248 1199 4283 1.
1214 4248 1239 4283 n.
1254 4249 1279 4296 4.
1297 4246 1322 4283 et
1341 4245 1364 4290 5.
1399 4230 1494 4283 'vict
1512 4248 1539 4283 11.

367 4332 406 4376 15.
423 4332 448 4368 et
466 4321 579 4378 3111111.
597 4321 624 4369 in
643 4336 666 4370 c.
683 4325 753 4382 quod
769 4336 853 4383 super.
873 4325 904 4371 de
924 4336 997 4373 voto.
1016 4324 1155 4386 [Demetai.
1174 4336 1197 4382 s.
1213 4337 1252 4387 34.
1269 4326 1306 4387 8.]
1324 4328 1405 4373 Castr.
1423 4326 1487 4373 adl.
1505 4338 1536 4373 ex

364 4414 416 4459 hoc
427 4408 490 4467 iure.
508 4413 540 4460 de
556 4410 617 4467 just.
633 4424 658 4461 et
675 4410 739 4470 jure.
755 4414 799 4475 [D.
814 4428 836 4461 1.
851 4427 873 4462 1.
887 4415 923 4476 5.]
940 4428 965 4463 n.
978 4430 1002 4476 9.
1017 4415 1106 4474 Ayala.
1124 4418 1141 4464 l.
1158 4428 1179 4463 1.
1196 4428 1219 4464 c.
1236 4428 1344 4472 anst.
1377 4413 1536 4465 ⁸V.Pictol.

365 4501 427 4548 bell.
445 4500 516 4549 civil.
534 4502 598 4549 Phil.
617 4516 657 4550 21.
