3450 5434
356 648 398 690 20
671 643 717 688 DE
740 640 1045 707 Jukununuunu.
1068 641 1149 688 CAP.
1173 642 1213 688 11.
1294 597 1304 614 ⁸

355 797 435 864 boni
460 795 641 862 communis
663 796 765 881 gratia
776 795 807 877 1,
831 795 854 860 i.
868 815 895 860 e.
909 795 949 859 ad
960 815 994 861 se
1004 795 1156 861 tuendam
1168 811 1283 861 mutua
1294 816 1356 879 ope
1368 812 1401 862 et
1417 797 1532 879 acqui·

355 910 455 977 renda
479 909 598 993 pariter
624 930 680 989 ea,
705 928 789 990 quae
809 906 849 972 ad
869 907 1048 972 vivendum
1069 908 1249 974 necessaria
1268 923 1348 975 sunt
1366 909 1529 975 sufficiens

205 1035 344 1102 aequaeua
358 1021 556 1100 multitudo,
580 1020 768 1104 respublica
791 1018 916 1083 dicitur
938 1033 970 1082 ct
990 1017 1111 1103 singuli
1135 1019 1167 1084 in
1189 1039 1226 1085 ea
1246 1023 1341 1088 eines.

204 1100 228 1134 ’ὃ
242 1105 310 1137 caes.
399 1133 533 1198 Initium
555 1131 632 1196 huic
653 1129 760 1197 ordini
782 1153 803 1194 a
826 1129 897 1193 Deo
916 1133 1094 1216 principe,
1118 1135 1178 1215 qui
1205 1134 1425 1196 amnemhene
1436 1154 1530 1198 man-

355 1244 433 1309 dam
467 1248 578 1330 regit,
613 1245 668 1307 eei
699 1241 788 1306 nihil
809 1240 899 1326 quad
919 1239 1049 1326 quidem
1069 1245 1106 1305 in
1127 1245 1229 1307 terris
1244 1239 1310 1325 fiat
1331 1264 1395 1308 esse
1417 1261 1529 1331 aecep-

355 1359 422 1420 tias
450 1354 639 1438 philosophi
664 1351 674 1386 ¹
693 1351 923 1435 prodiderunt,
947 1372 1047 1437 qaam
1070 1351 1211 1416 eoncilia
1233 1367 1407 1439 coetusque
1426 1357 1528 1420 homi-

357 1489 451 1544 num,
476 1489 560 1552 quae
582 1469 735 1533 civitates
757 1463 986 1551 appellantur.
1032 1463 1131 1527 Hane
1160 1462 1281 1550 legem,
1305 1467 1363 1530 hoe
1377 1468 1462 1551 jus,
1490 1483 1529 1533 ut

355 1577 464 1659 inquit
487 1572 667 1657 Tullius⁸,
689 1576 851 1664 Jappiter
876 1579 943 1660 ipse
965 1578 1103 1653 sanxit,
1126 1587 1163 1639 ut
1188 1580 1298 1640 omnia
1317 1582 1527 1664 qaaereipu-

355 1689 460 1754 blieae
480 1688 653 1754 salutaria
676 1701 778 1752 essent
800 1686 953 1773 legitima
974 1699 1006 1750 et
1017 1687 1118 1770 justa
1137 1687 1354 1753 haberentur.
1405 1691 1443 1754 In
1465 1691 1527 1754 hoc

354 1819 466 1865 ornnes
491 1798 559 1864 fere
580 1813 691 1884 gentes
713 1797 948 1878 consentiunt,
982 1816 1066 1878 quae
1086 1810 1193 1862 totum
1217 1817 1273 1880 per
1292 1800 1405 1865 orbem
1424 1801 1458 1865 in
1480 1817 1528 1866 ta-

350 1912 398 1977 les
429 1925 610 1977 conventus
633 1910 826 1976 distributae
850 1907 1129 1991 conspiciuntur,
1153 1908 1199 1974 ita
1217 1924 1255 1973 ut
1279 1911 1337 1976 vix
1357 1911 1527 1979 hominum

352 2022 483 2088 nomine
505 2021 596 2108 digni
622 2021 817 2102 videantur,
842 2021 900 2103 qui
921 2019 961 2085 ab
974 2018 1037 2086 isto
1051 2019 1205 2086 instituto
1217 2021 1413 2106 abhorrent,
1427 2045 1530 2106 quare

352 2134 498 2200 omniurn
521 2135 716 2217 probrorum
739 2131 832 2215 quasi
853 2148 1031 2198 extremum
1052 2146 1102 2197 est
1123 2132 1211 2198 illud
1233 2129 1266 2196 ⁴:

604 2249 754 2332 ἀφρήτωρ,
777 2249 947 2327 ἀθέμιστος,
970 2248 1107 2319 ἀνέστιος.

496 2356 559 2420 Ille
578 2355 697 2437 exlex,
721 2358 776 2420 eui
795 2354 891 2419 nulla
910 2355 1019 2418 tribus
1040 2352 1190 2438 nullique
1205 2369 1358 2440 penates.

394 2467 542 2534 Accessit
565 2465 729 2534 communi
752 2481 884 2532 naturae
911 2466 1071 2531 humanae
1091 2465 1218 2550 iudicio
1242 2467 1445 2554 singulorum
1464 2491 1526 2537 vo·

351 2579 480 2657 luntas,
509 2599 592 2661 quae
625 2592 682 2644 aut
711 2577 813 2662 pactis
840 2577 1010 2654 conventis
1044 2591 1083 2642 ut
1104 2576 1225 2658 initio,
1259 2595 1317 2644 aut
1337 2581 1437 2648 tacita
1460 2581 1525 2667 sig·

349 2687 537 2756 nificatione
577 2705 615 2756 ut
652 2705 764 2773 postea
806 2689 1025 2756 demonstrata
1068 2702 1140 2772 est,
1184 2688 1338 2756 nimirum
1375 2711 1449 2756 cum
1489 2713 1524 2759 se

350 2801 491 2885 quisque
525 2802 565 2867 ad
599 2822 717 2885 corpus
737 2802 804 2887 jam
834 2801 1031 2867 constitutae
1057 2800 1256 2884 reipublicae
1278 2819 1467 2887 aggregaret
1485 2809 1521 2868 ⁶:

349 2910 438 2999 Quia
465 2934 541 2979 cum
574 2933 675 2979 unum
707 2928 740 2978 et
769 2931 959 2996 permanens
982 2931 1101 2995 corpus
1121 2911 1165 2978 sit
1188 2933 1227 2979 ex
1247 2913 1400 2980 instituto
1423 2914 1524 2982 ratio-

347 3023 398 3088 nis
430 3024 639 3106 respublica,
672 3024 731 3089 etsi
764 3023 912 3106 partibus
943 3023 1103 3099 discreta,
1128 3044 1195 3089 uno
1219 3026 1293 3109 jure
1312 3027 1435 3092 censeri
1454 3041 1524 3093 tota

348 3133 445 3199 debet
464 3133 487 3200 ⁸.
532 3136 571 3201 In
593 3136 654 3199 hac
673 3149 780 3198 autem
804 3134 1040 3212 universitate,
1065 3154 1149 3217 quae
1168 3155 1300 3220 magnae
1319 3136 1409 3202 illius
1432 3140 1523 3204 velut

348 3245 513 3327 quoddam
532 3245 761 3328 compendium
782 3260 853 3327 est,
879 3265 977 3327 opera
999 3245 1055 3310 illa
1078 3247 1252 3329 utriusque
1272 3248 1418 3332 justitiae
1438 3250 1524 3313 mul-

347 3371 382 3421 to
405 3355 524 3422 clarius
554 3370 720 3440 apparent.
775 3356 862 3421 Nam
884 3361 1099 3444 assignatria
1118 3359 1341 3441 possessiones
1374 3361 1523 3443 publicas

346 3487 407 3550 pro
437 3467 595 3552 dignitate
629 3468 790 3552 cujusque
821 3467 965 3534 dominis
987 3468 1144 3534 adscribit
1170 3483 1202 3534 et
1231 3470 1337 3536 officia
1358 3491 1522 3555 oneraque

347 3579 380 3643 in
410 3579 498 3646 cives
528 3600 588 3662 pro
608 3579 736 3647 viribus
758 3581 932 3663 dispertit,
956 3584 1200 3665 compensatria
1223 3602 1301 3647 vero
1316 3600 1382 3648 non
1396 3596 1522 3649 tantum

349 3691 433 3756 inter
456 3691 603 3776 singulos
629 3692 859 3775 aequalitatem
880 3707 1008 3772 tuetur,
1031 3692 1089 3758 sed
1113 3706 1148 3757 et
1168 3692 1251 3758 bene
1272 3693 1311 3758 de
1330 3695 1436 3777 patria
1454 3715 1523 3762 1ne-

346 3802 427 3869 ritos
447 3804 572 3870 honore
594 3821 626 3870 et
654 3805 805 3888 praemiis
837 3819 1060 3871 remuneratur
1090 3817 1123 3868 et
1144 3803 1178 3868 in
1199 3824 1372 3872 commune
1394 3825 1518 3872 nocen-

345 3915 434 3980 tibus
469 3915 510 3981 ad
540 3934 660 3999 poenas
694 3917 810 3982 utitur.
855 3915 1036 4002 Quomodo
1069 3929 1176 3979 autem
1208 3936 1293 3998 quae
1314 3918 1347 3982 in
1370 3917 1519 4003 singulos

345 4025 432 4093 fiunt
453 4027 494 4092 ad
504 4042 645 4093 cunctos
657 4028 839 4110 pertineant
850 4027 961 4094 eadem
973 4026 1088 4109 docet,
1112 4045 1186 4093 cum
1198 4041 1325 4110 praeter
1335 4027 1521 4113 triumphos

349 4193 537 4205 *—

378 4285 387 4318 ¹
404 4286 470 4336 Vide
484 4287 559 4347 Apul.
577 4289 609 4336 de
625 4286 689 4348 phil.
706 4289 768 4336 Plat.
787 4286 854 4350 [vol.
871 4301 894 4336 a.
912 4302 938 4348 p.
955 4287 1026 4352 255.]
1046 4287 1101 4336 Cic.
1117 4288 1149 4337 de
1163 4301 1217 4347 rep.
1226 4289 1243 4336 1.
1253 4299 1277 4345 3.
1296 4286 1431 4351 [infragrn.
1442 4289 1454 4348 5
1465 4288 1518 4353 so]

343 4373 354 4408 ²
380 4375 436 4424 cie.
461 4379 545 4426 somn.
571 4378 638 4439 scip.
666 4377 711 4441 [de
737 4392 789 4439 rep.
816 4380 833 4426 Ι.
859 4377 884 4427 d.
911 4392 933 4426 c.
963 4391 1001 4436 1³·
1027 4379 1038 4438 5
1064 4377 1116 4443 tn]
1151 4376 1518 4442 ¹Phil.11.[c.1a.5ad.]

341 4465 445 4515 ⁴H0m.
464 4465 506 4531 [11.
523 4483 548 4531 9.
565 4468 673 4534 vada]
708 4470 826 4518 ¹Thom.
845 4483 869 4516 a.
887 4483 910 4517 a.
928 4483 953 4529 q.
970 4471 1012 4532 98.
1030 4480 1076 4517 art.
1093 4483 1118 4529 4.
1135 4471 1379 4530 Vasq.c.28.u.18.
1413 4471 1519 4531 ἰριο-

340 4559 490 4619 ponebatur.
508 4559 533 4608 ff.
552 4562 583 4610 de
600 4559 652 4618 jud.
672 4558 717 4624 [D.
728 4573 750 4617 s.
763 4575 783 4610 1.
793 4559 847 4624 76.]
883 4563 900 4609 l.
911 4574 996 4609 rerum
1003 4561 1121 4610 mixtura.
1130 4561 1156 4608 fl.
1165 4562 1197 4610 de
1206 4574 1310 4622 mucap.
1322 4559 1367 4625 [D.
1375 4575 1418 4624 41.
1429 4575 1452 4622 3.
1463 4563 1516 4629 so]
