3450 5434
344 652 404 714 130
657 652 704 697 DE
727 651 821 717 JURE
847 650 1032 699 PRAEDAE.
1057 650 1141 698 CAP·
1165 651 1199 698 X.

340 804 461 873 idcirco
501 823 567 871 non
605 820 701 888 putat
739 826 777 873 ex
816 805 904 870 bello
942 804 1072 887 privato
1110 804 1259 887 praedam
1298 803 1401 887 nasci,
1438 805 1518 887 quia

340 934 500 997 nusquam
524 917 587 981 hoc
609 916 642 982 in
663 917 737 1001 J'ure
760 916 918 998 scriptum
941 916 1119 983 habeatur:
1154 915 1248 997 quasi
1272 936 1350 985 vero
1374 936 1459 998 quae
1483 918 1518 985 iu

340 1046 477 1109 corpore
501 1028 609 1112 legum
632 1028 855 1093 Romanarum
879 1026 1089 1093 continentur
1111 1044 1177 1091 non
1201 1026 1317 1110 adjus
1340 1028 1518 1110 praecipue

341 1136 438 1201 civile
460 1138 664 1220 pertineant,
688 1137 733 1203 ita
756 1152 795 1203 ut
815 1139 919 1205 multa
941 1137 975 1205 in
998 1136 1064 1203 illis
1086 1136 1409 1220 praetermittantur,
1433 1158 1518 1219 quae

286 1324 290 1329 ⁴
340 1248 524 1313 communis
547 1249 630 1315 ratio
653 1249 792 1329 melius,
816 1268 914 1331 quam
945 1250 1012 1315 ulla
1034 1247 1213 1314 auctoritas
1236 1247 1407 1332 dijudicet.
1453 1249 1519 1318 Sed

341 1378 399 1425 cnr
420 1379 487 1424 non
511 1359 695 1427 inveniatur
717 1361 796 1425 baec
819 1375 930 1428 nostra
954 1358 1103 1441 quaestio
1125 1358 1217 1427 dictu
1237 1357 1334 1429 facile
1353 1373 1415 1427 est:
1440 1358 1518 1443 quia

341 1470 484 1536 Romani
516 1470 644 1554 imperii
676 1491 713 1537 ea
744 1471 895 1555 maiestas
927 1469 1027 1552 idque
1058 1468 1179 1538 virium
1210 1468 1297 1551 fuit,
1322 1486 1360 1535 ut
1382 1471 1520 1553 penuria

338 1580 479 1665 judicii,
503 1582 659 1648 continua
683 1600 780 1662 sane,
804 1584 901 1666 cujus
925 1580 958 1645 in
981 1581 1069 1647 bello
1090 1580 1220 1663 privato
1240 1581 1307 1649 vim
1329 1600 1397 1647 esse
1416 1581 1519 1647 maxi-

341 1712 424 1757 mam
457 1690 599 1758 diximus
620 1697 652 1774 1,
682 1692 741 1757 vix
773 1712 918 1775 unquam
951 1692 1162 1761 laboraretur.
1207 1691 1255 1757 At
1283 1679 1322 1756 si'
1339 1690 1518 1759 definiendi

341 1821 435 1869 veras
456 1803 600 1869 rationes
623 1803 842 1885 inquirimus,
876 1802 959 1884 quid
982 1818 1030 1869 est
1053 1801 1174 1867 certius
1195 1822 1293 1883 quam
1317 1802 1351 1869 iu
1374 1803 1462 1869 bello
1483 1803 1519 1869 id

342 1934 438 1977 omne
468 1913 585 1993 licere,
619 1914 711 1995 quod
734 1915 775 1980 ad
794 1913 879 1998 juris
902 1912 1144 1986 exsecutionem
1166 1912 1386 1979 necessarium
1410 1930 1460 2003 est
1482 1921 1519 1992 ¹,

342 2038 407 2087 tam
431 2024 464 2088 in
488 2023 616 2106 privato
643 2044 740 2106 quarn
763 2022 925 2106 publico?
951 2022 1059 2105 Atqui
1080 2022 1297 2091 necessarium
1316 2038 1388 2102 est,
1412 2024 1440 2091 si
1461 2024 1519 2089 de·

342 2132 448 2199 bitum
480 2134 639 2216 consequi
662 2135 836 2214 volumus,
856 2133 1023 2215 acquirere
1055 2152 1117 2202 nos
1149 2154 1215 2201 rem
1247 2133 1419 2213 hostilem,
1453 2136 1518 2201 hoc

343 2258 450 2309 autem
480 2258 529 2309 est
556 2245 640 2311 illud
661 2244 793 2327 ipsum,
818 2245 909 2327 quod
937 2244 1087 2327 praedam
1116 2264 1272 2311 vocamus
1293 2245 1325 2309 ⁸:
1349 2245 1411 2311 nisi
1442 2244 1520 2326 quis

342 2351 429 2420 forte
461 2376 535 2421 eum
567 2356 626 2437 qui
654 2356 806 2439 privatim
829 2376 890 2421 nos
911 2371 1081 2441 oppugnat
1102 2356 1228 2422 hostem
1261 2355 1326 2423 dici
1355 2375 1422 2425 non
1444 2358 1520 2423 vult

343 2482 404 2530 nec
427 2465 519 2547 quod
545 2466 593 2531 sic
611 2467 779 2549 quaeritur
798 2466 974 2549 praedam,
998 2467 1124 2549 dequo
1146 2466 1208 2532 etsi
1231 2466 1438 2550 pertinaciter
1457 2486 1519 2533 no·

343 2574 400 2640 lim
430 2576 622 2661 digladiari,
655 2578 832 2645 dummodo
861 2577 902 2645 de
933 2597 966 2641 re
998 2591 1148 2659 constet,
1172 2580 1312 2644 multum
1344 2594 1451 2647 tamen
1477 2578 1519 2646 ad

343 2705 409 2751 rem
431 2688 648 2757 extricandam
668 2688 830 2773 pertinere
861 2687 1018 2769 arbitror,
1041 2687 1168 2773 injure
1192 2688 1304 2755 eodem
1327 2689 1519 2757 nominibus

343 2798 394 2865 uti
415 2818 481 2865 non
501 2799 649 2869 diversis.
695 2800 785 2867 Etsi
807 2798 982 2883 diligenter
1004 2799 1134 2865 illorum
1159 2818 1245 2881 quos
1266 2798 1411 2867 diximus
1433 2800 1519 2884 juris

343 2912 570 2977 consultorum
592 2915 605 2952 ⁴
627 2911 805 2977 sententias
828 2924 1032 2991 scrutamur,
1062 2929 1176 2992 parurn
1205 2910 1308 2975 aberit
1330 2910 1411 2993 quin
1435 2928 1519 2977 sono

343 3019 548 3100 differentia,
568 3041 602 3085 re
622 3022 731 3087 eadem
750 3021 858 3087 dicere
876 3020 1060 3087 videantur.
1093 3020 1142 3087 Ita
1166 3020 1251 3088 enim
1272 3021 1409 3099 docent,
1431 3022 1519 3087 bello

343 3130 496 3212 privato,
528 3131 555 3197 si
584 3132 686 3215 judex
718 3131 825 3211 desit,
857 3151 954 3214 posse
981 3151 1042 3199 nos
1060 3152 1119 3214 pro
1141 3131 1387 3214 recuperatione
1409 3151 1517 3200 rerum

344 3256 528 3307 nostrarum
558 3257 591 3307 et
611 3242 766 3325 hisquae
789 3242 886 3307 nobis
907 3242 1067 3309 debentur
1089 3241 1185 3308 etiam
1207 3262 1246 3307 ex
1267 3241 1441 3309 intervallo
1464 3262 1518 3309 ca·

344 3372 421 3435 pere
457 3372 509 3419 res
537 3352 794 3421 adversariorum
825 3353 932 3436 pretio
965 3368 1060 3421 tenus
1085 3352 1331 3436 aequiparabili.
1389 3352 1424 3419 si
1458 3374 1519 3436 pro

345 3464 473 3532 cunctis
494 3483 578 3547 quae
596 3465 692 3533 nobis
713 3465 896 3546 debentur,
920 3463 1036 3546 utique
1060 3478 1091 3530 et
1110 3484 1170 3547 pro
1192 3461 1317 3529 damnis
1339 3478 1372 3529 et
1393 3463 1519 3547 impen-

346 3573 391 3639 sis
412 3575 453 3640 ad
471 3576 556 3661 juris
576 3576 839 3642 consecutionem
860 3574 974 3656 lactis3
1001 3576 1067 3641 imo
1087 3594 1147 3658 pro
1166 3574 1322 3657 periculis
1347 3573 1444 3641 etiam
1466 3576 1519 3641 lu·

345 3705 469 3769 croque
488 3687 650 3768 cessanti,
672 3687 743 3755 sive
762 3688 881 3753 damno
907 3686 1090 3753 extrinseco
1108 3701 1141 3753 et
1159 3684 1250 3751 omni
1281 3705 1322 3751 eo
1351 3686 1444 3767 quod
1468 3685 1519 3753 in·

344 3812 467 3879 terest,
499 3814 537 3864 ut
566 3799 701 3865 tradunt
729 3797 876 3882 theologi
900 3798 912 3833 ⁵
934 3798 968 3867 in
1003 3798 1066 3864 hoc
1097 3812 1307 3881 argumento:
1340 3817 1414 3865 nam
1437 3798 1520 3867 haec

346 3909 442 3976 etiam
462 3910 587 3994 judex,
620 3910 648 3975 si
679 3910 755 3992 quis
787 3911 941 3990 daretur,
967 3908 1088 3975 insonti
1112 3908 1335 3992 adjudicaret,
1358 3928 1433 3974 curn
1460 3928 1520 3992 par

346 4021 390 4086 sit
418 4035 535 4087 cuncta
567 4020 600 4085 in
632 4020 704 4104 ejas
735 4019 847 4085 odium
878 4038 1010 4104 vergere
1041 4018 1100 4102 qui
1122 4020 1207 4085 malo
1231 4038 1360 4085 causam
1383 4020 1474 4086 dedit
1493 4022 1518 4086 ⁸.

379 4267 453 4318 ¹nrt.
474 4282 495 4318 ι.
510 4268 593 4317 ooncl.
607 4280 631 4325 7.
664 4262 775 4326 'princ
798 4280 821 4315 c.
844 4279 869 4327 4.
894 4278 918 4315 et
939 4266 1022 4315 concl.
1047 4276 1072 4323 7.
1086 4276 1132 4313 art.
1152 4278 1173 4313 r.
1207 4262 1287 4313 'fine
1304 4278 1327 4313 c.
1344 4278 1367 4313 a.
1401 4263 1521 4315 ⁴Franc.

344 4359 416 4409 Arias
434 4362 459 4409 d.
476 4362 493 4407 1.
527 4358 629 4406 ⁵Wilh.
648 4358 730 4405 Marh.
746 4360 777 4407 de
796 4359 866 4407 bello
884 4356 967 4418 iusto,
988 4358 1015 4405 in
1036 4370 1090 4417 req.
1112 4370 1132 4404 r.
1148 4370 1194 4417 per
1209 4359 1226 4405 l.
1242 4356 1361 4417 proinde.
1377 4368 1401 4404 et
1419 4370 1472 4416 seq.
1486 4358 1520 4405 ad

345 4451 362 4497 l.
383 4450 469 4510 nqun.
492 4449 535 4514 [D.
555 4463 579 4512 9.
601 4464 624 4497 a.
647 4460 686 4507 25.
704 4460 729 4499 et
748 4448 801 4512 ad]
835 4449 889 4498 ⁶d.
905 4436 928 4497 c.
946 4448 1021 4497 sicut.
1038 4450 1070 4497 de
1085 4445 1192 4504 jurejur.
1207 4449 1224 4494 l.
1245 4446 1374 4506 quoniam.
1395 4448 1425 4495 C·
1443 4447 1475 4495 de
1490 4447 1520 4495 vi

344 4540 415 4599 publ.
431 4538 473 4603 [C.
488 4554 512 4601 9.
532 4554 570 4588 ta.
585 4540 621 4601 6.]
