<?xml version="1.0" encoding="UTF-8"?>
<!DOCTYPE html PUBLIC "-//W3C//DTD XHTML 1.0 Transitional//EN"
    "http://www.w3.org/TR/xhtml1/DTD/xhtml1-transitional.dtd">
<html xmlns="http://www.w3.org/1999/xhtml" xml:lang="en" lang="en">
 <head>
  <title>
</title>
<meta http-equiv="Content-Type" content="text/html;charset=utf-8" />
  <meta name='ocr-system' content='tesseract 3.04.00' />
  <meta name='ocr-capabilities' content='ocr_page ocr_carea ocr_par ocr_line ocrx_word'/>
</head>
<body>
  <div class='ocr_page' id='page_1' title='image "./ledroitdeprised02hamagoog_0235.png"; bbox 0 0 3450 5434; ppageno 0'>
   <div class='ocr_carea' id='block_1_1' title="bbox 495 670 1362 739">
    <p class='ocr_par' dir='ltr' id='par_1_1' title="bbox 495 670 1362 739">
     <span class='ocr_line' id='line_1_1' title="bbox 495 670 1362 739; baseline -0.002 -22"><span class='ocrx_word' id='word_1_1' title='bbox 495 672 541 717; x_wconf 80' lang='lat' dir='ltr'><em>DE</em></span> <span class='ocrx_word' id='word_1_2' title='bbox 564 672 659 739; x_wconf 86' lang='lat' dir='ltr'>JURE</span> <span class='ocrx_word' id='word_1_3' title='bbox 684 670 871 717; x_wconf 81' lang='lat' dir='ltr'>PRAEDAE.</span> <span class='ocrx_word' id='word_1_4' title='bbox 897 670 976 715; x_wconf 86' lang='lat' dir='ltr'><strong>CAP.</strong></span> <span class='ocrx_word' id='word_1_5' title='bbox 1002 670 1066 716; x_wconf 84' lang='grc' dir='ltr'><em>ΧΠ.</em></span> <span class='ocrx_word' id='word_1_6' title='bbox 1300 671 1362 732; x_wconf 77' lang='lat'><em>213</em></span> 
     </span>
    </p>
   </div>
   <div class='ocr_carea' id='block_1_2' title="bbox 189 822 1399 4245">
    <p class='ocr_par' dir='ltr' id='par_1_2' title="bbox 189 822 1399 4245">
     <span class='ocr_line' id='line_1_2' title="bbox 193 822 1364 917; baseline -0.008 -21"><span class='ocrx_word' id='word_1_7' title='bbox 193 835 275 917; x_wconf 86' lang='lat' dir='ltr'><em>quia</em></span> <span class='ocrx_word' id='word_1_8' title='bbox 307 827 405 896; x_wconf 93' lang='lat' dir='ltr'><em>nulla</em></span> <span class='ocrx_word' id='word_1_9' title='bbox 443 826 551 891; x_wconf 86' lang='lat' dir='ltr'><em>subest</em></span> <span class='ocrx_word' id='word_1_10' title='bbox 582 844 685 890; x_wconf 89' lang='lat' dir='ltr'><em>eausa</em></span> <span class='ocrx_word' id='word_1_11' title='bbox 709 825 809 910; x_wconf 88' lang='lat' dir='ltr'><em>justa</em></span> <span class='ocrx_word' id='word_1_12' title='bbox 842 822 922 888; x_wconf 85' lang='lat' dir='ltr'><em>belli</em></span> <span class='ocrx_word' id='word_1_13' title='bbox 933 870 944 904; x_wconf 94' lang='lat'><em>,</em></span> <span class='ocrx_word' id='word_1_14' title='bbox 977 844 1050 888; x_wconf 90' lang='lat' dir='ltr'><em>cum</em></span> <span class='ocrx_word' id='word_1_15' title='bbox 1080 824 1179 912; x_wconf 89' lang='lat' dir='ltr'><em>Jesus</em></span> <span class='ocrx_word' id='word_1_16' title='bbox 1210 822 1364 889; x_wconf 78' lang='lat' dir='ltr'><em>Christus</em></span> 
     </span>
     <span class='ocr_line' id='line_1_3' title="bbox 194 935 1365 1028; baseline -0.006 -22"><span class='ocrx_word' id='word_1_17' title='bbox 194 963 256 1007; x_wconf 81' lang='lat' dir='ltr'><em>rex</em></span> <span class='ocrx_word' id='word_1_18' title='bbox 286 962 427 1028; x_wconf 83' lang='lat' dir='ltr'><em>regum,</em></span> <span class='ocrx_word' id='word_1_19' title='bbox 458 942 515 1002; x_wconf 89' lang='lat' dir='ltr'><em>cui</em></span> <span class='ocrx_word' id='word_1_20' title='bbox 548 936 633 1003; x_wconf 91' lang='lat' dir='ltr'><em>dato</em></span> <span class='ocrx_word' id='word_1_21' title='bbox 665 951 713 1001; x_wconf 91' lang='lat' dir='ltr'><em>est</em></span> <span class='ocrx_word' id='word_1_22' title='bbox 739 950 887 1021; x_wconf 88' lang='lat' dir='ltr'><em>potestas</em></span> <span class='ocrx_word' id='word_1_23' title='bbox 919 938 956 1000; x_wconf 89' lang='lat' dir='ltr'><em>in</em></span> <span class='ocrx_word' id='word_1_24' title='bbox 986 935 1075 1001; x_wconf 91' lang='lat' dir='ltr'><em>caelo</em></span> <span class='ocrx_word' id='word_1_25' title='bbox 1110 949 1141 1000; x_wconf 92' lang='lat' dir='ltr'><em>et</em></span> <span class='ocrx_word' id='word_1_26' title='bbox 1176 940 1212 999; x_wconf 93' lang='lat' dir='ltr'><em>in</em></span> <span class='ocrx_word' id='word_1_27' title='bbox 1246 950 1365 1015; x_wconf 89' lang='lat' dir='ltr'><em>terro,</em></span> 
     </span>
     <span class='ocr_line' id='line_1_4' title="bbox 194 1044 1366 1135; baseline -0.008 -17"><span class='ocrx_word' id='word_1_28' title='bbox 194 1056 324 1117; x_wconf 81' lang='lat' dir='ltr'><em>miserit</em></span> <span class='ocrx_word' id='word_1_29' title='bbox 354 1050 402 1116; x_wconf 89' lang='lat' dir='ltr'><em>ad</em></span> <span class='ocrx_word' id='word_1_30' title='bbox 431 1046 626 1135; x_wconf 78' lang='lat' dir='ltr'><em>capiendam</em></span> <span class='ocrx_word' id='word_1_31' title='bbox 655 1052 885 1132; x_wconf 88' lang='lat' dir='ltr'><em>possessionem</em></span> <span class='ocrx_word' id='word_1_32' title='bbox 910 1044 1050 1128; x_wconf 87' lang='lat' dir='ltr'><em>mundi,</em></span> <span class='ocrx_word' id='word_1_33' title='bbox 1075 1068 1138 1110; x_wconf 94' lang='lat' dir='ltr'><em>non</em></span> <span class='ocrx_word' id='word_1_34' title='bbox 1162 1045 1284 1111; x_wconf 89' lang='lat' dir='ltr'><em>milites</em></span> <span class='ocrx_word' id='word_1_35' title='bbox 1307 1065 1366 1109; x_wconf 91' lang='lat' dir='ltr'><em>ar·</em></span> 
     </span>
     <span class='ocr_line' id='line_1_5' title="bbox 195 1158 1368 1244; baseline -0.007 -17"><span class='ocrx_word' id='word_1_36' title='bbox 195 1178 307 1228; x_wconf 89' lang='lat' dir='ltr'><em>motae</em></span> <span class='ocrx_word' id='word_1_37' title='bbox 337 1161 505 1240; x_wconf 89' lang='lat' dir='ltr'><em>militiae,</em></span> <span class='ocrx_word' id='word_1_38' title='bbox 538 1158 596 1225; x_wconf 91' lang='lat' dir='ltr'><em>sed</em></span> <span class='ocrx_word' id='word_1_39' title='bbox 623 1172 752 1223; x_wconf 92' lang='lat' dir='ltr'><em>sanctos</em></span> <span class='ocrx_word' id='word_1_40' title='bbox 771 1158 1048 1244; x_wconf 80' lang='lat' dir='ltr'><em>praedicatores,</em></span> <span class='ocrx_word' id='word_1_41' title='bbox 1074 1161 1160 1223; x_wconf 88' lang='lat' dir='ltr'><em>sicut</em></span> <span class='ocrx_word' id='word_1_42' title='bbox 1184 1177 1254 1224; x_wconf 77' lang='lat' dir='ltr'><em>ores</em></span> <span class='ocrx_word' id='word_1_43' title='bbox 1276 1160 1368 1220; x_wconf 90' lang='lat' dir='ltr'><em>inter</em></span> 
     </span>
     <span class='ocr_line' id='line_1_6' title="bbox 194 1269 1399 1359; baseline -0.008 -21"><span class='ocrx_word' id='word_1_44' title='bbox 194 1273 299 1359; x_wconf 88' lang='lat' dir='ltr'><em>lupos.</em></span> <span class='ocrx_word' id='word_1_45' title='bbox 347 1271 443 1338; x_wconf 86' lang='lat' dir='ltr'><em>Unde</em></span> <span class='ocrx_word' id='word_1_46' title='bbox 475 1292 532 1335; x_wconf 88' lang='lat' dir='ltr'><em>nec</em></span> <span class='ocrx_word' id='word_1_47' title='bbox 563 1274 601 1334; x_wconf 96' lang='lat' dir='ltr'><em>in</em></span> <span class='ocrx_word' id='word_1_48' title='bbox 633 1270 838 1334; x_wconf 81' lang='lat' dir='ltr'><em>Testamenta</em></span> <span class='ocrx_word' id='word_1_49' title='bbox 870 1272 999 1351; x_wconf 80' lang='lat' dir='ltr'><em>reteri,</em></span> <span class='ocrx_word' id='word_1_50' title='bbox 1024 1269 1081 1334; x_wconf 88' lang='lat' dir='ltr'><em>uli</em></span> <span class='ocrx_word' id='word_1_51' title='bbox 1104 1282 1243 1333; x_wconf 86' lang='lat' dir='ltr'><em>armata</em></span> <span class='ocrx_word' id='word_1_52' title='bbox 1266 1288 1368 1331; x_wconf 91' lang='lat' dir='ltr'><em>manu</em></span> <span class='ocrx_word' id='word_1_53' title='bbox 1395 1314 1399 1325; x_wconf 94' lang='lat'>.</span> 
     </span>
     <span class='ocr_line' id='line_1_7' title="bbox 189 1378 1368 1471; baseline -0.005 -22"><span class='ocrx_word' id='word_1_54' title='bbox 189 1388 344 1471; x_wconf 81' lang='lat' dir='ltr'><em>possessio</em></span> <span class='ocrx_word' id='word_1_55' title='bbox 378 1398 454 1450; x_wconf 91' lang='lat' dir='ltr'><em>erat</em></span> <span class='ocrx_word' id='word_1_56' title='bbox 494 1380 656 1469; x_wconf 88' lang='lat' dir='ltr'><em>capienda</em></span> <span class='ocrx_word' id='word_1_57' title='bbox 691 1395 807 1447; x_wconf 89' lang='lat' dir='ltr'><em>terrae</em></span> <span class='ocrx_word' id='word_1_58' title='bbox 845 1379 1054 1463; x_wconf 85' lang='lat' dir='ltr'><em>infidelium,</em></span> <span class='ocrx_word' id='word_1_59' title='bbox 1099 1379 1262 1445; x_wconf 89' lang='lat' dir='ltr'><em>indictum</em></span> <span class='ocrx_word' id='word_1_60' title='bbox 1299 1378 1368 1465; x_wconf 86' lang='lat' dir='ltr'><em>lego</em></span> 
     </span>
     <span class='ocr_line' id='line_1_8' title="bbox 195 1490 1368 1580; baseline -0.006 -20"><span class='ocrx_word' id='word_1_61' title='bbox 195 1496 316 1561; x_wconf 81' lang='lat' dir='ltr'><em>bellum</em></span> <span class='ocrx_word' id='word_1_62' title='bbox 339 1496 446 1560; x_wconf 89' lang='lat' dir='ltr'><em>alicui</em></span> <span class='ocrx_word' id='word_1_63' title='bbox 464 1508 605 1580; x_wconf 91' lang='lat' dir='ltr'><em>propter</em></span> <span class='ocrx_word' id='word_1_64' title='bbox 627 1494 712 1573; x_wconf 85' lang='lat' dir='ltr'><em>ltoc,</em></span> <span class='ocrx_word' id='word_1_65' title='bbox 736 1492 825 1577; x_wconf 86' lang='lat' dir='ltr'><em>quod</em></span> <span class='ocrx_word' id='word_1_66' title='bbox 845 1514 909 1557; x_wconf 92' lang='lat' dir='ltr'><em>non</em></span> <span class='ocrx_word' id='word_1_67' title='bbox 932 1506 1031 1557; x_wconf 91' lang='lat' dir='ltr'><em>erant</em></span> <span class='ocrx_word' id='word_1_68' title='bbox 1050 1490 1186 1574; x_wconf 87' lang='lat' dir='ltr'><em>fideles,</em></span> <span class='ocrx_word' id='word_1_69' title='bbox 1211 1490 1267 1555; x_wconf 88' lang='lat' dir='ltr'><em>sed</em></span> <span class='ocrx_word' id='word_1_70' title='bbox 1287 1494 1368 1575; x_wconf 83' lang='lat' dir='ltr'><em>quia</em></span> 
     </span>
     <span class='ocr_line' id='line_1_9' title="bbox 196 1601 1370 1689; baseline -0.004 -19"><span class='ocrx_word' id='word_1_71' title='bbox 196 1606 351 1672; x_wconf 87' lang='lat' dir='ltr'><em>nolebant</em></span> <span class='ocrx_word' id='word_1_72' title='bbox 374 1605 458 1671; x_wconf 89' lang='lat' dir='ltr'><em>dore</em></span> <span class='ocrx_word' id='word_1_73' title='bbox 481 1608 693 1684; x_wconf 82' lang='lat' dir='ltr'><em>transitum,</em></span> <span class='ocrx_word' id='word_1_74' title='bbox 715 1604 770 1671; x_wconf 78' lang='lat' dir='ltr'><em>rel</em></span> <span class='ocrx_word' id='word_1_75' title='bbox 791 1607 874 1688; x_wconf 85' lang='lat' dir='ltr'><em>quia</em></span> <span class='ocrx_word' id='word_1_76' title='bbox 897 1624 946 1668; x_wconf 90' lang='lat' dir='ltr'><em>eos</em></span> <span class='ocrx_word' id='word_1_77' title='bbox 970 1601 1203 1689; x_wconf 84' lang='lat' dir='ltr'><em>offenderant,</em></span> <span class='ocrx_word' id='word_1_78' title='bbox 1227 1615 1265 1665; x_wconf 91' lang='lat' dir='ltr'><em>ut</em></span> <span class='ocrx_word' id='word_1_79' title='bbox 1288 1601 1370 1665; x_wconf 90' lang='lat' dir='ltr'><em>Ma·</em></span> 
     </span>
     <span class='ocr_line' id='line_1_10' title="bbox 196 1713 1371 1800; baseline -0.006 -17"><span class='ocrx_word' id='word_1_80' title='bbox 196 1716 374 1798; x_wconf 89' lang='lat' dir='ltr'><em>dianitae,</em></span> <span class='ocrx_word' id='word_1_81' title='bbox 407 1716 462 1784; x_wconf 80' lang='lat' dir='ltr'><em>rel</em></span> <span class='ocrx_word' id='word_1_82' title='bbox 492 1730 529 1780; x_wconf 91' lang='lat' dir='ltr'><em>ut</em></span> <span class='ocrx_word' id='word_1_83' title='bbox 563 1728 802 1799; x_wconf 81' lang='lat' dir='ltr'><em>recuperarent</em></span> <span class='ocrx_word' id='word_1_84' title='bbox 835 1735 921 1796; x_wconf 90' lang='lat' dir='ltr'><em>sua,</em></span> <span class='ocrx_word' id='word_1_85' title='bbox 956 1713 1073 1781; x_wconf 76' lang='lat' dir='ltr'><em>diuina</em></span> <span class='ocrx_word' id='word_1_86' title='bbox 1108 1714 1274 1800; x_wconf 82' lang='lat' dir='ltr'><em>largitate</em></span> <span class='ocrx_word' id='word_1_87' title='bbox 1307 1713 1371 1777; x_wconf 87' lang='lat' dir='ltr'><em>sibi</em></span> 
     </span>
     <span class='ocr_line' id='line_1_11' title="bbox 196 1821 1371 1912; baseline -0.004 -20"><span class='ocrx_word' id='word_1_88' title='bbox 196 1848 361 1893; x_wconf 89' lang='lat' dir='ltr'><em>concessa.</em></span> <span class='ocrx_word' id='word_1_89' title='bbox 420 1825 515 1892; x_wconf 90' lang='lat' dir='ltr'><em>Unde</em></span> <span class='ocrx_word' id='word_1_90' title='bbox 545 1828 748 1912; x_wconf 74' lang='lat' dir='ltr'><em>grauissime</em></span> <span class='ocrx_word' id='word_1_91' title='bbox 776 1838 1015 1909; x_wconf 80' lang='lat' dir='ltr'><em>peccaremus,</em></span> <span class='ocrx_word' id='word_1_92' title='bbox 1049 1829 1080 1889; x_wconf 94' lang='lat' dir='ltr'><em>si</em></span> <span class='ocrx_word' id='word_1_93' title='bbox 1108 1821 1206 1907; x_wconf 85' lang='lat' dir='ltr'><em>fidem</em></span> <span class='ocrx_word' id='word_1_94' title='bbox 1244 1826 1371 1888; x_wconf 79' lang='lat' dir='ltr'><em>Ultristi</em></span> 
     </span>
     <span class='ocr_line' id='line_1_12' title="bbox 194 1934 1371 2027; baseline -0.004 -24"><span class='ocrx_word' id='word_1_95' title='bbox 194 1940 281 2027; x_wconf 78' lang='lat' dir='ltr'><em>jesu</em></span> <span class='ocrx_word' id='word_1_96' title='bbox 308 1953 371 2025; x_wconf 95' lang='lat' dir='ltr'><em>per</em></span> <span class='ocrx_word' id='word_1_97' title='bbox 401 1940 488 2002; x_wconf 84' lang='lat' dir='ltr'><em>hanc</em></span> <span class='ocrx_word' id='word_1_98' title='bbox 518 1940 609 2005; x_wconf 78' lang='lat' dir='ltr'><em>uiam</em></span> <span class='ocrx_word' id='word_1_99' title='bbox 643 1934 809 2021; x_wconf 88' lang='lat' dir='ltr'><em>ampliare</em></span> <span class='ocrx_word' id='word_1_100' title='bbox 830 1934 1122 2014; x_wconf 89' lang='lat' dir='ltr'><em>contenderemus,</em></span> <span class='ocrx_word' id='word_1_101' title='bbox 1157 1956 1213 1999; x_wconf 88' lang='lat' dir='ltr'><em>nec</em></span> <span class='ocrx_word' id='word_1_102' title='bbox 1236 1955 1371 2000; x_wconf 87' lang='lat' dir='ltr'><em>essemus</em></span> 
     </span>
     <span class='ocr_line' id='line_1_13' title="bbox 199 2045 1372 2136; baseline -0.003 -22"><span class='ocrx_word' id='word_1_103' title='bbox 199 2050 343 2136; x_wconf 80' lang='lat' dir='ltr'><em>legitimi</em></span> <span class='ocrx_word' id='word_1_104' title='bbox 375 2048 500 2114; x_wconf 91' lang='lat' dir='ltr'><em>domini</em></span> <span class='ocrx_word' id='word_1_105' title='bbox 531 2047 692 2128; x_wconf 91' lang='lat' dir='ltr'><em>illorum,</em></span> <span class='ocrx_word' id='word_1_106' title='bbox 722 2045 779 2112; x_wconf 92' lang='lat' dir='ltr'><em>sed</em></span> <span class='ocrx_word' id='word_1_107' title='bbox 799 2068 923 2133; x_wconf 84' lang='lat' dir='ltr'><em>magna</em></span> <span class='ocrx_word' id='word_1_108' title='bbox 947 2047 1132 2111; x_wconf 89' lang='lat' dir='ltr'><em>latrocinia</em></span> <span class='ocrx_word' id='word_1_109' title='bbox 1155 2050 1372 2110; x_wconf 89' lang='lat' dir='ltr'><em>committere-</em></span> 
     </span>
     <span class='ocr_line' id='line_1_14' title="bbox 199 2156 1372 2244; baseline -0.004 -19"><span class='ocrx_word' id='word_1_110' title='bbox 199 2174 271 2225; x_wconf 85' lang='lat' dir='ltr'><em>mus</em></span> <span class='ocrx_word' id='word_1_111' title='bbox 295 2173 327 2224; x_wconf 90' lang='lat' dir='ltr'><em>et</em></span> <span class='ocrx_word' id='word_1_112' title='bbox 350 2174 540 2224; x_wconf 89' lang='lat' dir='ltr'><em>teneremur</em></span> <span class='ocrx_word' id='word_1_113' title='bbox 563 2157 610 2222; x_wconf 92' lang='lat' dir='ltr'><em>ad</em></span> <span class='ocrx_word' id='word_1_114' title='bbox 631 2161 900 2239; x_wconf 87' lang='lat' dir='ltr'><em>restitutionem,</em></span> <span class='ocrx_word' id='word_1_115' title='bbox 934 2171 1046 2244; x_wconf 88' lang='lat' dir='ltr'><em>utpote</em></span> <span class='ocrx_word' id='word_1_116' title='bbox 1076 2158 1197 2242; x_wconf 87' lang='lat' dir='ltr'><em>injusti</em></span> <span class='ocrx_word' id='word_1_117' title='bbox 1230 2156 1336 2223; x_wconf 84' lang='lat' dir='ltr'><em>debell</em></span> <span class='ocrx_word' id='word_1_118' title='bbox 1356 2190 1372 2207; x_wconf 94' lang='lat'>·</span> 
     </span>
     <span class='ocr_line' id='line_1_15' title="bbox 199 2267 1372 2355; baseline -0.002 -20"><span class='ocrx_word' id='word_1_119' title='bbox 199 2284 289 2336; x_wconf 90' lang='lat' dir='ltr'><em>tores</em></span> <span class='ocrx_word' id='word_1_120' title='bbox 312 2284 374 2335; x_wconf 92' lang='lat' dir='ltr'><em>aut</em></span> <span class='ocrx_word' id='word_1_121' title='bbox 398 2283 618 2355; x_wconf 90' lang='lat' dir='ltr'><em>occupatores.</em></span> <span class='ocrx_word' id='word_1_122' title='bbox 664 2267 831 2334; x_wconf 91' lang='lat' dir='ltr'><em>Mittendi</em></span> <span class='ocrx_word' id='word_1_123' title='bbox 853 2283 955 2334; x_wconf 88' lang='lat' dir='ltr'><em>essent</em></span> <span class='ocrx_word' id='word_1_124' title='bbox 980 2268 1028 2335; x_wconf 91' lang='lat' dir='ltr'><em>ad</em></span> <span class='ocrx_word' id='word_1_125' title='bbox 1047 2270 1102 2334; x_wconf 80' lang='lat' dir='ltr'><em>less</em></span> <span class='ocrx_word' id='word_1_126' title='bbox 1120 2268 1372 2355; x_wconf 88' lang='lat' dir='ltr'><em>praedicatores</em></span> 
     </span>
     <span class='ocr_line' id='line_1_16' title="bbox 200 2379 1372 2467; baseline -0.004 -20"><span class='ocrx_word' id='word_1_127' title='bbox 200 2383 276 2447; x_wconf 85' lang='lat' dir='ltr'><em>boni</em></span> <span class='ocrx_word' id='word_1_128' title='bbox 298 2385 391 2463; x_wconf 78' lang='lat' dir='ltr'><em>uiri,</em></span> <span class='ocrx_word' id='word_1_129' title='bbox 420 2385 480 2466; x_wconf 86' lang='lat' dir='ltr'><em>qui</em></span> <span class='ocrx_word' id='word_1_130' title='bbox 503 2382 600 2448; x_wconf 76' lang='lat' dir='ltr'><em>uerbo</em></span> <span class='ocrx_word' id='word_1_131' title='bbox 624 2395 656 2446; x_wconf 87' lang='lat' dir='ltr'><em>et</em></span> <span class='ocrx_word' id='word_1_132' title='bbox 679 2380 823 2467; x_wconf 86' lang='lat' dir='ltr'><em>exemplo</em></span> <span class='ocrx_word' id='word_1_133' title='bbox 846 2394 1075 2449; x_wconf 77' lang='lat' dir='ltr'><em>corruerterent</em></span> <span class='ocrx_word' id='word_1_134' title='bbox 1098 2401 1148 2445; x_wconf 89' lang='lat' dir='ltr'><em>eos</em></span> <span class='ocrx_word' id='word_1_135' title='bbox 1170 2379 1218 2446; x_wconf 89' lang='lat' dir='ltr'><em>ad</em></span> <span class='ocrx_word' id='word_1_136' title='bbox 1240 2380 1345 2444; x_wconf 90' lang='lat' dir='ltr'><em>Deum</em></span> <span class='ocrx_word' id='word_1_137' title='bbox 1359 2400 1372 2444; x_wconf 92' lang='lat'><em>.·</em></span> 
     </span>
     <span class='ocr_line' id='line_1_17' title="bbox 200 2491 1374 2578; baseline -0.003 -20"><span class='ocrx_word' id='word_1_138' title='bbox 200 2507 232 2558; x_wconf 88' lang='lat' dir='ltr'><em>et</em></span> <span class='ocrx_word' id='word_1_139' title='bbox 255 2514 319 2557; x_wconf 94' lang='lat' dir='ltr'><em>non</em></span> <span class='ocrx_word' id='word_1_140' title='bbox 342 2496 402 2578; x_wconf 85' lang='lat' dir='ltr'><em>qui</em></span> <span class='ocrx_word' id='word_1_141' title='bbox 424 2513 474 2557; x_wconf 86' lang='lat' dir='ltr'><em>eos</em></span> <span class='ocrx_word' id='word_1_142' title='bbox 497 2496 706 2578; x_wconf 87' lang='lat' dir='ltr'><em>opprimant,</em></span> <span class='ocrx_word' id='word_1_143' title='bbox 732 2491 891 2577; x_wconf 89' lang='lat' dir='ltr'><em>spolient,</em></span> <span class='ocrx_word' id='word_1_144' title='bbox 915 2492 1169 2573; x_wconf 88' lang='lat' dir='ltr'><em>scandalizent,</em></span> <span class='ocrx_word' id='word_1_145' title='bbox 1194 2491 1374 2576; x_wconf 86' lang='lat' dir='ltr'><em>subjiciant</em></span> 
     </span>
     <span class='ocr_line' id='line_1_18' title="bbox 201 2601 1373 2691; baseline -0.001 -22"><span class='ocrx_word' id='word_1_146' title='bbox 201 2619 233 2669; x_wconf 91' lang='lat' dir='ltr'><em>et</em></span> <span class='ocrx_word' id='word_1_147' title='bbox 256 2603 355 2691; x_wconf 90' lang='lat' dir='ltr'><em>duplo</em></span> <span class='ocrx_word' id='word_1_148' title='bbox 380 2602 557 2669; x_wconf 84' lang='lat' dir='ltr'><em>Gehennae</em></span> <span class='ocrx_word' id='word_1_149' title='bbox 574 2601 664 2685; x_wconf 84' lang='lat' dir='ltr'><em>filios</em></span> <span class='ocrx_word' id='word_1_150' title='bbox 679 2604 820 2688; x_wconf 90' lang='lat' dir='ltr'><em>faciant</em></span> <span class='ocrx_word' id='word_1_151' title='bbox 843 2624 932 2668; x_wconf 91' lang='lat' dir='ltr'><em>more</em></span> <span class='ocrx_word' id='word_1_152' title='bbox 955 2603 1230 2669; x_wconf 86' lang='lat' dir='ltr'><em>Pharisaeorum.</em></span> <span class='ocrx_word' id='word_1_153' title='bbox 1275 2602 1321 2668; x_wconf 93' lang='lat' dir='ltr'><em>Et</em></span> <span class='ocrx_word' id='word_1_154' title='bbox 1339 2603 1373 2669; x_wconf 92' lang='lat' dir='ltr'><em>in</em></span> 
     </span>
     <span class='ocr_line' id='line_1_19' title="bbox 200 2712 1374 2797; baseline -0.002 -16"><span class='ocrx_word' id='word_1_155' title='bbox 200 2717 285 2781; x_wconf 85' lang='lat' dir='ltr'><em>hanc</em></span> <span class='ocrx_word' id='word_1_156' title='bbox 319 2714 456 2780; x_wconf 86' lang='lat' dir='ltr'><em>formam</em></span> <span class='ocrx_word' id='word_1_157' title='bbox 491 2714 642 2780; x_wconf 87' lang='lat' dir='ltr'><em>audimus</em></span> <span class='ocrx_word' id='word_1_158' title='bbox 675 2734 770 2797; x_wconf 85' lang='lat' dir='ltr'><em>saepe</em></span> <span class='ocrx_word' id='word_1_159' title='bbox 793 2734 809 2779; x_wconf 92' lang='lat' dir='ltr'><em>a</em></span> <span class='ocrx_word' id='word_1_160' title='bbox 836 2729 950 2779; x_wconf 88' lang='lat' dir='ltr'><em>senatu</em></span> <span class='ocrx_word' id='word_1_161' title='bbox 983 2713 1016 2778; x_wconf 89' lang='lat' dir='ltr'><em>in</em></span> <span class='ocrx_word' id='word_1_162' title='bbox 1041 2712 1200 2795; x_wconf 84' lang='lat' dir='ltr'><em>Hispania</em></span> <span class='ocrx_word' id='word_1_163' title='bbox 1225 2728 1258 2779; x_wconf 84' lang='lat' dir='ltr'><em>et</em></span> <span class='ocrx_word' id='word_1_164' title='bbox 1280 2716 1374 2779; x_wconf 89' lang='lat' dir='ltr'><em>theo·</em></span> 
     </span>
     <span class='ocr_line' id='line_1_20' title="bbox 199 2823 1374 2912; baseline -0.003 -18"><span class='ocrx_word' id='word_1_165' title='bbox 199 2827 288 2912; x_wconf 84' lang='lat' dir='ltr'><em>logis</em></span> <span class='ocrx_word' id='word_1_166' title='bbox 318 2826 494 2909; x_wconf 85' lang='lat' dir='ltr'><em>praecipue</em></span> <span class='ocrx_word' id='word_1_167' title='bbox 525 2825 753 2891; x_wconf 85' lang='lat' dir='ltr'><em>Dominicanis</em></span> <span class='ocrx_word' id='word_1_168' title='bbox 786 2825 954 2891; x_wconf 90' lang='lat' dir='ltr'><em>decretum</em></span> <span class='ocrx_word' id='word_1_169' title='bbox 987 2823 1092 2890; x_wconf 88' lang='lat' dir='ltr'><em>fuisse</em></span> <span class='ocrx_word' id='word_1_170' title='bbox 1114 2825 1147 2906; x_wconf 90' lang='lat'><em>¹,</em></span> <span class='ocrx_word' id='word_1_171' title='bbox 1180 2826 1249 2891; x_wconf 87' lang='lat' dir='ltr'><em>sola</em></span> <span class='ocrx_word' id='word_1_172' title='bbox 1281 2825 1374 2890; x_wconf 88' lang='lat' dir='ltr'><em>verbi</em></span> 
     </span>
     <span class='ocr_line' id='line_1_21' title="bbox 201 2935 1374 3021; baseline -0.003 -18"><span class='ocrx_word' id='word_1_173' title='bbox 201 2937 442 3021; x_wconf 84' lang='lat' dir='ltr'><em>praedicatione</em></span> <span class='ocrx_word' id='word_1_174' title='bbox 473 2956 540 3003; x_wconf 89' lang='lat' dir='ltr'><em>non</em></span> <span class='ocrx_word' id='word_1_175' title='bbox 573 2938 661 3003; x_wconf 88' lang='lat' dir='ltr'><em>bello</em></span> <span class='ocrx_word' id='word_1_176' title='bbox 694 2936 910 3003; x_wconf 83' lang='lat' dir='ltr'><em>Americanos</em></span> <span class='ocrx_word' id='word_1_177' title='bbox 941 2936 981 3001; x_wconf 92' lang='lat' dir='ltr'><em>ad</em></span> <span class='ocrx_word' id='word_1_178' title='bbox 1013 2935 1109 3001; x_wconf 89' lang='lat' dir='ltr'><em>fidem</em></span> <span class='ocrx_word' id='word_1_179' title='bbox 1133 2935 1374 3002; x_wconf 89' lang='lat' dir='ltr'><em>traducendos:</em></span> 
     </span>
     <span class='ocr_line' id='line_1_22' title="bbox 201 3046 1376 3131; baseline -0.003 -17"><span class='ocrx_word' id='word_1_180' title='bbox 201 3050 386 3115; x_wconf 88' lang='lat' dir='ltr'><em>libertatem</em></span> <span class='ocrx_word' id='word_1_181' title='bbox 411 3048 528 3131; x_wconf 88' lang='lat' dir='ltr'><em>etiam,</em></span> <span class='ocrx_word' id='word_1_182' title='bbox 563 3070 647 3131; x_wconf 89' lang='lat' dir='ltr'><em>quae</em></span> <span class='ocrx_word' id='word_1_183' title='bbox 671 3048 737 3116; x_wconf 92' lang='lat' dir='ltr'><em>illis</em></span> <span class='ocrx_word' id='word_1_184' title='bbox 761 3069 800 3114; x_wconf 87' lang='lat' dir='ltr'><em>eo</em></span> <span class='ocrx_word' id='word_1_185' title='bbox 823 3048 956 3114; x_wconf 83' lang='lat' dir='ltr'><em>nomine</em></span> <span class='ocrx_word' id='word_1_186' title='bbox 981 3063 1090 3131; x_wconf 83' lang='lat' dir='ltr'><em>erepta</em></span> <span class='ocrx_word' id='word_1_187' title='bbox 1115 3063 1222 3129; x_wconf 91' lang='lat' dir='ltr'><em>esset,</em></span> <span class='ocrx_word' id='word_1_188' title='bbox 1246 3046 1376 3112; x_wconf 84' lang='lat' dir='ltr'><em>restitui</em></span> 
     </span>
     <span class='ocr_line' id='line_1_23' title="bbox 202 3158 1377 3246; baseline -0.002 -21"><span class='ocrx_word' id='word_1_189' title='bbox 202 3160 341 3240; x_wconf 88' lang='lat' dir='ltr'><em>debere,</em></span> <span class='ocrx_word' id='word_1_190' title='bbox 366 3160 601 3242; x_wconf 83' lang='lat' dir='ltr'><em>quodaPaulo</em></span> <span class='ocrx_word' id='word_1_191' title='bbox 615 3159 755 3240; x_wconf 90' lang='lat' dir='ltr'><em>Tertio,</em></span> <span class='ocrx_word' id='word_1_192' title='bbox 780 3158 944 3225; x_wconf 84' lang='lat' dir='ltr'><em>Pontifice</em></span> <span class='ocrx_word' id='word_1_193' title='bbox 958 3175 990 3225; x_wconf 90' lang='lat' dir='ltr'><em>et</em></span> <span class='ocrx_word' id='word_1_194' title='bbox 1002 3160 1125 3226; x_wconf 88' lang='lat' dir='ltr'><em>Carolo</em></span> <span class='ocrx_word' id='word_1_195' title='bbox 1138 3160 1289 3246; x_wconf 88' lang='lat' dir='ltr'><em>Quint0,</em></span> <span class='ocrx_word' id='word_1_196' title='bbox 1313 3160 1377 3224; x_wconf 91' lang='lat' dir='ltr'><em>Im·</em></span> 
     </span>
     <span class='ocr_line' id='line_1_24' title="bbox 202 3270 1378 3355; baseline -0.001 -19"><span class='ocrx_word' id='word_1_197' title='bbox 202 3287 350 3355; x_wconf 87' lang='lat' dir='ltr'><em>peratore</em></span> <span class='ocrx_word' id='word_1_198' title='bbox 372 3286 405 3337; x_wconf 90' lang='lat' dir='ltr'><em>et</em></span> <span class='ocrx_word' id='word_1_199' title='bbox 427 3272 659 3355; x_wconf 86' lang='lat' dir='ltr'><em>Hispaniarum</em></span> <span class='ocrx_word' id='word_1_200' title='bbox 673 3290 748 3355; x_wconf 84' lang='lat' dir='ltr'><em>rege</em></span> <span class='ocrx_word' id='word_1_201' title='bbox 761 3273 1008 3354; x_wconf 88' lang='lat' dir='ltr'><em>comprobatum</em></span> <span class='ocrx_word' id='word_1_202' title='bbox 1022 3271 1155 3338; x_wconf 87' lang='lat' dir='ltr'><em>dicitur.</em></span> <span class='ocrx_word' id='word_1_203' title='bbox 1181 3270 1378 3337; x_wconf 90' lang='lat' dir='ltr'><em>Omittimus</em></span> 
     </span>
     <span class='ocr_line' id='line_1_25' title="bbox 200 3382 1377 3468; baseline 0.001 -21"><span class='ocrx_word' id='word_1_204' title='bbox 200 3385 267 3468; x_wconf 87' lang='lat' dir='ltr'><em>jam</em></span> <span class='ocrx_word' id='word_1_205' title='bbox 301 3384 480 3450; x_wconf 86' lang='lat' dir='ltr'><em>Lusitanos</em></span> <span class='ocrx_word' id='word_1_206' title='bbox 502 3384 533 3447; x_wconf 88' lang='lat' dir='ltr'><em>in</em></span> <span class='ocrx_word' id='word_1_207' title='bbox 558 3383 725 3466; x_wconf 88' lang='lat' dir='ltr'><em>plerisque</em></span> <span class='ocrx_word' id='word_1_208' title='bbox 748 3382 899 3465; x_wconf 90' lang='lat' dir='ltr'><em>partibus</em></span> <span class='ocrx_word' id='word_1_209' title='bbox 922 3384 1115 3468; x_wconf 86' lang='lat' dir='ltr'><em>religionem</em></span> <span class='ocrx_word' id='word_1_210' title='bbox 1140 3383 1224 3450; x_wconf 89' lang='lat' dir='ltr'><em>nihil</em></span> <span class='ocrx_word' id='word_1_211' title='bbox 1247 3403 1377 3466; x_wconf 88' lang='lat' dir='ltr'><em>promo·</em></span> 
     </span>
     <span class='ocr_line' id='line_1_26' title="bbox 202 3492 1377 3579; baseline 0.001 -21"><span class='ocrx_word' id='word_1_212' title='bbox 202 3513 303 3573; x_wconf 80' lang='lat' dir='ltr'><em>vete3</em></span> <span class='ocrx_word' id='word_1_213' title='bbox 336 3512 378 3558; x_wconf 88' lang='lat' dir='ltr'><em>ne</em></span> <span class='ocrx_word' id='word_1_214' title='bbox 410 3512 539 3575; x_wconf 86' lang='lat' dir='ltr'><em>operam</em></span> <span class='ocrx_word' id='word_1_215' title='bbox 575 3492 708 3574; x_wconf 91' lang='lat' dir='ltr'><em>quidem</em></span> <span class='ocrx_word' id='word_1_216' title='bbox 743 3493 842 3573; x_wconf 87' lang='lat' dir='ltr'><em>dare,</em></span> <span class='ocrx_word' id='word_1_217' title='bbox 878 3514 952 3558; x_wconf 90' lang='lat' dir='ltr'><em>eum</em></span> <span class='ocrx_word' id='word_1_218' title='bbox 988 3493 1049 3558; x_wconf 91' lang='lat' dir='ltr'><em>soli</em></span> <span class='ocrx_word' id='word_1_219' title='bbox 1073 3494 1167 3559; x_wconf 88' lang='lat' dir='ltr'><em>lucro</em></span> <span class='ocrx_word' id='word_1_220' title='bbox 1192 3494 1377 3579; x_wconf 84' lang='lat' dir='ltr'><em>invigilent.</em></span> 
     </span>
     <span class='ocr_line' id='line_1_27' title="bbox 204 3603 1379 3687; baseline 0.002 -19"><span class='ocrx_word' id='word_1_221' title='bbox 204 3605 275 3669; x_wconf 83' lang='lat' dir='ltr'><em>luto</em></span> <span class='ocrx_word' id='word_1_222' title='bbox 299 3617 332 3667; x_wconf 88' lang='lat' dir='ltr'><em>et</em></span> <span class='ocrx_word' id='word_1_223' title='bbox 354 3603 438 3670; x_wconf 91' lang='lat' dir='ltr'><em>illud</em></span> <span class='ocrx_word' id='word_1_224' title='bbox 460 3603 507 3668; x_wconf 89' lang='lat' dir='ltr'><em>ibi</em></span> <span class='ocrx_word' id='word_1_225' title='bbox 530 3624 647 3669; x_wconf 84' lang='lat' dir='ltr'><em>verum</em></span> <span class='ocrx_word' id='word_1_226' title='bbox 680 3623 775 3683; x_wconf 89' lang='lat' dir='ltr'><em>esse,</em></span> <span class='ocrx_word' id='word_1_227' title='bbox 811 3604 902 3686; x_wconf 92' lang='lat' dir='ltr'><em>quod</em></span> <span class='ocrx_word' id='word_1_228' title='bbox 926 3604 965 3669; x_wconf 92' lang='lat' dir='ltr'><em>de</em></span> <span class='ocrx_word' id='word_1_229' title='bbox 989 3604 1147 3687; x_wconf 88' lang='lat' dir='ltr'><em>Hispanis</em></span> <span class='ocrx_word' id='word_1_230' title='bbox 1170 3605 1203 3671; x_wconf 88' lang='lat' dir='ltr'><em>iu</em></span> <span class='ocrx_word' id='word_1_231' title='bbox 1226 3606 1379 3671; x_wconf 88' lang='lat' dir='ltr'><em>America</em></span> 
     </span>
     <span class='ocr_line' id='line_1_28' title="bbox 205 3714 1379 3799; baseline 0.002 -18"><span class='ocrx_word' id='word_1_232' title='bbox 205 3715 375 3797; x_wconf 90' lang='lat' dir='ltr'><em>Hispanus</em></span> <span class='ocrx_word' id='word_1_233' title='bbox 393 3715 406 3751; x_wconf 84' lang='lat'><strong>¹</strong></span> <span class='ocrx_word' id='word_1_234' title='bbox 425 3714 580 3798; x_wconf 89' lang='lat' dir='ltr'><em>scripsit,</em></span> <span class='ocrx_word' id='word_1_235' title='bbox 612 3733 680 3782; x_wconf 85' lang='lat' dir='ltr'><em>nou</em></span> <span class='ocrx_word' id='word_1_236' title='bbox 712 3714 892 3796; x_wconf 90' lang='lat' dir='ltr'><em>miracula,</em></span> <span class='ocrx_word' id='word_1_237' title='bbox 928 3734 994 3780; x_wconf 86' lang='lat' dir='ltr'><em>non</em></span> <span class='ocrx_word' id='word_1_238' title='bbox 1029 3715 1121 3799; x_wconf 87' lang='lat' dir='ltr'><em>signa</em></span> <span class='ocrx_word' id='word_1_239' title='bbox 1152 3716 1282 3799; x_wconf 88' lang='lat' dir='ltr'><em>audiri,</em></span> <span class='ocrx_word' id='word_1_240' title='bbox 1313 3736 1379 3783; x_wconf 86' lang='lat' dir='ltr'><em>nou</em></span> 
     </span>
     <span class='ocr_line' id='line_1_29' title="bbox 205 3826 1381 3911; baseline 0 -18"><span class='ocrx_word' id='word_1_241' title='bbox 205 3829 354 3909; x_wconf 81' lang='lat' dir='ltr'><em>exempla</em></span> <span class='ocrx_word' id='word_1_242' title='bbox 373 3826 460 3894; x_wconf 89' lang='lat' dir='ltr'><em>vitae</em></span> <span class='ocrx_word' id='word_1_243' title='bbox 479 3826 673 3911; x_wconf 85' lang='lat' dir='ltr'><em>religiosae,</em></span> <span class='ocrx_word' id='word_1_244' title='bbox 698 3847 783 3909; x_wconf 88' lang='lat' dir='ltr'><em>quae</em></span> <span class='ocrx_word' id='word_1_245' title='bbox 803 3826 844 3892; x_wconf 90' lang='lat' dir='ltr'><em>ad</em></span> <span class='ocrx_word' id='word_1_246' title='bbox 863 3826 1007 3892; x_wconf 88' lang='lat' dir='ltr'><em>eamdem</em></span> <span class='ocrx_word' id='word_1_247' title='bbox 1029 3826 1125 3891; x_wconf 88' lang='lat' dir='ltr'><em>fidem</em></span> <span class='ocrx_word' id='word_1_248' title='bbox 1145 3828 1226 3894; x_wconf 89' lang='lat' dir='ltr'><em>alios</em></span> <span class='ocrx_word' id='word_1_249' title='bbox 1246 3843 1381 3911; x_wconf 87' lang='lat' dir='ltr'><em>possent</em></span> 
     </span>
     <span class='ocr_line' id='line_1_30' title="bbox 205 3936 1378 4021; baseline 0 -18"><span class='ocrx_word' id='word_1_250' title='bbox 205 3939 392 4021; x_wconf 84' lang='lat' dir='ltr'><em>impellere,</em></span> <span class='ocrx_word' id='word_1_251' title='bbox 428 3938 486 4004; x_wconf 89' lang='lat' dir='ltr'><em>sed</em></span> <span class='ocrx_word' id='word_1_252' title='bbox 507 3939 611 4004; x_wconf 90' lang='lat' dir='ltr'><em>multa</em></span> <span class='ocrx_word' id='word_1_253' title='bbox 634 3938 809 4021; x_wconf 90' lang='lat' dir='ltr'><em>scandala,</em></span> <span class='ocrx_word' id='word_1_254' title='bbox 844 3940 948 4003; x_wconf 89' lang='lat' dir='ltr'><em>multa</em></span> <span class='ocrx_word' id='word_1_255' title='bbox 971 3936 1140 4021; x_wconf 80' lang='lat' dir='ltr'><em>facinora,</em></span> <span class='ocrx_word' id='word_1_256' title='bbox 1175 3942 1295 4005; x_wconf 89' lang='lat' dir='ltr'><em>multas</em></span> <span class='ocrx_word' id='word_1_257' title='bbox 1319 3939 1378 4003; x_wconf 90' lang='lat' dir='ltr'><em>im-</em></span> 
     </span>
     <span class='ocr_line' id='line_1_31' title="bbox 205 4049 1380 4136; baseline 0 -21"><span class='ocrx_word' id='word_1_258' title='bbox 205 4050 355 4133; x_wconf 86' lang='lat' dir='ltr'><em>pietates.</em></span> <span class='ocrx_word' id='word_1_259' title='bbox 401 4050 511 4136; x_wconf 88' lang='lat' dir='ltr'><em>Quare</em></span> <span class='ocrx_word' id='word_1_260' title='bbox 543 4071 616 4115; x_wconf 92' lang='lat' dir='ltr'><em>cum</em></span> <span class='ocrx_word' id='word_1_261' title='bbox 642 4064 674 4115; x_wconf 92' lang='lat' dir='ltr'><em>et</em></span> <span class='ocrx_word' id='word_1_262' title='bbox 696 4049 862 4133; x_wconf 85' lang='lat' dir='ltr'><em>possessio</em></span> <span class='ocrx_word' id='word_1_263' title='bbox 887 4065 919 4115; x_wconf 93' lang='lat' dir='ltr'><em>et</em></span> <span class='ocrx_word' id='word_1_264' title='bbox 942 4051 1059 4115; x_wconf 91' lang='lat' dir='ltr'><em>titulus</em></span> <span class='ocrx_word' id='word_1_265' title='bbox 1091 4050 1221 4115; x_wconf 85' lang='lat' dir='ltr'><em>delicias</em></span> <span class='ocrx_word' id='word_1_266' title='bbox 1250 4068 1380 4133; x_wconf 88' lang='lat' dir='ltr'><em>posses-</em></span> 
     </span>
     <span class='ocr_line' id='line_1_32' title="bbox 207 4160 1379 4245; baseline 0.001 -20"><span class='ocrx_word' id='word_1_267' title='bbox 207 4161 336 4243; x_wconf 89' lang='lat' dir='ltr'><em>sionis,</em></span> <span class='ocrx_word' id='word_1_268' title='bbox 369 4180 476 4243; x_wconf 88' lang='lat' dir='ltr'><em>neque</em></span> <span class='ocrx_word' id='word_1_269' title='bbox 509 4180 560 4226; x_wconf 90' lang='lat' dir='ltr'><em>res</em></span> <span class='ocrx_word' id='word_1_270' title='bbox 592 4160 802 4243; x_wconf 84' lang='lat' dir='ltr'><em>ditionesque</em></span> <span class='ocrx_word' id='word_1_271' title='bbox 834 4162 989 4227; x_wconf 88' lang='lat' dir='ltr'><em>Indorum</em></span> <span class='ocrx_word' id='word_1_272' title='bbox 1024 4183 1082 4245; x_wconf 83' lang='lat' dir='ltr'><em>pto</em></span> <span class='ocrx_word' id='word_1_273' title='bbox 1114 4162 1234 4228; x_wconf 92' lang='lat' dir='ltr'><em>talibus</em></span> <span class='ocrx_word' id='word_1_274' title='bbox 1268 4162 1379 4227; x_wconf 85' lang='lat' dir='ltr'><em>haberi</em></span> 
     </span>
    </p>
   </div>
   <div class='ocr_carea' id='block_1_3' title="bbox 211 4379 410 4389">
    <p class='ocr_par' dir='ltr' id='par_1_3' title="bbox 211 4379 410 4389">
     <span class='ocr_line' id='line_1_33' title="bbox 211 4379 410 4389; baseline 0.01 -2"><span class='ocrx_word' id='word_1_275' title='bbox 211 4379 410 4389; x_wconf 68' lang='lat'><em>&gt;—-——..-.--</em></span> 
     </span>
    </p>
   </div>
   <div class='ocr_carea' id='block_1_4' title="bbox 243 4520 1372 4587">
    <p class='ocr_par' dir='ltr' id='par_1_4' title="bbox 243 4520 1372 4587">
     <span class='ocr_line' id='line_1_34' title="bbox 243 4520 1372 4587; baseline 0.004 -20"><span class='ocrx_word' id='word_1_276' title='bbox 243 4520 251 4551; x_wconf 93' lang='lat'><strong>¹</strong></span> <span class='ocrx_word' id='word_1_277' title='bbox 270 4522 301 4567; x_wconf 88' lang='lat' dir='ltr'><em>V.</em></span> <span class='ocrx_word' id='word_1_278' title='bbox 323 4521 381 4582; x_wconf 90' lang='lat' dir='ltr'><em>Joh.</em></span> <span class='ocrx_word' id='word_1_279' title='bbox 404 4522 467 4569; x_wconf 87' lang='lat' dir='ltr'><em>Met.</em></span> <span class='ocrx_word' id='word_1_280' title='bbox 494 4521 520 4569; x_wconf 90' lang='lat' dir='ltr'><em>in</em></span> <span class='ocrx_word' id='word_1_281' title='bbox 538 4522 618 4583; x_wconf 84' lang='lat' dir='ltr'><em>praes.</em></span> <span class='ocrx_word' id='word_1_282' title='bbox 636 4525 667 4571; x_wconf 91' lang='lat' dir='ltr'><em>ad</em></span> <span class='ocrx_word' id='word_1_283' title='bbox 686 4524 814 4575; x_wconf 83' lang='lat' dir='ltr'><em>Osotium.</em></span> <span class='ocrx_word' id='word_1_284' title='bbox 848 4524 859 4559; x_wconf 85' lang='lat'>²</span> <span class='ocrx_word' id='word_1_285' title='bbox 877 4526 944 4575; x_wconf 86' lang='lat' dir='ltr'><em>Vict.</em></span> <span class='ocrx_word' id='word_1_286' title='bbox 963 4524 988 4574; x_wconf 88' lang='lat' dir='ltr'><em>in</em></span> <span class='ocrx_word' id='word_1_287' title='bbox 1007 4527 1095 4574; x_wconf 84' lang='lat' dir='ltr'><em>relect.</em></span> <span class='ocrx_word' id='word_1_288' title='bbox 1117 4538 1137 4574; x_wconf 91' lang='lat'><em>1.</em></span> <span class='ocrx_word' id='word_1_289' title='bbox 1156 4526 1187 4574; x_wconf 83' lang='lat' dir='ltr'><em>dt</em></span> <span class='ocrx_word' id='word_1_290' title='bbox 1207 4524 1283 4575; x_wconf 83' lang='lat' dir='ltr'><em>ludis.</em></span> <span class='ocrx_word' id='word_1_291' title='bbox 1302 4528 1323 4587; x_wconf 83' lang='lat'><em>§.</em></span> <span class='ocrx_word' id='word_1_292' title='bbox 1343 4525 1372 4584; x_wconf 68' lang='lat'><em>38</em></span> 
     </span>
    </p>
   </div>
   <div class='ocr_carea' id='block_1_5' title="bbox 0 0 1750 5434">
    <p class='ocr_par' dir='ltr' id='par_1_5' title="bbox 0 0 1750 5434">
     <span class='ocr_line' id='line_1_35' title="bbox 0 0 1750 5434; baseline 0 0"><span class='ocrx_word' id='word_1_293' title='bbox 0 0 1750 5434; x_wconf 95' lang='lat' dir='ltr'><em> </em></span> 
     </span>
    </p>
   </div>
  </div>
 </body>
</html>
