3450 5434
363 611 426 672 216
677 629 724 674 na
747 628 840 693 Juua
866 627 1048 675 annuunt.
1074 629 1143 675 cau
1168 629 1235 675 xit.

363 780 489 864 impetu
517 783 684 865 quodam,
707 783 764 851 sed
792 782 948 865 paulatim
975 798 1109 848 ventum
1131 783 1285 862 videtur,
1309 780 1441 846 initium
1466 779 1539 863 ejus

363 908 564 960 monstrante
595 910 720 959 natura.
768 895 854 960 Cum
889 893 977 959 enim
1003 913 1054 959 res
1078 893 1144 960 sint
1173 896 1373 972 nonnullae,
1398 910 1539 973 quarum

365 1022 446 1068 usus
476 1003 510 1068 in
542 1006 647 1071 abusu
679 1004 856 1086 consistit,
880 1020 938 1071 aut
965 1004 1043 1087 quia
1066 1023 1243 1071 conversae
1266 1004 1300 1070 in
1323 1002 1540 1070 substantiam

365 1114 490 1180 utentis
523 1118 651 1182 nullum
685 1131 800 1200 postea
834 1135 930 1182 usum
963 1116 1142 1182 admittunt
1165 1122 1200 1198 ¹,
1228 1132 1285 1182 aut
1314 1114 1390 1196 quia
1414 1112 1540 1179 utendo

366 1223 450 1291 liunt
480 1226 521 1291 ad
550 1246 646 1291 usum
679 1227 879 1308 deteriores,
904 1226 937 1291 in
969 1229 1068 1295 rebus
1088 1226 1208 1310 prioris
1231 1226 1378 1311 generis,
1403 1239 1442 1289 ut
1464 1223 1540 1288 cibo

364 1350 398 1400 et
425 1352 532 1419 potu,
564 1337 747 1420 proprietas
784 1338 894 1404 statim
927 1338 1087 1420 quaedam
1119 1339 1159 1404 ab
1198 1357 1261 1403 usu
1292 1356 1359 1404 non
1392 1337 1541 1419 sejuncta

365 1448 511 1513 emicuit.
559 1448 634 1514 Hoc
667 1449 753 1515 enim
786 1464 836 1515 est
869 1449 1039 1532 proprium
1064 1468 1158 1530 esse,
1183 1448 1228 1514 ita
1251 1467 1322 1515 esse
1343 1448 1539 1533 cujusquam

364 1574 404 1624 ut
423 1574 455 1624 et
475 1559 608 1627 alterius
629 1579 700 1627 esse
721 1580 787 1626 non
808 1560 933 1643 possit:
957 1560 1049 1642 quod
1072 1560 1191 1627 deinde
1213 1560 1254 1625 ad
1276 1579 1327 1625 res
1347 1557 1541 1642 posterioris

365 1670 517 1755 generis,
546 1686 654 1736 vestes
682 1686 763 1753 puta
794 1686 826 1737 et
853 1691 905 1737 res
932 1672 1071 1740 mobiles
1101 1672 1180 1738 alias
1203 1686 1260 1738 aut
1288 1684 1540 1749 semoventes,

363 1782 489 1848 ratione
525 1782 664 1867 quadarn
697 1784 895 1866 productum
926 1798 985 1850 est.
1032 1783 1135 1871 Quod
1166 1804 1242 1849 cum
1275 1797 1383 1867 essct,
1414 1799 1457 1847 ne
1490 1799 1541 1847 res

367 1893 500 1974 quidem
520 1893 705 1960 immobiles
724 1914 859 1976 omnes,
881 1910 975 1980 agros
995 1908 1095 1977 puta,
1120 1894 1281 1961 indivisae
1301 1912 1430 1959 manere
1442 1907 1540 1973 potu-

366 2020 479 2071 erunt:
502 2025 700 2087 quamquam
724 2006 809 2071 enim
838 2007 957 2071 horum
981 2026 1061 2073 usus
1079 2025 1147 2073 non
1168 2006 1362 2089 simpliciter
1380 2003 1414 2069 in
1434 2004 1542 2069 abusu

367 2116 548 2195 consistat,
571 2136 683 2182 eorum
714 2132 821 2183 tamen
846 2136 928 2182 usus
951 2118 1076 2185 abusus
1099 2118 1269 2202 cujusdam
1291 2136 1388 2183 causa
1410 2133 1543 2197 compa·

366 2242 456 2292 ratus
484 2243 556 2309 est,
581 2243 621 2292 ut
640 2248 716 2294 arva
740 2243 773 2293 et
796 2229 929 2295 arbusta
951 2229 1018 2294 cibi
1038 2250 1158 2309 causa,
1183 2247 1302 2312 pascua
1322 2227 1419 2293 etiam
1441 2224 1543 2291 vesti·

259 2352 279 2377 ⁸
367 2358 443 2402 um:
467 2338 613 2403 omnium
637 2353 743 2404 autem
767 2339 884 2406 usibus
906 2340 1094 2423 promiscue
1123 2341 1270 2407 sufficere
1300 2359 1366 2405 non
1386 2351 1540 2421 possunt.

366 2450 529 2532 Repertae
554 2449 746 2532 proprietati
771 2452 825 2515 lex
845 2451 953 2533 posita
974 2464 1045 2532 est,
1071 2472 1155 2533 quae
1178 2466 1325 2517 naturam
1349 2450 1542 2515 imitaretur.

367 2561 462 2626 Sicut
490 2559 575 2625 enim
608 2559 703 2627 initio
730 2582 787 2644 per
808 2562 1061 2646 applicationem
1085 2565 1286 2646 corporalem
1311 2580 1393 2628 usus
1410 2560 1468 2625 ille
1487 2560 1543 2623 ha·

366 2673 528 2753 bebatur,
552 2671 640 2738 unde
669 2673 902 2756 proprietatem
925 2674 1066 2757 primum
1094 2688 1199 2740 ortam
1229 2674 1396 2752 diximus,
1420 2672 1467 2737 ita
1499 2670 1543 2735 si·

366 2781 436 2849 mili
468 2782 686 2867 applicatione
716 2803 769 2851 tes
801 2783 949 2867 proprias
981 2786 1145 2870 cujusque
1176 2784 1246 2850 fieri
1270 2783 1403 2867 placuit.
1451 2782 1542 2847 Haec

366 2909 417 2960 est
443 2913 527 2977 quae
558 2893 681 2959 dicitur
712 2895 913 2978 occupatio,
946 2916 1027 2960 voce
1059 2896 1396 2963 accommodatissima
1422 2896 1467 2961 ad
1490 2913 1543 2959 eas

364 3026 439 3086 res,
473 3026 556 3087 quae
586 3020 661 3071 ante
693 3004 726 3086 in
759 3005 868 3072 medio
889 3005 1016 3089 positae
1039 3006 1190 3074 fuerant:
1213 3026 1280 3090 quo
1304 3007 1428 3073 Seneca
1447 3002 1459 3037 ²
1480 3020 1544 3070 tra-

366 3117 461 3201 gicus
484 3116 603 3183 alludit

845 3234 881 3294 in
905 3228 1007 3295 arcadio
1031 3244 1078 3295 cst
1101 3230 1203 3295 scelus

712 3340 863 3403 Positum
888 3344 1074 3425 occupanti.

411 3449 458 3514 Et
490 3448 710 3532 philosophus
746 3453 777 3514 ³:
811 3455 981 3535 equestria
1014 3455 1156 3517 omnium
1189 3456 1337 3537 equiturn
1377 3451 1542 3516 Romano-

367 3581 443 3624 rum
475 3573 578 3623 sunt:
610 3564 646 3624 in
669 3560 740 3625 illis
763 3574 875 3626 tantan
899 3562 986 3626 locus
1011 3582 1099 3627 ntcut
1117 3560 1159 3645 stt
1182 3566 1343 3647 proprius
1374 3584 1468 3647 quant
1493 3584 1542 3627 oc·

363 3673 495 3757 capati.
549 3670 637 3736 Hinc
665 3671 924 3759 Quintilianus⁴
947 3673 1051 3755 dicit,
1085 3674 1174 3759 quod
1206 3675 1352 3739 omnibus
1384 3678 1539 3739 nascitur

366 3781 558 3848 industriae
581 3803 646 3848 csse
662 3788 876 3869 praemium,
909 3799 942 3848 et
974 3783 1111 3850 Tullius
1136 3782 1167 3863 ⁵,
1191 3784 1311 3868 factas
1339 3805 1405 3849 cssc
1436 3788 1541 3851 uctcri

368 3898 579 3979 occupatione
610 3914 663 3959 rcs
695 3916 831 3974 corum,
866 3898 926 3979 qui
958 3895 1123 3981 quondam
1156 3900 1193 3960 in
1227 3917 1335 3963 uacua
1365 3909 1542 3963 uenerant.

374 4089 564 4099 ----

401 4194 408 4227 ¹
427 4194 483 4255 Dig.
502 4196 533 4242 de
557 4191 637 4241 usufr.
662 4204 712 4238 ear.
730 4204 779 4239 rer.
796 4203 861 4250 quae
880 4203 926 4240 usu
945 4205 1016 4241 conr.
1036 4190 1081 4255 [D.
1101 4205 1124 4251 7.
1144 4192 1180 4257 s.]
1200 4194 1270 4241 Estr.
1289 4194 1320 4240 de
1339 4191 1410 4241 verb.
1428 4192 1493 4253 sign.
1510 4194 1541 4240 ad

365 4285 535 4335 conditorem.
560 4294 600 4344 et,
625 4282 685 4343 quia
708 4283 883 4342 quorumdam.
909 4282 1026 4344 [Exttav.
1045 4285 1136 4332 Const.
1155 4298 1195 4331 20.
1213 4284 1285 4346 Joan.
1305 4284 1383 4333 lilill.
1401 4283 1442 4332 tit.
1464 4298 1502 4345 ¹4·
1520 4298 1542 4331 c.

355 4370 390 4438 ⁴²3}
407 4389 432 4426 et
450 4390 473 4425 c.
493 4374 528 4439 s.]
548 4376 639 4423 Tbom.
657 4386 682 4421 2.
702 4387 724 4422 a.
743 4386 768 4433 q.
778 4375 909 4430 78.art.1.
943 4372 953 4405 ²
971 4376 1028 4424 sen.
1038 4374 1159 4434 Thyeste.
1170 4375 1222 4436 [vs.
1233 4388 1289 4433 203.
1299 4373 1350 4437 etp]
1386 4373 1396 4407 ¹
1415 4376 1446 4425 de
1457 4374 1540 4423 benef.

364 4470 382 4515 1.
401 4481 425 4524 7.
442 4481 465 4514 c.
486 4480 524 4515 12.
558 4464 1153 4528 ⁴Decl.13.[Ed.L.B.a.1665.p.18b]
1190 4464 1539 4531 ‘deoffil.t.[c.7.§.co.]
