3450 5434
342 591 403 671 176
648 606 694 652 nn
718 604 812 671 June
838 604 1023 660 annuunt.
1049 604 1128 653 cnr.
1153 603 1204 650 xr.

339 760 488 845 regiones
498 761 684 840 adventum,
696 760 829 827 timidos
842 780 879 826 ac
891 759 1087 843 suspicaces.
1111 757 1208 823 Nihil
1219 756 1303 823 enim
1314 758 1512 841 proclivius,

340 893 439 955 quam
461 874 651 955 Europaeos
677 873 774 939 etiam
795 893 909 939 omnes
932 872 1087 937 infamare
1110 870 1197 953 apud
1217 869 1320 951 istos,
1344 870 1403 953 qui
1422 886 1514 939 tauta

339 986 456 1050 scelera
488 984 658 1067 viderant,
691 999 779 1051 tanta
806 984 951 1067 perpessi
978 997 1078 1049 erant.
1122 981 1313 1049 Indicabant
1333 982 1512 1065 Lusitani,

339 1116 407 1177 quo
428 1095 532 1163 tutius
550 1112 624 1162 ante
643 1095 860 1179 experimenta
879 1094 1142 1174 mentiebantur,
1166 1109 1265 1177 atque
1285 1092 1329 1159 ita
1349 1114 1407 1177 per
1420 1115 1513 1180 reges

338 1226 502 1292 regnaque
527 1207 636 1274 omnia
664 1207 879 1289 differebant,
909 1205 1038 1273 venisse
1060 1206 1202 1289 piratas,
1227 1204 1350 1288 quibus
1375 1205 1408 1270 in
1430 1206 1511 1273 mari

338 1319 452 1401 sedes,
485 1334 640 1403 quaestus
672 1320 705 1384 in
738 1333 855 1402 rapto,
893 1320 982 1385 nulla
1015 1317 1107 1383 sedes
1138 1332 1264 1399 pacata.
1309 1320 1511 1400 Argumenta

338 1431 458 1497 dabant
477 1432 602 1496 cultum
615 1430 811 1513 simplicem,
835 1445 984 1497 ornatum
996 1448 1124 1495 omnem
1138 1426 1171 1513 in
1184 1428 1283 1495 armis
1296 1443 1329 1495 et
1338 1428 1510 1497 machinis.

338 1541 424 1606 Nam
446 1540 622 1625 Lusitani,
646 1540 725 1625 quia
746 1539 853 1607 inania
877 1541 965 1623 apud
987 1541 1146 1607 barbaros
1176 1542 1315 1607 multum
1339 1544 1449 1608 valent
1478 1557 1513 1613 et

337 1651 418 1737 ipsis
450 1668 563 1737 agnata
593 1652 747 1735 superbia
778 1667 846 1731 est,
879 1654 993 1719 luxum
1025 1652 1058 1717 in
1091 1649 1206 1718 habitu
1240 1665 1273 1717 et
1305 1653 1510 1736 supellectile

337 1780 515 1848 usurpant:
547 1784 654 1845 arma,
687 1779 724 1830 ut
754 1763 840 1830 inter
871 1763 990 1844 rudeS,
1014 1762 1213 1831 incuriosius
1235 1764 1368 1831 habent.
1416 1764 1509 1831 Haec

338 1877 396 1942 ubi
422 1876 528 1959 primo
558 1894 692 1943 accessu
722 1874 846 1941 revicta
874 1890 973 1957 sunt,
996 1874 1067 1941 'alia
1088 1876 1336 1961 spargebantur.
1382 1876 1510 1961 Anglos

337 2004 409 2053 esse
438 1986 579 2065 scilicet,
611 1986 762 2053 homines
790 1984 935 2069 perfidos
958 2006 994 2051 ac
1017 1984 1169 2066 furaces,
1193 1984 1317 2067 quibus
1340 1984 1509 2071 ingenium

337 2099 433 2183 pejus
463 2113 548 2162 terra
578 2099 705 2165 nullum
740 2100 849 2165 aleret.
894 2097 941 2161 Et
975 2116 1043 2179 quo
1071 2097 1174 2181 major
1195 2095 1319 2163 invidia
1341 2098 1511 2163 accederet

336 2209 424 2291 apud
446 2208 567 2287 Indos,
590 2208 764 2291 (maritimi
785 2208 935 2293 plerique
958 2209 1020 2293 sub
1043 2208 1176 2293 regibus
1197 2207 1361 2276 Arabibus
1384 2208 1510 2275 Manu-

336 2320 486 2385 metismo
506 2338 625 2385 nomen
647 2318 849 2403 dederunt,)
880 2340 987 2386 mores
1007 2339 1084 2400 eos,
1110 2318 1234 2401 quibus
1257 2318 1411 2387 Sinenses
1432 2320 1510 2403 plu·

336 2543 478 2610 Gentem
509 2542 593 2609 enim
627 2562 697 2609 esse
727 2542 852 2610 nullius
887 2542 1031 2613 aluminis
1060 2557 1284 2624 reverentem,
1319 2562 1403 2625 quae
1445 2561 1509 2609 nec

334 2656 493 2740 religione
515 2655 623 2737 aliqua
646 2674 706 2719 nec
729 2654 859 2739 legibus
882 2668 1055 2721 teneretur.
1079 2652 1170 2736 Opes
1183 2654 1290 2720 aute'm
1303 2655 1386 2721 male
1399 2669 1509 2737 partas

334 2767 424 2833 haud
451 2767 569 2833 melius
600 2764 773 2851 prodigere
804 2765 928 2841 effusos
952 2767 985 2832 in
1009 2764 1219 2846 ebrietatem,
1254 2785 1339 2847 quae
1371 2764 1417 2831 ibi
1440 2784 1510 2831 non

334 2879 418 2945 levis
441 2877 570 2945 infamia
603 2893 662 2945 est.
707 2877 856 2943 Accessit
884 2875 1007 2943 crimen
1035 2876 1101 2943 illis
1127 2896 1261 2959 quoque
1282 2876 1437 2961 gentibus
1457 2876 1510 2943 in-

333 3122 403 3167 esse
434 3101 528 3183 quod
560 3101 687 3167 nullum
723 3098 914 3166 feminarum
949 3100 1140 3167 comitatum
1175 3120 1286 3167 secum
1317 3100 1510 3183 traherent,

334 3212 425 3295 quod
457 3211 609 3279 Lusitani
642 3213 770 3278 solent:
803 3232 905 3294 quare
937 3210 1054 3295 sequi,
1085 3211 1216 3279 Batavis
1248 3210 1333 3278 inter
1365 3228 1401 3277 se
1422 3211 1509 3279 nihil

333 3324 498 3391 illicitum.
550 3324 729 3406 Postquam
763 3323 843 3389 haec
877 3322 952 3389 visu
986 3342 1093 3389 coram
1129 3321 1381 3406 refellebantur,
1416 3322 1510 3391 aliud

331 3437 488 3520 jactatum
519 3451 587 3503 est:
620 3456 708 3502 oram
741 3434 828 3501 unde
860 3433 916 3499 isti
948 3433 1099 3501 venirent
1130 3433 1290 3501 classibus
1326 3434 1506 3517 plurimum

334 3549 461 3629 valere,
491 3568 598 3629 neque
632 3568 719 3613 nunc
743 3546 833 3612 aliud
858 3546 922 3611 sub
944 3548 1018 3612 velo
1039 3543 1273 3629 negotiationis
1292 3544 1381 3628 peti,
1406 3564 1506 3628 quam

333 3673 373 3723 ut
405 3658 581 3741 exploratis
608 3658 785 3741 aliquando
818 3656 915 3723 terris
948 3656 1118 3740 indigenas
1147 3657 1366 3740 depellerent,
1400 3656 1505 3741 impe·

333 3770 485 3852 riumque
505 3770 568 3836 sibi
589 3770 782 3837 stabilirent.
805 3770 845 3835 Id
867 3788 1022 3835 sensuros
1044 3767 1136 3834 brevi
1162 3786 1253 3853 reges
1273 3770 1505 3854 populosque,

333 3880 368 3946 ni
388 3900 479 3947 suam
502 3880 692 3947 societatem
714 3879 749 3947 in
771 3896 918 3964 tempore
940 3880 1162 3962 implorarent.
1210 3879 1299 3945 Haec
1323 3880 1427 3948 literis
1448 3896 1507 3949 aut

333 3993 521 4077 interceptis
555 4006 613 4058 aut
646 3990 897 4072 demonstratis,
932 3992 1012 4058 haec
1046 3989 1252 4073 deceptarum
1288 3990 1435 4075 gentium
1468 4012 1507 4059 ac

333 4104 522 4187 Principum
545 4102 742 4169 testimoniis
765 4118 952 4185 eruperunt.

173 4234 244 4282 Anu·
258 4239 319 4292 1⁵9⁶.
378 4215 452 4281 Hoc
472 4214 555 4281 illud
572 4229 622 4280 est
642 4214 734 4296 quod
753 4212 859 4296 primo
881 4212 1078 4280 batavorum
1099 4214 1132 4279 in
1155 4232 1208 4279 eas
1217 4227 1325 4297 partes
1337 4213 1505 4296 adventu,

333 4326 495 4410 (quatuor
516 4341 606 4391 erant
627 4343 729 4391 naves
748 4324 872 4407 quibus
894 4324 1030 4391 totidem
1050 4325 1196 4410 magistri
1219 4326 1407 4409 praeerant)
1419 4324 1507 4407 apud

332 4437 592 4521 Rasadaumam,
617 4456 713 4520 quem
733 4456 920 4521 supremum
937 4434 1039 4521 Javae
1058 4435 1243 4519 Principem
1263 4434 1415 4503 Lusitani
1447 4456 1508 4503 vo·
