3450 5434
498 618 545 666 DE
568 619 662 684 JURE
688 617 875 664 Pannona.
902 617 982 665 CAP.
1007 621 1067 665 XV.
1307 619 1366 678 321

195 771 270 854 quis
303 791 369 838 non
403 771 580 838 admiratus
615 787 664 838 est
698 771 922 855 opulentiam,
958 773 1034 856 quis
1068 792 1135 839 non
1170 773 1369 855 obstupuit,

195 903 302 965 neque
335 883 479 966 privatae
509 883 683 963 fortunae,
709 883 766 950 sed
800 884 894 966 quasi
930 884 1050 969 regiam
1085 885 1197 949 habeti
1231 885 1371 950 credidit

195 995 409 1061 auctionem?
434 993 548 1061 Batavi
565 996 671 1079 justas
688 993 867 1060 ditescendi
880 995 1023 1061 rationes
1036 995 1132 1061 etiam
1147 996 1186 1061 ab
1199 996 1369 1074 hostibus,

195 1127 292 1173 usum
324 1107 513 1174 divitiarum
545 1127 562 1170 a
591 1105 772 1192 majoribus
803 1106 875 1172 suis
907 1106 1092 1191 accipiant,
1125 1107 1205 1174 viris
1236 1105 1370 1174 honeste

195 1216 389 1302 frugalibus.
435 1218 593 1302 Optimus
613 1232 722 1284 autem
740 1216 870 1283 fructus
891 1237 991 1300 opum
1011 1217 1141 1302 positus
1162 1219 1263 1285 estin
1283 1239 1371 1284 com-

198 1330 288 1394 muni
311 1330 478 1411 utilitate,
503 1349 587 1411 quae
610 1329 751 1412 primum
776 1329 809 1393 in
832 1328 967 1395 tributis
987 1346 1019 1395 et
1038 1329 1254 1414 vectigalibus
1277 1334 1371 1396 locu·

199 1441 361 1524 pletandis
383 1441 544 1508 consistit.
569 1441 656 1505 Nam
681 1439 708 1506 si
731 1461 787 1505 rex
800 1440 978 1523 Hispaniae
990 1456 1154 1524 proventu
1167 1457 1370 1508 externarum

198 1553 443 1638 navigationum
464 1568 571 1619 totum
594 1553 706 1617 orbem
723 1571 823 1618 ausus
846 1567 896 1618 est
917 1567 1119 1635 perterrere,
1134 1553 1225 1635 quod
1244 1553 1292 1617 illi
1311 1573 1370 1637 pro

197 1665 419 1731 dominatione
439 1663 537 1730 animi
555 1662 636 1743 fuit,
656 1663 741 1728 idem
759 1663 882 1748 justius
903 1663 1032 1730 batavis
1053 1663 1114 1730 erit
1132 1684 1192 1747 pro
1212 1663 1372 1732 libertatis

197 1791 230 1840 ct
261 1776 349 1842 vitae
383 1778 495 1841 tutela.
541 1775 658 1840 Altera
690 1793 765 1857 pars
798 1773 951 1857 publicae
986 1774 1139 1841 utilitatis
1172 1791 1243 1858 est,
1279 1775 1372 1858 quod

184 1890 308 1971 ¹magna
332 1887 430 1954 turba
451 1906 640 1953 numerosae
659 1886 834 1952 admodum
861 1884 991 1968 plebis,
1015 1901 1213 1952 mercaturae
1236 1903 1292 1952 aut
1315 1907 1371 1952 na·

195 1999 374 2084 vigationis
396 1998 563 2080 ministra,
586 2016 652 2063 non
685 1996 816 2061 aliunde
850 1997 961 2062 alitur.
1006 1997 1079 2062 Fiet
1102 1997 1147 2062 ita
1169 1999 1261 2080 quod
1284 1999 1372 2082 apud

195 2112 388 2194 prophetam
409 2113 417 2146 ¹
439 2124 511 2189 est,
545 2123 583 2174 ut
613 2108 796 2193 negotiatio
821 2121 853 2172 et
876 2122 1034 2189 quaestus
1065 2109 1172 2174 omnis
1196 2109 1269 2174 Deo
1293 2127 1371 2174 con-

196 2237 361 2302 secretur,
393 2240 460 2286 non
484 2220 675 2286 adservatus
698 2239 757 2284 nec
780 2219 992 2300 reconditus,
1027 2219 1085 2285 sed
1108 2219 1153 2285 ita
1176 2220 1310 2286 habitus
1333 2235 1371 2286 ut

196 2333 270 2415 his,
297 2332 356 2414 qui
378 2333 449 2398 Deo
471 2331 616 2410 vivunt,
639 2330 829 2414 suppeditet
851 2330 976 2396 victum
1000 2330 1040 2395 ad
1063 2330 1243 2398 satietatem
1264 2351 1370 2413 usque

197 2461 230 2510 et
248 2445 373 2510 cultum
392 2442 616 2510 sufficientem.
663 2442 757 2506 Hanc
777 2441 879 2526 igitur
897 2441 1151 2526 negotiationem
1172 2419 1370 2510 tam'utilem

197 2571 328 2637 tamque
350 2554 560 2620 necessariam
584 2554 732 2636 placetne
754 2550 930 2617 omittere?
978 2551 1110 2634 Nem0,
1145 2569 1183 2619 ut
1206 2554 1368 2635 arbitror,

197 2667 242 2731 ita
273 2681 393 2732 censet.
438 2664 546 2747 Atqui
580 2664 712 2730 retineri
746 2663 838 2729 aliter
872 2683 938 2729 non
972 2678 1102 2748 potest,
1135 2663 1200 2733 nisi
1235 2665 1368 2730 remotis

196 2777 287 2858 illis,
322 2777 378 2860 qui
414 2777 606 2857 ubieunque
640 2775 704 2840 tuti
738 2790 841 2856 sunt,
876 2774 923 2840 ibi
958 2775 1039 2840 alios
1074 2790 1164 2840 tutos
1199 2795 1268 2841 esse
1302 2796 1368 2842 non

195 2890 326 2956 sinunt:
360 2889 418 2972 qui
449 2887 547 2954 dictis
578 2885 741 2969 factisque
764 2886 960 2970 profitentur
982 2905 1048 2954 non
1072 2907 1225 2970 passuros
1249 2908 1306 2969 se,
1332 2902 1369 2954 ut

196 3002 281 3067 alius
300 3000 474 3084 quisquam
495 2999 688 3082 Europaeus
709 2998 781 3063 illas
801 3012 900 3064 terras
919 3014 1079 3065 mercatus
1098 2997 1202 3092 gratia
1221 2998 1366 3078 accedat,

196 3113 296 3196 idque
330 3112 423 3176 nullo
453 3112 549 3195 jure,
583 3109 641 3174 sed
671 3108 749 3190 quia
781 3109 1005 3176 introductum
1037 3125 1209 3192 utcunque
1240 3113 1367 3176 lucrum

195 3227 314 3290 nolunt
346 3221 531 3300 dimittere,
569 3221 688 3286 nolunt
721 3219 939 3303 participare;
977 3222 1068 3303 quod
1101 3237 1139 3286 ut
1173 3223 1368 3303 obtineant,

197 3338 278 3401 clam
310 3334 418 3413 dolis,
450 3334 556 3416 palam
588 3332 675 3397 bello
702 3331 785 3397 nihil
805 3331 1001 3415 relinquunt
1024 3333 1231 3400 intentatum.
1277 3333 1369 3421 Quid

198 3464 304 3513 autem
339 3466 406 3512 non
439 3443 551 3510 credas
584 3442 659 3508 illos
693 3457 850 3526 quaestus
884 3443 937 3509 sui
973 3445 1077 3530 gratia
1107 3444 1275 3528 facturos,
1310 3447 1367 3528 qui

197 3556 414 3636 Castellanis,
437 3554 586 3622 finitimis
609 3553 678 3620 suis
709 3553 813 3620 eidem
845 3555 1004 3639 subjectis
1027 3557 1095 3640 regi
1120 3571 1152 3621 et
1175 3572 1368 3636 tantumnon

197 3667 435 3753 popularibus,
462 3667 495 3732 in
520 3666 615 3733 Sinas
638 3665 726 3731 haud
758 3665 803 3730 ita
835 3665 959 3731 dudum
992 3667 1155 3748 pervectis
1178 3668 1281 3734 veriti
1304 3688 1369 3735 non

195 3795 275 3847 sunt
296 3778 469 3845 calumniis
491 3779 579 3862 apud
602 3776 746 3862 regionis
764 3774 968 3859 praefectos,
993 3775 1060 3842 imo
1080 3794 1112 3842 et
1130 3779 1260 3861 pretio,
1285 3801 1370 3846 mor·

197 3907 262 3958 tem
286 3889 478 3956 intendere?
526 3889 571 3954 Et
592 3887 804 3972 perfecissent
823 3887 888 3954 nisi
910 3888 999 3970 apud
1020 3887 1198 3971 Sinenses,
1222 3891 1370 3958 homines

198 4003 323 4084 alioqui
355 4021 422 4067 non
454 4000 627 4085 religiosos
663 4015 695 4065 et
727 4014 806 4065 tunc
841 3999 1039 4064 Castellanis
1071 4001 1188 4067 merito
1222 4000 1370 4068 infensos

198 4115 291 4198 (nam
322 4115 434 4179 decem
467 4132 579 4178 eorum
610 4111 713 4177 millia
744 4110 777 4176 in
809 4110 1008 4194 Philippinis
1044 4111 1182 4202 Hispani
1207 4113 1370 4182 occidisse

199 4225 432 4309 dicebantur),
459 4226 534 4307 plus
558 4223 738 4289 valuissent
772 4222 958 4306 supplicum
990 4237 1022 4288 et
1065 4223 1230 4306 hospitum
1273 4227 1370 4309 jura,

233 4460 239 4491 ¹
260 4460 353 4508 Esaias.
372 4473 395 4507 c.
416 4471 455 4514 23·
475 4458 500 4505 in
521 4456 580 4506 bue.
