3450 5434
378 637 441 681 210
676 636 723 682 DE
746 636 841 702 June
869 633 1055 681 PRAEDAE·
1081 634 1163 681 CAP.
1188 632 1252 679 x11.

377 787 536 872 Hispanis
555 798 590 870 ¹,
623 788 794 873 improbus
828 805 928 871 atque
962 787 1081 871 impius
1116 800 1277 853 censetur.
1335 785 1491 852 Secundo
1525 786 1553 851 si

377 900 548 966 Pontificio
567 900 747 967 Alexandri
770 900 860 966 Sexti
880 898 1044 967 divisione
1064 912 1222 980 utentur,
1246 913 1321 963 aute
1341 898 1451 963 omnia
1472 898 1555 964 illud

378 1010 610 1078 attendendum
622 1027 693 1091 est,
717 1011 903 1079 volueritne
916 1010 1069 1077 Pontifex
1080 1009 1443 1076 contentionestantum
1454 1008 1556 1075 Lusi·

376 1139 526 1189 ranorum
546 1139 579 1189 et
598 1124 860 1189 Castellanorum
880 1122 1053 1203 dirimere,
1079 1120 1172 1202 quod
1189 1120 1300 1203 potuit
1311 1140 1387 1186 sane
1398 1134 1437 1186 ut
1446 1122 1555 1185 iectus

270 1230 276 1242 ’
378 1234 461 1299 inter
489 1234 564 1300 ilios
591 1234 713 1299 arbiter
730 1233 765 1314 ⁸,
797 1233 886 1300 sicut
916 1248 950 1299 et
980 1231 1042 1315 ipsi
1064 1252 1157 1315 reges
1175 1232 1241 1316 jam
1263 1246 1336 1297 ante
1356 1231 1441 1297 inter
1461 1250 1497 1297 se
1519 1252 1555 1297 ea

377 1344 418 1410 de
440 1366 473 1411 re
495 1344 629 1412 foedera
662 1343 819 1427 quaedam
853 1343 1063 1428 pepigerant:
1097 1357 1130 1407 et
1161 1344 1225 1407 hoc
1260 1341 1288 1406 si
1311 1341 1355 1406 ita
1380 1357 1453 1422 est,
1478 1361 1553 1408 curn

377 1476 429 1521 res
457 1456 541 1521 inter
571 1456 651 1521 alios
672 1470 742 1520 acta
761 1455 826 1535 sit,
851 1454 892 1519 ad
911 1466 1055 1519 caeteras
1074 1468 1187 1536 gentes
1205 1472 1272 1517 non
1291 1452 1490 1535 pertinebit:
1514 1472 1555 1519 an

378 1586 457 1634 vero
488 1587 591 1649 prope
623 1566 772 1651 singulos
804 1563 919 1631 mundi
947 1562 1082 1629 trientes
1113 1563 1244 1630 duobus
1263 1562 1397 1645 populis
1418 1563 1553 1629 donare.

377 1678 479 1764 Quod
497 1676 558 1743 etsi
578 1677 741 1743 voluisset
759 1689 792 1741 et
810 1674 974 1757 potuisset
995 1672 1171 1754 Pontifex,
1194 1693 1261 1740 non
1274 1688 1379 1740 tamen
1392 1674 1554 1740 continuo

379 1804 572 1871 sequeretur
600 1788 754 1854 dominos
787 1784 936 1851 Orientis
968 1804 1039 1851 esse
1073 1784 1277 1866 Lusitanos,
1309 1804 1384 1850 cum
1416 1784 1554 1851 donatio

379 1898 561 1965 dominium
586 1918 653 1965 non
682 1895 804 1977 faciat,
837 1896 896 1963 sed
924 1910 1037 1961 secuta
1069 1894 1203 1961 traditio
1222 1894 1253 1960 ⁸:
1287 1916 1387 1979 quare
1420 1910 1453 1961 et
1476 1896 1555 1961 huic

377 2029 493 2075 causae
526 2009 693 2092 possessio
727 2008 860 2074 deberet
893 2007 1059 2073 accedere.
1107 2006 1197 2072 Tum
1232 2026 1311 2073 vero
1343 2006 1372 2071 si
1401 2007 1479 2089 quis
1498 2008 1553 2091 jus

378 2120 484 2204 ipsum
508 2120 578 2187 sive
602 2121 751 2187 divinum
773 2118 845 2185 sive
870 2119 1046 2184 frumarium
1067 2118 1205 2184 scrutari
1224 2119 1334 2198 volet,
1357 2138 1423 2184 non
1445 2134 1552 2184 autem

379 2248 418 2295 ex
438 2230 611 2295 commodo
631 2249 693 2294 suo
714 2229 846 2310 metiri,
875 2228 971 2295 facile
994 2228 1215 2311 deprehendet
1235 2228 1444 2295 donationem
1467 2229 1553 2313 ejus·

378 2339 466 2404 modi
491 2355 528 2405 ut
550 2340 596 2405 rei
619 2340 743 2406 alienae
766 2341 890 2407 nullius
915 2359 984 2407 csse
1007 2339 1175 2405 momenti.
1220 2338 1492 2421 Disputationem
1513 2340 1552 2404 de

377 2465 539 2533 potestate
576 2450 771 2533 Pontificis,
813 2454 878 2517 hoc
910 2466 960 2517 est
991 2451 1138 2533 episcopi
1172 2450 1340 2515 Romanae
1374 2450 1551 2529 ecclesiae,

378 2560 431 2626 hic
458 2581 524 2627 non
552 2562 740 2647 aggrediar,
772 2583 832 2630 nec
859 2563 1041 2645 quidquam
1065 2580 1184 2645 ponam
1204 2560 1267 2627 nisi
1288 2580 1327 2627 ex
1348 2560 1551 2645 hypothesi,

378 2673 441 2737 hoc
465 2688 513 2739 est
535 2674 627 2754 quod
639 2673 840 2740 confitentur
851 2673 1001 2739 homines
1013 2673 1099 2738 inter
1111 2692 1168 2739 eos
1181 2671 1413 2752 eruditissimi,
1426 2671 1552 2754 quique

377 2783 555 2866 plurimum
574 2784 768 2851 Pontificiae
790 2784 941 2851 tribuunt
962 2784 1175 2864 auctoritati,
1198 2782 1338 2848 maxime
1359 2782 1503 2865 Hispani
1522 2784 1551 2845 ⁶:

380 2895 437 2975 qui
458 2915 531 2961 cum
551 2916 611 2978 pro
631 2916 690 2963 sua
708 2895 907 2979 perspicacia
919 2893 1013 2961 facile
1025 2894 1176 2961 viderent
1186 2892 1364 2961 Dominum
1379 2892 1552 2961 Christum

378 3026 474 3071 omne
495 3026 513 3071 a
535 3025 570 3072 se
593 3022 754 3072 terrenum
783 3005 956 3089 imperium
988 3006 1178 3086 abdicasse,
1202 3004 1315 3071 mundi
1338 3018 1424 3070 certe
1448 3004 1553 3071 totius

378 3116 581 3197 dominium,
613 3137 679 3199 qua
712 3119 812 3184 homo
846 3116 930 3198 fuit,
955 3136 1022 3184 non
1046 3116 1226 3197 habuisse,
1251 3130 1283 3181 et
1306 3115 1334 3181 si
1357 3115 1552 3195 habuisset,

377 3226 477 3292 nullis
501 3242 605 3292 tamen
629 3228 829 3312 argumentis
851 3230 952 3295 astrui
976 3248 1095 3311 posse,
1117 3228 1171 3313 jus
1197 3226 1280 3293 illud
1303 3226 1337 3292 in
1349 3226 1484 3292 Petrum
1497 3242 1553 3291 aut

378 3336 558 3402 Romanam
588 3339 755 3405 ecclesiam
783 3339 907 3418 vicario
929 3342 1003 3426 jure
1024 3340 1236 3418 translatum,
1261 3357 1335 3404 cum
1356 3337 1436 3403 alias
1456 3336 1551 3403 ctiam

377 3461 501 3512 certum
535 3448 580 3513 sit
607 3451 709 3514 muita
744 3450 915 3517 Christum
939 3449 1120 3530 habuisse,
1144 3448 1177 3514 in
1202 3468 1285 3531 quae
1308 3446 1463 3513 Pontifex
1486 3466 1553 3515 non

377 3558 568 3624 successerit
587 3558 622 3639 ⁵,
655 3560 815 3644 intrepide
847 3562 1067 3641 affirmarunt,
1103 3561 1196 3643 (utar
1228 3558 1374 3641 ipsorum
1397 3557 1551 3642 verbis),

376 3669 569 3758 Pontificem
598 3691 664 3737 non
692 3690 763 3738 esse
792 3672 960 3738 dominum
991 3672 1121 3738 civilem
1142 3685 1198 3735 aut
1218 3670 1427 3751 temporalem
1448 3668 1552 3735 totius

377 3780 467 3849 orbis
486 3782 517 3846 ⁸:
549 3782 615 3849 imo
650 3783 797 3851 etiamsi
821 3804 918 3867 quam
942 3786 1038 3849 talem
1062 3794 1259 3866 potestatem
1284 3780 1317 3847 in
1342 3779 1467 3848 mundo
1494 3780 1552 3845 ha-

377 3973 568 3985 -n——.-

412 4093 469 4140 ¹V.
486 4094 562 4151 Vasq.
587 4090 612 4138 in
636 4090 740 4150 praefat.
758 4102 783 4136 n.
802 4101 825 4144 5.
859 4084 918 4135 ⁹V.
938 4088 1065 4136 Osorium.
1100 4086 1189 4137 ³1nst.
1208 4089 1239 4137 de
1257 4100 1305 4135 rer.
1324 4086 1377 4135 div.
1396 4089 1417 4143 ξ.
1436 4098 1484 4146 per
1501 4096 1550 4133 tra·

377 4183 509 4231 ditionem.
538 4182 569 4246 [1.
594 4196 617 4229 2.
642 4194 663 4228 1.
687 4184 709 4238 5.
734 4180 787 4241 ao]
822 4178 912 4227 ⁴Luc.
940 4192 977 4227 ια.
1006 4176 1551 4241 14.Joh.18.36.Vict.riclndisp·r.

377 4288 402 4322 n.
426 4288 466 4330 25.
499 4273 510 4305 ⁵
534 4274 602 4322 Vict.
626 4271 671 4321 ibi.
694 4285 719 4319 n.
747 4284 787 4329 27.
821 4270 880 4317 ⁶V.
899 4272 974 4330 Vasq.
993 4272 1082 4317 contr.
1101 4269 1138 4317 ih.
1155 4282 1178 4317 c.
1197 4282 1237 4315 ar.
1255 4269 1328 4316 Turr.
1347 4269 1431 4315 Crem.
1450 4269 1467 4314 Ι.
1487 4279 1510 4314 a.
1528 4279 1550 4314 c.

380 4377 434 4422 113.
457 4366 538 4423 hugo.
563 4365 603 4424 69.
628 4362 686 4411 dist.
703 4375 767 4414 ,cum
792 4363 823 4409 ad
847 4374 944 4410 verum.
970 4362 1045 4409 Bem.
1070 4360 1097 4407 in
1122 4362 1139 4407 1.
1167 4372 1190 4407 a.
1208 4360 1239 4407 ad
1256 4360 1317 4417 Eug.
1335 4358 1404 4407 Vict.
1422 4358 1455 4407 de
1474 4356 1552 4405 Indis.

377 4469 403 4514 p.
425 4468 446 4502 r.
463 4468 487 4502 n.
506 4468 546 4512 27.
564 4456 670 4504 Covarr.
689 4453 754 4501 inc.
772 4463 915 4513 peccatum.
933 4456 955 4510 5.
973 4466 998 4514 9.
1017 4465 1042 4500 n.
1060 4464 1084 4508 7.
1547 4434 1553 4439 ⁵
