3450 5434
701 631 909 675 uocumsurr.
1330 634 1388 692 349

216 822 324 863 merces
355 806 464 879 aliquas
495 808 542 862 vel
564 805 640 862 bona
669 805 790 863 navibus
811 809 859 863 vel
882 806 970 863 carris
991 806 1108 877 equisve
1126 806 1184 863 suis
1205 804 1240 862 ad
1263 805 1388 864 bostium

216 926 298 982 agros
314 911 360 965 vel
377 906 485 981 oppida
502 920 699 981 transportare
716 910 824 982 velint,
841 926 948 983 eosque
966 907 1251 981 comprehendendos
1269 920 1389 982 curent,

216 1028 387 1085 causamque
419 1027 518 1069 eorum
550 1028 587 1068 ex
612 1014 675 1084 lege
696 1011 781 1084 huius
801 1010 891 1071 edicti
913 1011 990 1086 apud
1013 1014 1134 1086 collegia
1156 1011 1338 1071 admiralatus
1359 1024 1389 1069 et

216 1115 327 1189 judices
348 1131 433 1188 supra
454 1114 549 1172 dictos
568 1116 676 1188 peragi.

243 1219 297 1276 ›Et
318 1219 454 1292 quoniam
476 1217 630 1291 providere
650 1221 804 1290 volumus,
826 1230 862 1275 ut
885 1234 970 1275 naves
996 1219 1143 1275 onerariae
1168 1229 1198 1276 et
1219 1219 1390 1291 piscatoriae

217 1322 253 1380 ab
282 1323 407 1380 hostium
435 1323 465 1378 vi
495 1333 524 1379 et
545 1322 653 1395 rapinis
673 1333 754 1379 tutae
775 1322 850 1391 sint,
872 1338 926 1380 nec
948 1323 977 1379 in
1000 1321 1133 1378 damnum
1156 1322 1280 1394 ingentis
1302 1323 1390 1395 pretii

218 1425 405 1484 redemtionis
434 1427 604 1500 incurrant,
630 1425 686 1481 boc
705 1423 803 1482 edicto
824 1435 971 1497 vetamus,
993 1437 1027 1482 ut
1048 1425 1200 1497 quisquam
1221 1426 1250 1483 in
1273 1426 1391 1498 provin·

219 1531 271 1588 ciis
291 1528 462 1604 foederatis,
484 1530 544 1586 sive
564 1528 635 1586 mari
656 1529 841 1600 negotietur,
861 1529 922 1586 sive
940 1545 992 1602 per
1009 1545 1094 1601 aquas
1111 1530 1238 1586 internas
1258 1530 1390 1601 naviget,

220 1645 410 1691 commeatum
441 1635 489 1689 vel
510 1630 703 1705 syngraphum
723 1631 808 1688 liberi
827 1631 940 1689 itineris
960 1631 997 1688 ab
1019 1632 1150 1690 hostibus
1170 1632 1223 1689 sibi
1246 1635 1391 1705 postulet,

219 1737 328 1810 quique
359 1735 390 1792 id
417 1736 518 1793 fecisse
549 1734 729 1807 reperietur,
762 1735 840 1792 hunc
861 1747 895 1792 ut
917 1735 1044 1793 hostium
1067 1735 1228 1809 fautorem,
1247 1735 1391 1793 bonorum

219 1841 421 1914 publicatione
442 1840 563 1911 aliisque
584 1839 685 1912 poenis
706 1839 840 1896 mulctari
858 1839 1002 1911 jubemus.
1036 1837 1115 1895 Etsi
1134 1839 1392 1911 quivehicularius

219 1946 266 2002 vel
294 1955 381 2001 nauta
410 1942 447 1999 ab
475 1942 606 1999 hostibus
636 1942 767 2014 capiatur
788 1953 817 1999 et
838 1941 1026 2000 redemtionis
1046 1943 1137 2013 gratia
1159 1941 1249 2015 major
1269 1943 1392 2014 pecunia

219 2049 310 2106 abeo
330 2048 483 2120 exigatur,
503 2062 587 2119 quam
606 2044 682 2118 apud
705 2063 757 2102 nos
775 2045 837 2103 lieri
859 2062 920 2102 mos
941 2056 1002 2114 est,
1023 2045 1097 2102 hanc
1119 2062 1255 2103 summam
1273 2044 1392 2119 rependi

219 2149 784 2225 jubemusamagistratibus,praefectis
800 2161 830 2206 et
847 2149 963 2206 civibus
982 2149 1153 2206 Brabantiae
1174 2161 1203 2206 et
1223 2147 1393 2218 Flandriae‚

221 2256 272 2329 qui
301 2253 353 2311 sub
381 2253 494 2311 ditione
523 2253 650 2310 hostium
680 2265 766 2323 sunt,
788 2264 902 2325 praeter
924 2253 1075 2326 pecunias,
1103 2269 1171 2325 quas
1192 2252 1250 2309 alio
1278 2254 1394 2311 nomine

222 2358 399 2432 reipublicae
426 2357 588 2424 solverint,
622 2367 651 2413 et
684 2357 794 2414 senatui
826 2356 887 2429 ejus
915 2356 1101 2429 provinciae,
1131 2355 1254 2429 acujus
1280 2357 1393 2414 civibus

222 2473 324 2520 contra
345 2463 419 2518 hanc
440 2463 531 2532 legem
552 2460 641 2533 majus
661 2457 848 2517 redemtionis
866 2461 994 2533 pretium
1011 2470 1144 2516 exactum
1161 2460 1214 2527 sit,
1229 2459 1394 2518 mandamus

222 2566 372 2624 utstatim
402 2575 553 2638 postquam
581 2560 617 2621 de
645 2561 749 2620 damno
776 2563 967 2636 cognoverit,
988 2579 1047 2619 eam
1069 2563 1225 2636 pecumam
1254 2579 1288 2620 eo
1308 2561 1394 2620 modo

221 2670 334 2743 exigat,
355 2680 389 2727 ut
410 2669 439 2725 in
460 2668 512 2726 tali
535 2682 564 2724 re
586 2665 647 2724 fieri
667 2669 780 2724 assolet.

715 2851 780 2860 ..ι-.-
790 2851 905 2858 ---.-

774 2957 837 3055 ll.

503 3200 681 3256 Decnurum
704 3196 861 3255 Ouuruum
885 3197 1107 3254 Houuruurnu.

651 3327 688 3383 A.
713 3325 798 3397 1604
821 3324 909 3381 Suur.
934 3340 959 3381 1.

266 3623 391 3683 Ordines
411 3624 584 3682 llollandiae
610 3636 640 3681 et
661 3624 859 3692 Westfrisiae‚
877 3639 943 3679 cum
965 3622 994 3678 in
1014 3639 1149 3680 consessu
1169 3639 1223 3681 suo
1243 3623 1396 3695 cognovis-

225 3743 288 3787 sent
310 3728 345 3787 de
365 3730 507 3786 sententia
527 3727 562 3785 ad
583 3745 612 3784 se
633 3729 740 3800 scripta
765 3744 779 3783 a
801 3725 862 3782 fisci
884 3723 1026 3783 advocato
1047 3723 1077 3781 in
1098 3723 1177 3780 curia
1205 3723 1396 3796 provinciali,

225 3850 281 3906 qua
310 3831 542 3898 demonstratur,
571 3829 728 3889 secundum
761 3833 837 3902 leges
868 3841 898 3886 et
928 3826 1153 3886 consuetudines
1183 3825 1395 3884 Hollandorum

225 3952 369 3994 caraccam
399 3947 429 3994 et
460 3953 567 3994 merces
588 3952 603 3992 a
624 3934 734 4008 Jacobo
757 3933 969 3991 Hemskerckio
991 3933 1021 3989 in
1043 3931 1125 3989 lndia
1146 3931 1290 3988 Orientali
1312 3931 1396 3988 Lusi-

226 4041 300 4098 tanis
329 4051 441 4112 ereptas
471 4057 530 4097 non
559 4056 618 4096 esse
641 4037 793 4096 Societatis
814 4035 946 4111 Indicae,
967 4033 1016 4093 sed
1037 4034 1072 4092 ad
1095 4035 1299 4107 rempublicam
1322 4035 1396 4092 Hol-

226 4143 376 4202 landorum
398 4145 560 4218 pertinere,
578 4159 608 4201 re
626 4141 676 4199 diu
697 4146 881 4215 multumque
902 4139 1100 4210 considerata,
1120 4141 1160 4198 ita
1181 4136 1356 4198 decrevere:

267 4249 343 4306 Cum
372 4259 486 4306 constet
514 4247 653 4320 Jacobum
675 4246 932 4314 Hemslrerckium,
960 4245 1073 4318 aliquot
1095 4243 1215 4302 navibus
1240 4243 1394 4301 Societatis

227 4349 343 4409 Indicae
369 4353 564 4425 praefectum,
584 4351 727 4408 Ordinum
749 4347 962 4407 foederatorum
985 4349 1159 4406 auctoritate
1180 4358 1209 4404 et
1232 4363 1297 4404 curn
1316 4346 1396 4404 codi-

227 4457 302 4513 cillis
324 4457 470 4530 Principis
492 4455 627 4513 Mauritii
644 4454 679 4512 ad
699 4453 809 4512 Indiam
831 4453 1010 4511 Orientalem
1037 4453 1199 4523 navigasse,
1219 4452 1288 4508 item
1315 4449 1396 4509 codi-
