3450 5434
507 651 554 697 oa
576 651 670 719 June
697 651 881 699 Patrona.
906 653 986 699 cnr.
1012 652 1078 700 xrr.
1324 650 1386 719 237

210 822 276 875 tem
307 806 450 891 pendere
470 826 488 872 a
510 825 586 872 vera
604 805 689 889 juris
717 822 780 873 tant
804 823 937 873 naturae
961 826 1058 889 quam
1080 806 1223 892 gentium
1247 807 1387 893 cogniti·

210 939 283 986 orte.
325 918 387 1003 Jus
411 919 496 984 enim
520 936 677 1000 naturae,
694 940 770 985 cum
794 940 813 983 a
831 919 944 985 divina
964 918 1074 985 veniat
1093 918 1299 1001 providentia
1317 940 1387 986 esse

210 1030 424 1096 immutabile.
456 1030 566 1116 Hujus
590 1044 698 1096 autem
718 1031 803 1116 juris
823 1028 980 1097 naturalis
997 1044 1120 1113 partem
1144 1048 1213 1095 esse
1233 1032 1288 1114 jus
1310 1052 1388 1115 gen-

209 1142 293 1207 tium
326 1140 556 1225 primaevum,
590 1142 682 1225 quod
713 1142 858 1222 dicitur,
892 1140 1057 1209 diversum
1089 1160 1107 1205 a
1134 1143 1207 1227 jure
1241 1142 1385 1226 gentium

157 1267 165 1274 ·
210 1252 406 1319 secundario
440 1253 511 1319 sive
543 1253 707 1336 positivo:
738 1273 880 1336 quorum
912 1252 1078 1336 posterius
1108 1252 1226 1318 mutari
1257 1269 1386 1338 potest,

211 1364 305 1448 prius
327 1384 394 1431 non
424 1378 548 1447 potest.
593 1364 680 1430 Nam
704 1364 732 1429 si
757 1364 815 1446 qui
835 1384 943 1431 mores
966 1384 1039 1429 curn
1059 1365 1132 1449 jure
1155 1364 1300 1449 gentium
1322 1366 1387 1450 pri-

211 1495 328 1541 maevo
357 1489 564 1560 repugnent,
588 1475 623 1541 hi
648 1495 715 1542 non
740 1475 873 1542 humani
895 1490 995 1558 sunt,
1019 1476 1091 1559 ipso
1109 1476 1239 1561 judice,
1261 1477 1319 1543 sed
1341 1476 1389 1543 fe-

212 1588 300 1669 rini,
325 1589 530 1671 corruptelae
553 1602 586 1653 et
609 1589 755 1668 abusus,
777 1607 844 1654 non
868 1590 955 1673 leges
979 1602 1011 1653 et
1034 1606 1124 1654 usus.
1161 1589 1277 1671 Itaque
1296 1591 1388 1655 nullo

212 1714 360 1783 tempore
383 1698 561 1782 praescribi
581 1715 779 1782 potuerunt,
791 1700 881 1766 nulia
905 1701 969 1765 lata
988 1700 1060 1783 iege
1077 1698 1274 1785 justificari,
1295 1702 1388 1767 nullo

212 1812 390 1876 muitarum
421 1810 517 1876 etiam
541 1810 686 1895 gentium
717 1829 911 1891 consensu,
935 1810 1080 1894 hospitio
1103 1826 1136 1876 et
1159 1812 1389 1879 exercitatione

212 1922 377 2002 stabiliri,
400 1922 493 2004 quod
515 1922 674 2005 exemplis
696 1922 826 2005 aliquot
845 1938 879 1988 et
898 1922 1064 2006 Alphonsi
1084 1922 1294 2004 Castrensis,
1315 1927 1388 1989 the·

213 2032 303 2116 ologi
336 2032 501 2116 Hispani,
526 2032 717 2099 testimonio
740 2036 750 2071 ¹
772 2033 955 2101 confirmat.
1000 2034 1059 2099 Ex
1080 2035 1199 2120 quibas
1222 2049 1387 2121 apparet,

212 2144 346 2226 inquit,
371 2165 471 2229 qaam
489 2158 640 2230 suspecta
663 2148 707 2210 sit
731 2150 897 2211 sententia
920 2166 1056 2227 eoram,
1073 2167 1152 2233 qaas
1171 2161 1275 2233 supra
1299 2161 1389 2211 retu·

213 2256 331 2334 limas,
352 2258 621 2320 existimantium
645 2254 830 2322 Genuenses
851 2262 1033 2323 autetiam
1058 2256 1195 2323 Venetos
1209 2272 1302 2344 passe
1325 2280 1388 2323 non

212 2368 346 2453 injuria
362 2367 543 2451 prohibere
565 2366 650 2431 alios
674 2371 841 2454 navigare
854 2383 920 2454 per
937 2369 1074 2456 guisum
1096 2382 1158 2435 aut
1173 2369 1315 2457 pelagas
1336 2374 1389 2434 sai

213 2481 341 2557 maris,
355 2479 453 2562 quasi
473 2498 621 2563 aequora
640 2482 714 2565 ipsa
726 2484 1031 2567 praescripserint,
1044 2480 1083 2547 id
1101 2480 1190 2566 qaod
1206 2502 1269 2545 non
1284 2481 1385 2546 solam

213 2602 261 2655 est
289 2601 409 2653 contra
439 2587 524 2675 leges
545 2588 581 2670 ¹,
613 2588 791 2655 sedetiam
822 2604 869 2655 est
892 2604 1013 2657 contra
1036 2596 1142 2677 ipsam
1156 2592 1217 2678 jas
1241 2606 1388 2657 naturae

213 2714 275 2765 aut
301 2702 453 2786 gentiam
477 2703 713 2786 primaevam,
747 2702 836 2787 qaod
866 2707 997 2768 matari
1019 2724 1082 2768 non
1106 2717 1199 2788 poste
1225 2702 1387 2769 diximus.
1476 2774 1480 2783 ,

216 2807 312 2893 Quod
340 2816 385 2876 sit
416 2824 537 2876 contra
567 2811 659 2877 iliad
675 2814 736 2897 jus
766 2826 920 2895 constat,
945 2818 1027 2899 qaia
1058 2834 1122 2878 non
1150 2812 1252 2878 solam
1274 2817 1388 2879 maria

213 2936 275 2987 aar
305 2941 453 3008 aequora
483 2943 517 2987 eo
540 2923 625 3009 jare
656 2928 843 2989 communia
875 2938 998 3007 erant,
1023 2924 1081 2991 sed
1108 2928 1209 2989 etiam
1237 2918 1390 3009 reliquae

213 3052 319 3098 omnes
352 3054 403 3099 res
433 3032 622 3099 immobiles.
669 3034 718 3099 Et
747 3035 824 3101 licet
851 3036 894 3101 ab
921 3058 955 3101 eo
976 3037 1061 3123 jare
1082 3049 1198 3123 postea
1230 3055 1387 3101 recessum

206 3142 320 3227 faerit
345 3164 386 3208 ex
403 3158 531 3230 parte,
551 3158 640 3231 pata
664 3145 777 3231 qaoad
793 3146 974 3215 dominium
998 3160 1029 3213 et
1046 3151 1289 3234 proprietatem
1319 3160 1388 3212 ter-

213 3274 357 3334 raram,
381 3275 525 3340 quarum
549 3255 746 3335 dominium,
761 3258 846 3342 jare
868 3272 1017 3325 naturae
1038 3280 1226 3341 commane,
1249 3258 1388 3325 distinc-

212 3380 284 3431 tam
303 3379 335 3431 et
354 3366 499 3433 divisum
518 3369 629 3453 sicque
647 3368 688 3432 ab
707 3367 773 3432 illa
794 3374 1018 3435 communione
1034 3384 1244 3458 segregatam
1256 3370 1333 3454 fuit
1357 3370 1388 3453 ³,

213 3491 325 3543 tamen
355 3477 523 3545 diversam
543 3478 621 3562 fait
644 3492 677 3543 et
699 3492 746 3544 est
770 3481 807 3545 in
829 3479 972 3545 dominio
995 3484 1125 3563 maris,
1150 3481 1239 3567 qaod
1256 3481 1299 3546 ab
1322 3485 1389 3546 ori·

209 3592 290 3676 gine
318 3588 435 3655 mandi
461 3588 509 3655 ad
536 3589 732 3655 hodiernam
755 3612 856 3677 usqae
875 3592 959 3658 diem
981 3606 1028 3657 est
1043 3592 1185 3678 fuitque
1207 3607 1330 3679 semper
1352 3598 1388 3659 in

212 3704 376 3764 communi
396 3699 493 3764 nulla
509 3720 551 3763 ex
562 3713 667 3785 parte
683 3705 917 3782 immutatum,
935 3716 973 3769 at
990 3714 1037 3768 est
1055 3714 1179 3769 notum.
1204 3704 1254 3769 Et
1273 3726 1389 3790 quam-

215 3813 266 3877 ris
299 3832 340 3875 ex
365 3810 544 3876 Lusitanis
564 3834 720 3899 magnam
751 3815 887 3881 turbam
916 3830 1009 3901 saepe
1039 3814 1228 3885 audiverim
1258 3820 1295 3881 in
1326 3818 1389 3881 hac

216 3964 402 3975 ’.μω-...-

249 4044 258 4077 ¹
278 4046 310 4094 de
327 4056 453 4105 potestate
468 4047 532 4108 legis
549 4048 675 4108 poenalis.
693 4051 711 4097 l.
729 4064 753 4098 a.
767 4063 791 4098 e.
807 4062 845 4110 14.
860 4064 887 4110 p.
906 4062 962 4110 572.
981 4052 1070 4114 [vasq.
1088 4068 1113 4115 p.
1132 4066 1224 4112 yson.
1235 4054 1387 4116 30.ttsqq.]

214 4130 260 4184 ²1.
278 4138 349 4197 quod
369 4136 396 4185 in
411 4136 507 4187 littore.
521 4138 547 4187 tt.
561 4141 593 4187 de
615 4153 671 4200 aeq.
695 4141 763 4189 dom.
783 4141 827 4202 [D.
849 4155 891 4202 41.
913 4155 936 4191 1.
960 4142 1011 4205 ¹4]
1035 4144 1052 4191 l.
1071 4142 1113 4192 fin.
1132 4143 1157 4192 in
1175 4159 1212 4206 pr.
1232 4145 1257 4193 ff.
1272 4147 1303 4194 de
1318 4157 1389 4192 usuc.

216 4226 260 4288 [D.
282 4240 323 4289 41.
349 4241 373 4286 ³·
399 4230 453 4292 4⁵·]
473 4233 494 4288 5.
512 4230 622 4278 flumina.
646 4232 707 4280 inst.
725 4233 757 4279 de
774 4244 823 4279 rer.
849 4232 904 4281 div.
934 4232 967 4297 [1.
992 4246 1015 4281 a.
1035 4246 1056 4281 1.
1075 4236 1096 4291 ξ.
1117 4233 1153 4295 2.]
1178 4238 1195 4283 1.
1209 4236 1230 4285 ti
1248 4236 1389 4297 quisquam.

213 4316 240 4364 ff.
264 4319 297 4366 de
322 4317 417 4367 divers.
439 4331 519 4381 temp.
545 4332 657 4381 praescr.
686 4319 729 4385 [D.
752 4336 793 4385 44.
818 4334 841 4379 ³·
867 4322 904 4387 7.]
933 4326 949 4371 1.
974 4336 1034 4373 sane
1057 4324 1078 4372 si
1094 4324 1169 4373 maris
1188 4324 1213 4374 ff.
1231 4328 1262 4375 de
1279 4324 1388 4383 iniuriis.

213 4406 258 4469 [D.
274 4420 315 4468 47.
332 4422 371 4457 ro.
390 4410 441 4473 14.]
477 4408 488 4451 ἕ
505 4413 522 4459 Ι.
538 4424 571 4461 ex
588 4414 639 4460 hoc
654 4410 719 4470 jure.
737 4413 763 4461 ff.
781 4416 814 4461 de
828 4412 888 4471 just.
905 4427 929 4463 et
946 4413 1010 4472 iure.
1027 4416 1072 4478 [D.
1094 4429 1115 4465 1.
1138 4429 1158 4464 1.
1178 4414 1214 4480 5.]
1233 4420 1254 4475 i.
1269 4416 1309 4475 ius
1327 4432 1387 4477 gen·

210 4498 282 4548 tium.
301 4512 327 4548 et
344 4503 367 4557 t.
384 4499 424 4556 ius
443 4513 527 4551 tutem
545 4504 668 4563 gentium.
687 4506 748 4551 lost.
767 4506 798 4553 de
815 4503 871 4561 jure
886 4517 936 4553 nat.
956 4504 988 4569 [l.
1008 4518 1029 4553 t.
1046 4506 1082 4567 a]
