3450 5434
347 632 410 694 106
442 689 445 698 ,
653 652 700 700 oe
723 652 818 720 Juau
844 654 1242 704 ostentaturum.

342 815 438 878 νικῶν
457 813 539 893 sepit
560 811 611 891 θεῷ
632 810 765 891 κρίνεται.
812 806 903 873 Idem
924 808 1042 876 delicto
1074 810 1157 876 habe
1185 830 1249 875 non
1265 809 1443 898 prohibere
1464 807 1520 877 de·

343 920 541 1007 linquentes.
586 918 680 983 Nam
701 931 733 982 et
751 921 781 983 si
800 922 875 1005 quis
895 934 1031 987 coetera
1039 922 1133 1006 juste
1152 920 1388 1007 rempublicam
1411 918 1519 985 adeni-

343 1035 480 1108 nistret,
500 1028 618 1094 toleret
634 1042 746 1093 tamen
763 1032 913 1098 uiuentes
931 1030 1230 1117 iey'uste„adjutor
1246 1031 1410 1097 malorum
1429 1028 1520 1116 apud

342 1142 450 1208 Deum
475 1138 672 1226 judicetur.
717 1136 884 1206 Praeterea
911 1161 990 1209 vero
1018 1161 1059 1207 ex
1085 1140 1175 1209 facto
1204 1142 1404 1226 reipublicae
1428 1140 1517 1209 cives

340 1250 463 1337 singuli
483 1250 682 1336 obligantur.
728 1250 791 1317 Est
813 1251 899 1316 enim
921 1250 1004 1319 illud
1030 1253 1171 1319 naturali
1200 1252 1358 1335 aequitati
1380 1270 1518 1319 consen·

343 1378 497 1443 taneum,
529 1377 569 1427 ut
598 1380 673 1427 cum
707 1382 748 1429 ex
776 1382 813 1427 ea
834 1362 989 1429 societate
1009 1364 1179 1430 commoda
1201 1377 1390 1448 captemus,
1421 1362 1517 1431 etiam

341 1472 547 1540 incommoda
575 1472 737 1556 patiamur
757 1474 780 1540 ¹.
824 1472 927 1538 Varia
953 1474 1015 1539 hac
1044 1474 1141 1541 dere
1167 1474 1251 1559 juris
1280 1473 1388 1543 civilis
1417 1474 1517 1541 iuter-

340 1601 446 1670 pretes
466 1582 495 1649 ⁸:
526 1584 584 1649 sed
613 1603 653 1649 ex
680 1585 753 1669 jure
786 1582 890 1653 civili.
933 1584 1017 1652 Nam
1050 1596 1137 1652 cum
1155 1584 1301 1653 universi
1330 1599 1364 1651 et
1393 1582 1516 1670 singuli

341 1712 455 1763 natura
472 1716 538 1763 uon
555 1693 722 1775 differant,
737 1696 881 1761 humano
896 1712 1081 1763 commento
1101 1712 1134 1763 et
1149 1716 1188 1763 ex
1208 1696 1331 1764 civium
1352 1714 1516 1765 consensu

341 1807 500 1892 distingui
521 1826 658 1890 coepere
677 1805 701 1872 ⁸.
741 1804 805 1890 Jus
821 1820 930 1873 autem
954 1806 1100 1891 gentium
1123 1809 1205 1873 tales
1228 1806 1426 1875 differentias
1448 1824 1516 1876 nou

340 1918 458 2001 recipit
489 1917 629 2001 parique
661 1918 734 1982 loco
756 1917 857 1983 habet
885 1915 1115 1984 universitates
1137 1916 1285 2001 publicas
1312 1932 1346 1984 et
1371 1918 1516 2000 privatas

341 2028 525 2095 societates.
570 2027 773 2094 Privatarum
792 2042 900 2094 autem
919 2027 1112 2095 societatum
1134 2042 1264 2097 cousmt
1283 2048 1354 2095 eam
1376 2047 1445 2095 esse
1464 2047 1535 2108 ra·,

341 2140 488 2223 tionem,
511 2153 550 2206 ut
570 2138 662 2222 quod
684 2138 772 2222 ipsae
794 2139 943 2219 debent,
966 2138 1002 2205 id
1023 2158 1042 2205 a
1063 2139 1228 2207 sociorum
1257 2140 1397 2224 singulis
1428 2140 1515 2225 exigi

341 2250 457 2335 possit
502 2248 670 2315 Praeterea
698 2264 839 2333 apparet.
856 2249 942 2317 illud
961 2252 989 2331 ⁴,
1011 2250 1207 2319 nonninus
1230 2271 1248 2316 a
1275 2249 1415 2336 singulis
1431 2270 1515 2317 rem·

341 2359 505 2446 publicam
537 2358 717 2442 constitui,
745 2380 842 2443 quam
871 2382 889 2427 a
916 2360 1083 2445 republica
1109 2361 1333 2447 magistratum
1350 2365 1379 2426 ⁸:
1402 2362 1515 2443 itaque

343 2471 456 2539 eodem
477 2471 577 2537 modo
596 2470 720 2554 teneri,
745 2471 937 2539 etiamtum
959 2472 999 2539 de
1021 2470 1191 2539 malefacto
1214 2472 1344 2557 agitur,
1367 2472 1408 2540 ad
1426 2472 1515 2538 dam-

342 2600 421 2649 num
453 2583 740 2651 resarciendum
784 2583 872 2648 Nam
904 2583 1011 2666 capita
1039 2582 1164 2649 civium
1187 2582 1410 2653 innocentium
1430 2582 1517 2649 absit

342 2710 380 2759 ut
396 2699 569 2779 ἀντίψυχα,
588 2693 660 2761 sive
680 2692 879 2776 reipublicae
900 2694 1027 2760 delictis
1046 2693 1209 2775 obnoxia,
1229 2693 1400 2776 dicamus,
1423 2711 1515 2776 prae-

341 2806 452 2871 sertim
473 2824 547 2870 cum
569 2805 639 2888 ipsa
660 2825 719 2887 per
740 2822 775 2870 se
794 2804 905 2887 puniri
928 2804 1035 2889 possit
1053 2803 1076 2871 ⁷.
1120 2804 1206 2871 Nam
1231 2820 1263 2871 et
1285 2803 1393 2888 capite
1410 2802 1516 2871 minui

342 2932 451 2999 potest
461 2935 535 2981 cum
562 2914 600 2979 iit
621 2916 813 2997 tributaria,
826 2916 918 2998 quod
938 2915 1053 2983 divino
1074 2919 1148 3002 jure
1167 2912 1181 2949 ⁸
1204 2916 1423 2984 coustitutum
1444 2928 1515 2996 est,

343 3043 376 3095 et
405 3027 521 3110 perimi
548 3023 794 3107 ‘quodammodo
814 3023 846 3107 ',
878 3028 989 3102 niseus
1019 3030 1080 3111 γάρ
1108 3030 1171 3096 iere
1204 3028 1325 3102 θάνατοι
1347 3029 1514 3095 ἀνάστατον

341 3143 483 3219 γενέσθαι.
516 3137 613 3201 Mors
643 3150 691 3200 est
719 3136 814 3200 urbis
844 3139 980 3203 uastare·
995 3136 1181 3221 funditus:
1206 3137 1300 3219 quod
1322 3134 1514 3223 Carthagini

341 3250 482 3330 aliisque
504 3246 643 3328 accidit,
668 3246 791 3330 quibus
814 3246 934 3313 hostile
957 3262 1098 3315 aratrum
1122 3249 1313 3331 impressum
1337 3261 1387 3313 est
1409 3247 1516 3317 tisso-

343 3363 518 3440 lutumque
547 3376 667 3440 corpus
698 3357 854 3423 civitatis.
899 3359 1028 3426 Poenae
1051 3374 1159 3427 autem
1180 3358 1409 3443 pecuniariae,
1433 3378 1517 3442 quas

343 3470 440 3536 debet
461 3466 662 3552 respublica,
685 3468 841 3536 videntur
861 3490 881 3537 a
900 3470 1042 3537 subditis
1062 3470 1171 3555 expeti
1193 3490 1307 3555 posse,
1331 3485 1369 3538 ut
1391 3466 1515 3553 quibus

341 3636 533 3649 *Ἀ

376 3728 385 3762 ¹
403 3729 461 3792 Jolr.
486 3728 567 3789 Cepis.
591 3740 664 3777 cons.
688 3730 728 3785 51).
761 3724 822 3778 ’ad
847 3732 866 3778 l.
892 3728 913 3779 si
931 3728 1074 3791 municeps.
1092 3742 1117 3779 et
1134 3732 1152 3780 l.
1169 3730 1243 3781 slcut.
1261 3730 1288 3780 θ’.
1305 3731 1374 3792 quod
1391 3728 1515 3792 columne

341 3820 413 3870 univ.
429 3832 498 3869 ιιοιιι.
524 3818 568 3882 [1).
593 3831 617 3877 a.
639 3832 665 3881 4
690 3833 714 3869 a.
737 3832 763 3869 et
780 3819 817 3884 7.]
836 3822 904 3870 adl.
922 3820 1066 3871 civitati.
1084 3822 1115 3872 de
1133 3822 1273 3873 sebertd.
1292 3822 1338 3885 [D.
1359 3834 1398 3872 12.
1419 3834 1441 3870 ι.
1459 3820 1513 3883 ι7.]

342 3913 408 3962 ι(11.
425 3924 449 3971 4
467 3910 494 3959 t.
511 3910 543 3959 de
565 3923 594 3960 re
617 3907 671 3966 iud.
690 3910 735 3972 [D.
752 3924 795 3972 4ι.
814 3910 849 3975 ι.]
870 3912 940 3961 Bald.
958 3910 984 3961 in
1001 3914 1019 3961 1.
1040 3926 1062 3961 ι.
1080 3915 1110 3963 C.
1126 3926 1160 3962 ue
1178 3911 1245 3963 filius
1262 3927 1310 3974 pro
1328 3924 1408 3973 patre.
1428 3909 1471 3976 [C.
1489 3923 1514 3972 4.

345 4002 397 4067 rs]
413 4014 439 4051 et
453 4001 479 4051 ln
494 4004 511 4049 l.
525 4014 609 4050 exsec.
624 4002 654 4050 C·
669 4003 701 4051 de
715 4002 832 4050 exec.rei
850 4000 904 4060 iud.
923 4000 967 4065 [C.
985 4015 1009 4061 7.
1028 4015 1068 4061 55.
1086 4002 1122 4067 8.]
1143 4005 1171 4052 c.
1191 4015 1218 4053 ιιι
1235 4004 1319 4053 nullus
1346 4015 1378 4051 ex
1399 4001 1514 4051 vicanis.

344 4093 388 4159 [C.
407 4106 446 4143 ιι.
472 4091 525 4156 57.]
544 4094 614 4141 Nou.
643 4105 681 4141 ta.
707 4095 763 4141 Seu.
790 4094 822 4142 de
847 4093 933 4141 benef.
962 4096 979 4142 1.
996 4094 1021 4142 ό.
1038 4108 1059 4142 a
1080 4106 1118 4158 ¹9·
1152 4090 1514 4153 ι1.ι.11.ιιιιοι1ι·ιι]ιιιι7ιιε

342 4184 414 4234 ιιιιίν.
430 4196 499 4233 nom.
517 4181 563 4246 [D.
582 4196 604 4240 ³·
622 4197 647 4244 4.
668 4180 702 4246 t.]
737 4178 793 4231 ‘ln
811 4196 834 4231 c.
853 4196 877 4231 a.
910 4182 922 4215 ⁸
939 4184 1001 4233 silv.
1019 4184 1046 4233 in
1064 4198 1090 4233 ν.
1108 4183 1293 4245 Represaaliae.
1310 4184 1337 4232 in
1354 4196 1393 4244 pr.
1411 4182 1463 4233 lbir
1487 4194 1513 4231 et

341 4277 406 4325 adde
430 4276 528 4336 allegat.
553 4274 644 4322 Thoen.
675 4287 698 4322 a.
730 4287 754 4322 a.
771 4286 797 4334 q.
813 4286 855 4335 40.
889 4274 935 4323 ⁸1.
951 4288 1045 4324 metum
1063 4287 1156 4325 autem.
1172 4278 1195 4333 5.
1213 4274 1471 4325 animadvertendum.
1488 4272 1515 4322 11.

341 4367 412 4427 quod
429 4376 487 4413 met.
505 4378 561 4413 cav.
579 4362 624 4428 [1).
648 4378 673 4425 4.
691 4378 715 4413 a.
732 4378 757 4427 9.
774 4368 796 4424 5.
817 4364 852 4429 ι.]
889 4362 990 4416 ⁷Dent.
1009 4379 1049 4415 ao.
1069 4378 1108 4416 ιι.
1140 4364 1228 4427 'eye
1245 4365 1271 4414 in
1289 4366 1377 4414 Leuat.
1397 4364 1437 4429 [p.
1458 4374 1513 4422 ι55.

341 4459 364 4514 5.
380 4454 434 4516 όι.]
467 4452 479 4486 ⁹
496 4457 512 4503 1.
530 4455 552 4503 si
570 4455 737 4506 ususfructus.
751 4455 778 4508 ti.
795 4455 866 4517 quib.
884 4458 953 4506 mod.
969 4457 1062 4507 ususfr.
1080 4458 1149 4508 amit.
1168 4456 1214 4522 [D.
1231 4468 1255 4516 7.
1272 4469 1297 4519 4.
1315 4454 1367 4519 ιι.]
1388 4456 1421 4505 V.
1436 4455 1511 4505 labe.

341 4549 405 4597 sem.
423 4548 440 4595 1.
460 4560 482 4595 ι.
499 4560 520 4592 e.
539 4558 560 4595 1.
