3450 5434
430 600 476 644 DE
500 599 594 665 JURE
620 597 803 644 PRAEDAE.
830 597 909 643 CAP.
935 597 1013 643 XIII.
1189 659 1197 666 μ
1250 593 1311 654 277

144 756 253 823 adhuc
276 757 316 820 ab
338 755 418 839 ipsis
451 753 613 835 PrincipIs
645 753 776 819 nomine
800 751 976 816 coleretur:
1001 753 1181 819 Lusitanos
1205 768 1312 817 autem
1326 760 1456 860 gregr-ng·

145 870 180 934 ln
203 870 291 934 bello
315 865 549 932 committendo
571 865 696 947 priores
718 862 820 930 fuisse
832 864 903 947 ipsa
914 884 1021 930 rerum
1034 865 1133 930 series
1144 861 1312 946 patefecit.
1326 849 1368 917 11}-
1450 847 1456 860 ⁸

146 981 314 1044 Praeterea
335 996 395 1042 nec
419 977 460 1042 ad
472 976 638 1041 Albanum
663 991 736 1040 tuto
760 976 854 1041 licuit
870 975 1040 1055 accedere,
1056 977 1147 1041 nulla
1159 975 1192 1040 in
1202 975 1313 1038 hostes

144 1088 291 1156 hostium
309 1091 382 1173 jura
405 1103 607 1154 servantem:
640 1101 672 1151 et
692 1087 881 1170 Philippum
905 1087 938 1152 in
961 1086 1120 1170 Hispania
1139 1085 1313 1151 convenire

146 1215 223 1284 post
248 1200 445 1265 marchi0nis
473 1198 645 1282 Bergensis
676 1213 708 1263 et
729 1197 936 1282 Montignael
966 1200 1144 1283 legatorum
1178 1211 1313 1261 mortem

147 1314 202 1378 cui
226 1332 291 1378 non
311 1311 564 1378 formidolosum
586 1308 675 1375 fuit?
700 1310 801 1393 Apud
823 1309 1002 1375 Lusitanos
1025 1324 1130 1374 autem
1161 1308 1194 1372 in
1224 1308 1316 1372 India

147 1445 232 1506 quae
255 1423 320 1490 fuit
341 1421 522 1502 securitas,
547 1421 605 1486 ubi
626 1420 895 1487 caduceatoribus
916 1440 957 1486 ne
975 1435 1068 1503 pacta
1090 1419 1221 1502 quidem
1242 1439 1317 1502 pro·

149 1534 309 1601 fuerunt?
333 1535 537 1615 Ubicunque
550 1549 657 1598 autem
668 1535 723 1617 jus
734 1531 909 1617 legationis
922 1546 954 1598 et
966 1532 1111 1617 gentium
1124 1531 1318 1596 commercia

146 1647 339 1726 vlolantur,
373 1647 485 1727 nulla,
519 1644 568 1710 uti
600 1644 785 1726 diximus,·
806 1643 1009 1709 denuntiatio
1044 1642 1222 1707 necessaria
1256 1657 1316 1706 est.

148 1757 318 1823 Praeterea
344 1757 479 1842 dignum
510 1771 559 1821 est
589 1757 765 1823 observatu
795 1755 1020 1821 defensionem
1050 1754 1245 1820 Batavorum
1278 1752 1453 1817 adernam

150 1889 186 1932 ea
209 1889 314 1950 usque
346 1883 517 1952 tempora,
551 1869 672 1950 quibus
700 1854 875 1951 Philippus
907 1866 1044 1949 imperio
1065 1865 1220 1931 cecidisse
1242 1829 1375 1946 pro-'H'

149 1981 320 2046 nuntiatus
342 1995 413 2061 est,
446 1979 548 2045 fuisse
566 1981 688 2046 bellum
713 1979 832 2060 civile,
855 1994 1014 2061 quantum
1035 1979 1074 2044 ad
1094 1980 1206 2044 hostes
1229 1977 1318 2060 prin-

149 2092 271 2174 cipales
302 2090 430 2156 attinet.
489 2091 576 2155 Nam
607 2106 638 2156 et
666 2089 852 2174 praefectus
889 2110 954 2172 qua
991 2089 1176 2172 praefectus
1207 2103 1256 2154 est
1288 2102 1319 2152 et

148 2202 306 2284 Princeps
350 2221 414 2283 qua
455 2201 612 2284 Prlnceps
656 2222 730 2284 pars
774 2201 929 2267 videntur
970 2201 1190 2284 reipublicae,
1235 2200 1321 2264 sicut

150 2313 298 2397 theologi
319 2317 329 2352 ¹
349 2313 505 2393 tradunt,
538 2313 595 2378 ubi
629 2313 669 2377 de
701 2313 921 2396 abjudicando
955 2311 1156 2378 Pontificatu
1190 2311 1318 2395 agitur,

151 2424 185 2488 in
207 2445 246 2490 co
267 2423 396 2508 judicio
425 2424 544 2506 Papam
569 2444 634 2489 non
656 2438 755 2506 caput
773 2424 831 2489 sed
848 2426 1028 2488 membrum
1060 2445 1128 2491 esse
1153 2422 1319 2488 ecclesiae.

151 2536 261 2621 Quare
291 2535 416 2601 etiamsi
447 2535 513 2600 vim
542 2536 663 2599 nullam
684 2548 835 2599 armatam
856 2535 969 2600 hostes
989 2535 1112 2617 priores
1132 2535 1321 2599 intulissent

150 2663 207 2713 aut
220 2649 277 2730 jus
289 2647 435 2731 gentium
448 2647 649 2726 violassent,
661 2661 767 2711 tamen
781 2647 986 2712 denuntiatio
998 2667 1064 2712 non
1078 2647 1319 2729 requireretur,

151 2778 235 2839 qnae
259 2759 346 2823 bello
371 2774 505 2824 externo
525 2757 656 2841 propria
675 2772 742 2824 est:
766 2773 804 2822 ut
823 2759 951 2841 egregie
972 2757 1115 2822 diximus
1126 2757 1319 2822 Ciceronem

151 2869 305 2954 colligere
335 2889 401 2935 non
431 2889 500 2936 esse
532 2871 654 2935 belluni
685 2891 744 2953 per
771 2871 897 2954 legatos
916 2869 1124 2934 indicendum
1147 2867 1320 2946 Antonio,

151 3001 350 3063 quamquam
367 2981 495 3047 consuli
508 3029 520 3061 ,
546 2983 609 3046 hoc
626 2996 675 3048 est
685 2980 887 3066 magistratui
900 3001 1027 3046 summo
1040 2980 1154 3063 populi
1167 2978 1319 3044 Romani.

151 3092 236 3156 Nam
271 3107 303 3156 et
335 3112 409 3158 cum
440 3090 615 3174 Tarquinii
648 3093 782 3176 publico
817 3093 948 3158 decreto
983 3091 1124 3157 damnati
1159 3089 1325 3170 fuerunt,

151 3204 275 3268 bellum
293 3203 362 3287 regi
382 3203 541 3269 indictum
561 3223 628 3269 non
649 3220 716 3270 est:
741 3205 832 3286 quod
851 3221 958 3270 tamen
984 3205 1105 3269 bellum
1127 3223 1166 3268 eo
1190 3202 1321 3268 nomine

152 3314 262 3379 minus
281 3317 407 3399 justum
430 3335 525 3382 nemo
543 3317 751 3382 calstimavit.
777 3317 853 3382 Sola
866 3316 967 3401 igitur
979 3315 1138 3382 sententia
1150 3315 1320 3380 sufficeret.
1335 3333 1479 3432 napasn.

154 3425 321 3492 Sententia
351 3443 457 3493 autem
480 3444 512 3492 et
535 3443 647 3493 contra
680 3421 846 3494 Albanum
880 3428 952 3496 data
985 3445 1034 3494 est
1063 3430 1103 3492 ab
1128 3398 1406 3492 Hollandiae⁰'⁶¹⁶'
1435 3417 1441 3430 '

155 3536 362 3619 Ordinibus,
395 3553 428 3602 et
450 3554 562 3604 contra
591 3540 781 3624 Philippum
812 3557 882 3606 tnm
903 3544 943 3606 ab
967 3540 1019 3607 his
1042 3539 1145 3623 ipsis,
1177 3556 1247 3604 tum
1283 3539 1323 3603 ab

154 3649 290 3715 aliarum
312 3650 481 3716 nationum
503 3673 540 3718 ac
563 3653 666 3718 totius
687 3652 754 3718 fere
775 3653 880 3738 Belgii
904 3653 1085 3719 Ordinibus
1099 3655 1132 3720 in
1145 3655 1322 3720 concilium

155 3760 299 3844 legitime
321 3763 521 3828 convocatis.
567 3765 604 3830 In
624 3763 793 3831 Lusitanis
815 3780 924 3830 autem
942 3786 980 3831 eo
993 3785 1045 3831 res
1058 3781 1106 3832 est
1119 3768 1323 3850 expeditior,

156 3872 235 3953 quia
268 3876 360 3939 nullo
393 3872 577 3939 Doctorum
614 3875 825 3941 dissentiente
859 3877 1052 3944 tradidimus
1085 3895 1203 3962 coepto
1237 3883 1323 3948 bello

157 3985 314 4051 adversus
336 3985 503 4068 aliquem,
526 3989 625 4054 sociis
647 4004 680 4055 et
702 3990 844 4055 subditis
867 3992 1020 4060 omnibus
1042 3992 1114 4075 ipso
1139 3991 1225 4057 lacto
1246 3991 1324 4056 satis

157 4100 318 4166 indictum
342 4103 463 4167 bellum
487 4104 635 4184 censeri,
659 4125 733 4170 cum
758 4125 825 4170 non
846 4123 985 4189 possent
1006 4128 1073 4174 non
1096 4111 1209 4179 hostes
1232 4136 1323 4197 esse,

127 4285 131 4293 ⁵
156 4211 215 4292 qui
238 4230 272 4275 se
296 4213 383 4277 hosti
407 4229 629 4299 aggregarent.
672 4215 745 4280 Nec
767 4217 947 4301 quidquam
969 4223 1079 4289 obstat
1101 4226 1159 4292 hac
1182 4231 1215 4296 in
1235 4251 1324 4316 parte

158 4366 347 4380 Ἢ

192 4449 199 4480 ¹
219 4451 281 4502 silv.
300 4454 325 4501 in
344 4469 369 4502 v.
387 4457 461 4515 Papa.
479 4469 504 4504 n.
521 4471 546 4518 4.
