3450 5434
506 621 552 666 ou
575 622 669 685 June
695 621 878 668 anatona.
904 624 982 669 car.
1008 625 1083 670 xtv.
1319 627 1380 691 313

207 791 245 842 ut
272 791 399 860 praeter
424 775 573 859 justitiae
606 775 735 840 laudem
765 774 973 843 fortitudinis
1005 778 1101 844 etiarn
1131 779 1230 846 decus
1262 781 1381 847 merito

205 889 268 953 sibi
297 888 475 954 vindicent.
521 888 640 970 Neque
667 908 748 953 vero
775 888 926 955 dubitare
955 891 1057 972 licet,
1083 912 1166 972 quae
1188 890 1271 957 faeta
1291 893 1385 958 vitu-

206 1000 352 1083 perium,
386 1020 468 1086 quae
497 1016 610 1065 contra
642 1000 743 1084 gloria
772 1016 954 1083 sequatur,
988 1017 1021 1068 et
1039 1022 1123 1085 quae
1152 1003 1186 1069 in
1206 1019 1381 1086 utramque

206 1127 329 1195 partem
363 1112 484 1195 sperari
519 1112 635 1177 debeat
669 1113 795 1197 generis
829 1114 964 1201 humani
1000 1115 1211 1182 existimatio.
1264 1117 1383 1183 Memi-

205 1223 349 1290 nerimus
384 1225 614 1307 exprobratum
651 1224 824 1293 Hollandis
859 1224 962 1292 fuisse
997 1229 1037 1292 ab
1071 1228 1161 1293 Indis
1186 1228 1381 1312 nobilibuS,

206 1336 297 1418 quod
326 1335 432 1418 primo
467 1335 581 1401 itinere
614 1336 692 1401 dum
725 1338 795 1421 paci
829 1340 984 1419 student,
1017 1350 1160 1421 quatuor
1192 1360 1290 1406 naves
1326 1341 1383 1406 uni
1458 1423 1462 1432 Ι

204 1447 439 1514 Lusitanorum
473 1468 620 1513 caraccae
653 1450 726 1514 vela
759 1451 986 1517 submiserant.
1043 1452 1294 1518 Meminerimus
1332 1454 1382 1518 in-

206 1559 324 1625 citatos
360 1579 429 1626 esse
465 1560 595 1626 eosdem
620 1580 637 1624 a
666 1561 883 1644 Sinensibus,
920 1583 959 1628 ne
993 1582 1140 1644 eousque
1163 1563 1281 1629 famam
1306 1585 1383 1631 con-

206 1687 411 1752 temnerent,
447 1687 484 1736 ut
516 1671 627 1737 socios
662 1673 872 1739 Macaiintcm
907 1675 949 1740 ad
982 1676 1094 1740 urbem
1131 1674 1163 1739 in
1199 1675 1383 1758 patibulum

204 1784 353 1848 sublatos
383 1784 530 1865 marique
559 1786 765 1864 submersos,
789 1807 822 1852 se
846 1787 979 1868 quidem
1004 1787 1236 1870 invitissimis,
1261 1788 1384 1856 inultos

205 1909 402 1979 paterentur.
439 1894 528 1960 Tum
550 1915 627 1960 vero
647 1895 754 1960 animo
775 1913 1052 1992 repraesentemus
1071 1895 1169 1964 festas
1190 1899 1380 1966 Bantamen·

204 2008 292 2073 sium
327 2007 596 2087 acclamationes,
630 2008 688 2089 qui
716 2009 899 2075 imminenti
933 2010 1063 2076 excidio
1096 2013 1255 2077 subtracti
1288 2013 1382 2077 Bata-

207 2139 321 2185 vorum
345 2119 487 2199 virtute,
511 2121 645 2185 classem
669 2120 755 2185 illam
776 2121 943 2186 victricem
966 2137 1002 2188 ut
1021 2123 1150 2188 unicam
1169 2143 1247 2189 suae
1267 2125 1382 2190 salutis

205 2248 369 2297 auctorem
391 2233 584 2297 salutarunt.
617 2233 752 2318 Quanta
773 2233 849 2297 hinc
875 2233 958 2298 fama
982 2255 1040 2316 per
1062 2235 1212 2302 insulas?
1239 2251 1383 2317 quantus

206 2345 238 2408 in
271 2347 382 2410 hostes
412 2343 540 2408 terror?
592 2345 695 2430 Quod
726 2365 805 2411 vero
828 2346 914 2430 regis
933 2346 1079 2430 Jorensis
1103 2346 1281 2432 gaudium,
1307 2364 1380 2412 curn

204 2474 315 2540 captae
338 2476 488 2522 caruccae
516 2456 665 2520 transtris
688 2456 754 2541 jam
776 2476 935 2538 securus,
957 2459 1022 2542 jam
1047 2457 1232 2524 vindicatus
1252 2457 1380 2524 insiste-

203 2569 278 2634 ret?
304 2569 394 2633 Haec
415 2567 471 2633 illa
490 2582 568 2633 sunt
590 2565 695 2649 facta,
721 2589 804 2662 quae
828 2568 964 2653 gloriam
986 2570 1123 2635 Batavae
1135 2571 1240 2654 gentis
1254 2570 1287 2634 in
1301 2573 1380 2636 ulti·

202 2700 274 2747 mos
296 2680 409 2746 mundi
431 2678 587 2745 terminos
618 2680 819 2745 extulerunt.
869 2681 1049 2746 Fatendum
1073 2680 1182 2762 enim,
1207 2681 1376 2747 fatendum

202 2807 269 2858 est:
293 2791 420 2874 etquis
440 2789 569 2856 nescit?
595 2791 836 2856 Hollandorum
858 2813 977 2858 nomen
1000 2809 1074 2858 ante
1095 2794 1175 2859 haec
1200 2794 1284 2858 bella
1309 2794 1377 2860 exi·

203 2905 276 2990 guis
305 2903 440 2970 notitiae
470 2903 593 2970 finibus
616 2917 807 2968 contentum
832 2903 907 2970 fuit.
956 2905 1051 2970 Freta
1078 2905 1167 2985 duo,
1192 2905 1225 2969 in
1249 2921 1378 2989 septen-

201 3017 339 3083 trionem
373 3016 601 3097 Cimbrieum,
634 3015 667 3079 in
702 3016 904 3082 occidentem
941 3015 1142 3083 Gaditanum
1178 3037 1227 3084 res
1265 3039 1377 3084 eorum

202 3128 385 3211 famamque
418 3149 526 3194 rerum
561 3129 769 3193 incluserant.
816 3128 933 3194 Hostis
960 3129 1099 3211 Hispani
1122 3130 1292 3196 celebritas
1317 3131 1376 3196 ali·

204 3257 364 3324 quantum
393 3239 528 3324 profuit.
582 3240 735 3306 Innotuit
764 3240 849 3305 enim
873 3241 1004 3326 longius
1034 3231 1174 3324 positis,
1200 3243 1232 3308 in
1257 3243 1374 3311 ultimo

204 3351 317 3418 oceani
348 3354 469 3437 angulo
503 3352 652 3436 exiguam
688 3371 757 3418 esse
779 3352 970 3434 nationem,
995 3373 1079 3435 quae
1102 3373 1168 3420 non
1193 3353 1376 3421 dubitasset

205 3463 413 3546 Hispanicum
444 3463 701 3548 magnitudinem
734 3465 768 3530 in
791 3486 825 3532 se
847 3466 973 3531 irritare
998 3482 1096 3548 atque
1120 3466 1215 3533 etiam
1238 3466 1375 3534 feliciter

203 3591 254 3641 tot
274 3596 332 3659 per
350 3594 453 3641 annos
476 3577 658 3642 retundere.
696 3577 874 3658 Postquam
899 3578 940 3642 ad
961 3577 1062 3645 Indos
1080 3594 1240 3659 ventum,
1264 3579 1376 3645 habita

202 3686 249 3751 ibi
279 3688 517 3754 Hollandorum
539 3688 645 3770 ratio,
670 3688 777 3769 qualis
801 3688 913 3753 haberi
938 3704 1153 3754 mercatorum
1176 3690 1278 3754 solet:
1304 3692 1376 3756 lau·

203 3801 277 3867 data
305 3800 387 3867 fides
419 3815 450 3866 et
481 3799 665 3881 industria,
697 3814 729 3864 et
757 3800 849 3882 quod
876 3815 1002 3865 tantum
1026 3799 1124 3865 maris
1148 3801 1377 3884 enavigassent

202 3913 469 3979 commerciorum
502 3913 614 3997 gratia.
662 3913 728 3978 Sed
756 3912 980 3996 praeradiabat
1003 3911 1112 3997 fulgor
1136 3911 1276 3978 eximius
1298 3913 1376 3979 His-

202 4046 385 4109 panorum,
418 4024 477 4107 qui
501 4023 679 4089 domitores
701 4024 805 4090 totius
828 4045 929 4108 prope
956 4024 1045 4091 orbis
1067 4039 1098 4089 et
1121 4025 1183 4091 soli
1205 4024 1374 4092 hominum

203 4137 320 4204 invicti
353 4137 575 4203 credebantur.
633 4136 779 4202 Oderunt
813 4137 946 4219 quidem
979 4137 1157 4204 Lusitanos
1188 4136 1283 4217 Indi,
1320 4140 1375 4204 sed

203 4250 333 4315 interim
354 4249 541 4314 metuebant
562 4264 594 4313 et
616 4249 856 4314 venerabantur
879 4248 999 4329 etiam,
1024 4249 1110 4315 sicut
1128 4249 1277 4314 audimus
1290 4252 1377 4333 apud

204 4363 354 4429 barbaras
378 4376 491 4445 gentes
515 4361 642 4427 Genios
667 4363 768 4426 malos
788 4361 831 4426 ob
844 4363 908 4427 hoc
922 4382 1045 4442 unum,
1070 4377 1282 4442 nenoceant,
1300 4363 1374 4428 coli.

204 4474 335 4539 Insulas
370 4489 402 4538 et
422 4473 556 4553 littora,
580 4493 664 4554 quae
685 4473 823 4558 imperio
845 4494 911 4540 non
934 4489 1104 4557 poterant,
1129 4474 1321 4540 auctoritate
1345 4491 1377 4540 et
