3450 5434
422 681 430 688 .
515 640 563 688 DE
585 640 680 707 Juttn
706 639 889 688 Pannona.
913 641 992 690 GAP.
1016 641 1056 688 112
1336 641 1376 704 19

201 797 325 881 tacita,
350 795 412 863 alia
434 815 584 878 expressa
606 809 665 862 est.
711 793 828 862 Tacita
851 815 891 861 ex
913 795 1008 881 signo
1030 794 1265 878 qualicunque.
1309 793 1375 858 Ex-

203 929 312 995 pressa
344 928 384 974 ex
413 927 452 973 eo
485 906 606 992 signu,
639 905 731 988 quod
749 905 958 992 singulariter
979 905 1105 974 homini
1126 906 1220 974 Deus
1243 925 1318 973 eum
1342 905 1376 970 in

202 1041 299 1087 usum
321 1019 436 1102 dedit,
459 1036 609 1084 sermone
631 988 757 1084 scilicet
780 1019 810 1082 ¹:
832 1018 926 1100 quod
944 1033 1094 1085 sanctum
1115 1017 1197 1084 adeo
1217 1032 1250 1084 et
1269 1015 1376 1085 invio·

202 1133 300 1200 labile
331 1132 471 1197 habetur
502 1129 543 1195 ad
575 1128 844 1196 communicanda
878 1131 964 1195 bona
991 1145 1024 1195 et
1042 1129 1214 1197 hominum
1237 1129 1322 1196 iuter
1341 1149 1377 1197 se

202 1245 389 1310 voluntates
421 1241 697 1322 instrumentum,
732 1254 771 1304 ut
802 1240 950 1306 omnium
972 1260 1137 1309 consensu
1157 1242 1285 1307 nullum
1306 1259 1377 1325 gra-

201 1356 278 1423 vius
296 1354 454 1421 habeatur
472 1351 685 1435 opprobrium
706 1351 878 1418 mendacio
900 1346 923 1418 ¹.
969 1352 1016 1418 Et
1027 1353 1090 1420 ista
1098 1367 1270 1437 pactorum
1283 1351 1376 1437 origo

203 1482 274 1549 est,
298 1486 383 1550 quae
405 1462 632 1548 conjungenda
659 1477 731 1544 est,
756 1477 794 1530 ut
816 1462 912 1546 dixi,
939 1484 1016 1531 eum
1038 1465 1110 1550 lege
1132 1479 1244 1544 sexta,
1279 1483 1377 1546 quarn

202 1579 377 1663 respiciens
400 1574 586 1643 Simonides
604 1575 765 1659 justitiam
789 1574 966 1657 delinivit,
1000 1593 1115 1645 rerum
1138 1576 1248 1643 dicere
1267 1591 1298 1642 et
1322 1599 1377 1643 ac·

202 1705 329 1778 ceptum
353 1684 523 1756 reddere³.
556 1687 603 1752 Et
621 1686 782 1754 Platonici
805 1707 902 1771 saepe
922 1687 1377 1772 justitiamdailcusrvocant,

204 1802 418 1868 Fidelitatem
441 1798 610 1867 transtulit
627 1799 793 1884 Apulejus
812 1797 836 1865 ⁴.
882 1798 946 1864 His
964 1798 1011 1865 ita
1028 1798 1219 1868 constitutis
1239 1821 1314 1867 cum
1325 1821 1378 1867 ac·

203 1913 325 1979 cideret
347 1928 385 1978 ut
404 1912 524 1995 multi,
548 1930 632 1994 quae
654 1910 824 1976 hominurn
845 1910 1064 1992 quorumdam
1089 1931 1129 1977 ex
1147 1927 1303 1997 corrupto
1326 1908 1377 1981 in·

204 2026 301 2112 genio
332 2023 455 2090 malitia
487 2037 558 2106 est,
591 2036 648 2088 aut
679 2013 938 2108 obligationibus
970 2043 1037 2090 non
1068 2023 1293 2092 satisfacerent
1322 2040 1380 2092 aut

204 2138 299 2204 etiam
319 2135 469 2203 fortunas
493 2135 612 2201 alienas
633 2135 803 2218 ipsamque
821 2135 924 2201 vitam
942 2134 1153 2220 impeterent,
1183 2137 1284 2220 idque
1302 2139 1379 2221 plu*

203 2249 321 2314 rituum
351 2248 485 2331 impune
503 2245 642 2330 ferrent,
667 2245 745 2329 quia
763 2247 867 2330 parati
896 2248 1098 2331 improvidos
1120 2264 1178 2316 aut
1196 2249 1292 2316 multi
1310 2249 1378 2315 sin·

205 2362 299 2446 gulos
323 2360 571 2440 adoriebantur,
593 2379 683 2426 novo
708 2358 853 2425 remedio
873 2379 957 2443 opus
977 2359 1061 2441 suit,
1084 2379 1127 2427 ne
1144 2362 1305 2428 humanae
1325 2381 1379 2428 so-

203 2473 331 2540 cietatis
349 2475 435 2558 leges
456 2471 617 2539 invalidae
639 2467 943 2553 destituerentur⁵,
969 2489 1173 2540 excrescente
1191 2472 1378 2556 praesertim

205 2583 239 2650 in
260 2603 328 2650 eam
352 2583 595 2650 multitudinem
618 2585 960 2666 hominumnumero,
983 2599 1023 2650 ut
1034 2585 1233 2671 longissimis
1245 2583 1378 2652 discreti

205 2694 319 2779 spatiis
345 2694 569 2762 benefaciendi
598 2693 682 2762 inter
712 2713 747 2760 se
779 2694 967 2762 occasiones
986 2694 1181 2764 amitterent.
1226 2696 1378 2764 Minores

205 2807 307 2892 igitur
328 2807 501 2874 societates
522 2825 624 2874 unum
648 2807 682 2873 in
703 2807 813 2872 locum
833 2807 983 2872 homines
1005 2807 1158 2892 colligere
1180 2822 1379 2892 coeperunt,

205 2937 271 2984 non
284 2939 351 3001 quo
363 2918 472 3000 illam,
486 2939 569 3001 quae
581 2919 711 2986 cunctis
731 2916 921 2986 hominibus
934 2915 1123 3000 intercedit,
1134 2921 1305 3001 tollerent,
1323 2919 1382 2987 sed

206 3044 244 3095 ut
264 3049 332 3095 eam
352 3029 484 3096 certiori
505 3030 667 3114 praesidio
691 3029 919 3096 immunirent:
940 3029 1039 3096 simul
1060 3030 1175 3110 etiam,-
1199 3045 1237 3096 ut
1254 3034 1380 3115 multa,

207 3161 291 3222 quae
318 3141 479 3208 humanae
510 3141 597 3208 vitae
620 3162 701 3210 usus
723 3143 887 3226 postulat,
907 3141 1060 3209 distincta
1082 3144 1262 3209 multorum
1282 3161 1380 3227 opera

205 3251 409 3319 commodius
430 3251 667 3320 conferrentur.
713 3253 867 3340 Quippe,
888 3269 926 3319 ut
943 3249 1165 3339 significanter
1184 3251 1295 3336 inquit
1312 3254 1380 3320 Pli-

205 3364 281 3431 nius
301 3371 331 3446 ⁸,
354 3364 507 3431 discretis
535 3365 666 3451 quidem
686 3367 776 3430 bonis
798 3369 960 3448 omnium,
984 3385 1045 3431 sun
1065 3367 1223 3452 cujusque
1245 3364 1293 3432 ad
1313 3371 1365 3432 sin

203 3475 298 3562 gulos
311 3476 425 3553 mala,
452 3481 585 3543 sociatis
605 3491 714 3543 autem
734 3489 835 3562 atque
848 3481 1035 3564 permittis,
1061 3476 1269 3564 singulorum
1288 3477 1381 3543 mala

207 3586 254 3652 ad
275 3591 456 3671 neminem,
490 3588 537 3654 ad
553 3606 658 3653 omncs
690 3592 832 3654 omnium
863 3588 947 3654 bona
961 3591 1145 3676 pertinent.
1198 3589 1245 3655 Et
1266 3589 1299 3655 in
1320 3590 1381 3655 hac

207 3718 254 3776 re,
275 3698 365 3764 utin
384 3698 457 3766 aliis
473 3700 638 3779 omnibus,
660 3699 801 3766 humana
823 3699 985 3766 industria
1002 3714 1149 3766 naturam
1168 3701 1293 3768 imitata
1312 3717 1380 3785 est,

208 3830 292 3892 quae
312 3809 457 3878 universi
478 3811 760 3879 conservationem
784 3810 919 3878 loedere
940 3812 1081 3894 quodam
1104 3832 1212 3880 rerum
1234 3814 1380 3880 omnium

208 3921 358 3990 firmavit.
383 3922 473 3988 Haec
491 3921 593 4008 igitur
611 3922 717 3989 minor
731 3922 870 3992 societas
890 3940 1052 3990 consensu
1064 3924 1206 4007 quodam
1217 3940 1382 3992 contracta

219 4095 223 4109 ,

243 4193 346 4244 ¹Arlst.
369 4195 400 4244 de
423 4207 477 4254 rep.
500 4197 517 4242 l.
544 4207 564 4244 1.
588 4207 611 4244 c.
636 4208 660 4243 n.
686 4193 725 4259 [p.
746 4207 817 4254 cass.
838 4209 859 4245 ι.
877 4208 916 4244 vs.
936 4193 988 4259 14]
1007 4196 1024 4243 l.
1040 4196 1135 4244 Labeo.
1152 4197 1174 4258 ς.
1192 4211 1215 4245 a.
1233 4198 1258 4244 n.
1277 4197 1308 4246 de
1326 4212 1381 4261 sup.

208 4287 256 4347 leg.
282 4283 328 4349 [ll.
353 4296 393 4343 8³·
418 4293 456 4334 10.
471 4283 511 4349 7.]
529 4287 547 4334 1.
564 4299 616 4334 non
632 4284 720 4346 figura.
738 4286 764 4335 ff.
782 4287 814 4334 de
832 4285 885 4336 obl.
902 4297 927 4336 et
944 4299 993 4335 act.
1012 4284 1058 4350 [D.
1074 4299 1116 4349 44.
1133 4295 1158 4345 7.
1176 4285 1229 4350 sd]
1248 4287 1338 4338 Tlrotn.
1357 4303 1381 4339 a.

210 4385 232 4424 a.
257 4389 283 4436 q.
312 4389 367 4440 rep.
390 4386 436 4425 art.
461 4389 487 4434 5.
520 4374 724 4436 ’Romrtnu
758 4375 858 4427 ³Plato
876 4379 908 4427 de
924 4379 1013 4439 repul.
1034 4389 1055 4426 1.
1075 4378 1114 4439 [p.
1132 4377 1285 4442 saun]
1320 4380 1382 4429 'de’

208 4467 269 4516 Pla-t.
298 4467 364 4529 [vol.
390 4481 413 4515 n.
437 4481 463 4528 p.
489 4466 561 4532 nep]
596 4467 606 4500 ⁶
633 4483 659 4518 v.
684 4469 747 4518 Plat.
771 4469 846 4520 Polie.
872 4466 1001 4532 [passim]
1027 4481 1052 4517 et
1070 4471 1102 4519 dn
1119 4482 1173 4530 rep.
1190 4472 1208 4519 l.
1226 4483 1249 4519 a.
1266 4468 1306 4535 [p.
1323 4471 1381 4535 adp.

209 4557 235 4606 b.
252 4557 289 4622 c.]
323 4557 515 4620 ‘Puneqyrlon
534 4556 572 4622 [c.
588 4571 630 4618 so.
648 4559 669 4622 s.
685 4558 724 4624 st]

157 4653 164 4664 .
1122 4650 1161 4715 2*
