3450 5434
382 636 443 711 258
695 647 742 691 nr:
765 646 857 711 Juua
884 644 1066 691 runuunn.
1092 644 1161 690 cnr
1186 644 1252 689 xu.

381 801 503 867 tionem
526 820 599 866 cum
622 800 737 867 exsilio
758 815 816 866 aut
838 798 987 877 infamia,
1011 799 1188 881 pleraeque
1211 818 1290 863 vero
1311 812 1449 863 mortem
1472 795 1558 862 irro-

383 926 472 995 gant.
518 912 587 977 Has
608 909 712 996 igitur
732 929 854 994 poenas
877 929 975 989 cum,
999 924 1036 974 ut
1060 928 1136 974 mox
1149 908 1316 991 dipemus,
1327 908 1455 992 judicio
1469 908 1556 993 exigi

382 1042 448 1086 non
480 1036 639 1104 possent,
671 1022 767 1087 aruris
800 1021 929 1105 exigere
957 1019 1053 1086 licuit
1085 1025 1117 1083 ¹:
1148 1018 1312 1101 siquidem
1342 1034 1375 1085 et
1408 1038 1466 1085 eos
1494 1018 1556 1101 qui

381 1133 460 1198 alias
481 1133 620 1217 subjecti
643 1132 739 1199 nobis
762 1152 828 1197 non
848 1147 949 1213 sunt,
972 1132 1014 1197 ad
1024 1129 1231 1213 punitionem
1246 1145 1456 1213 peccatorum
1470 1150 1558 1213 quae

382 1243 416 1307 in
443 1264 503 1309 nos
538 1242 793 1323 commiserunt,
827 1257 914 1309 recte
944 1242 1031 1309 bello
1054 1242 1121 1325 peti
1145 1243 1402 1309 demonstratum
1424 1257 1499 1321 est,
1525 1257 1559 1307 et

383 1354 443 1436 qui
471 1355 561 1438 iuste
591 1354 715 1420 bellum
742 1353 849 1438 gerit,
874 1374 947 1419 eum
971 1374 1030 1436 per
1052 1353 1160 1419 omnia
1181 1352 1305 1437 judicis
1325 1352 1473 1436 accipere
1496 1372 1559 1436 po·

383 1480 543 1532 testatem.
591 1464 761 1530 Hactenus
789 1464 829 1530 de
860 1463 986 1529 causis:
1016 1465 1082 1549 jam
1105 1465 1147 1531 de
1168 1463 1321 1531 hostibus
1344 1463 1425 1547 ipsis
1443 1463 1559 1529 videa·

247 1593 284 1639 m
298 1596 369 1659 canu.
383 1596 469 1642 mus.
513 1576 646 1661 Justum
678 1576 780 1661 igitur
811 1576 934 1641 bellum
962 1594 1032 1641 esse
1055 1575 1269 1658 probavimus
1292 1575 1326 1640 in
1349 1575 1500 1661 singulos
1525 1591 1560 1641 et

240 1647 284 1747 irs·
298 1658 369 1694 ‘m'
383 1688 417 1754 in
448 1686 706 1769 rempublicam,
741 1686 800 1769 qui
839 1706 965 1768 quaeve
994 1686 1132 1770 cujusve
1161 1686 1368 1771 magistratus
1401 1687 1558 1771 injuriam

383 1796 557 1878 fecerunt,
592 1812 625 1863 et
655 1797 695 1863 in.
710 1797 963 1880 rempublicam,
993 1817 1077 1878 quae
1099 1797 1205 1863 civem
1230 1797 1366 1882 injuriae
1387 1814 1558 1867 auctorem

383 1924 513 1975 tuetur:
549 1908 695 1990 itemque
729 1908 763 1972 in
795 1927 907 1973 eorum
942 1907 1111 1989 omnium,
1147 1909 1206 1991 qui
1228 1908 1355 1975 faciunt
1378 1910 1558 1995 injuriam,

383 2022 491 2087 socios
522 2020 755 2103 subditosque.
799 2020 873 2085 Peti
904 2020 1006 2105 igitur
1036 2021 1123 2086 bello
1153 2036 1333 2103 potuerunt
1356 2042 1374 2087 a
1398 2022 1558 2089 societate

383 2132 748 2198 IndicaHollandorum
771 2131 877 2214 primo
901 2132 975 2197 loco
996 2131 1118 2217 singuli
1131 2130 1388 2212 Lusitanorum,
1414 2152 1559 2214 quorum

383 2244 544 2310 istasunt
566 2241 735 2323 facinora,
758 2262 842 2325 quae
863 2257 938 2307 ante
961 2242 1174 2309 narravimus.
1221 2244 1373 2309 Secundo
1394 2246 1470 2311 loco
1491 2264 1559 2309 res-

383 2353 537 2439 publica,
555 2353 625 2421 sive
646 2356 790 2436 populus
807 2352 1037 2420 Lusitanicus:
1057 2352 1140 2419 nihil
1161 2354 1246 2420 enim
1266 2369 1356 2420 vetat
1377 2357 1559 2437 quominus

384 2466 507 2532 bellurn
537 2464 583 2530 sit
612 2464 777 2548 privatum
809 2485 851 2531 ex
879 2484 943 2530 una
972 2479 1086 2547 parte,
1108 2464 1278 2548 publicum
1304 2486 1343 2531 ex
1374 2470 1499 2551 altera,
1525 2487 1558 2537 et

382 2578 509 2661 justum
542 2597 582 2642 ex
613 2596 649 2641 ea
680 2589 772 2659 parte
796 2594 861 2657 qua
883 2574 1048 2658 privatum
1075 2592 1144 2658 est,
1170 2590 1208 2641 ut
1230 2577 1350 2643 bellum
1375 2578 1558 2647 Abrahami

386 2688 542 2755 adversus
572 2706 688 2771 reges,
718 2685 802 2752 forte
834 2701 868 2752 et
900 2686 1042 2753 Davidis
1076 2702 1190 2754 contra
1218 2690 1363 2757 Saiilem.
1407 2690 1558 2775 Populus

385 2815 493 2866 autem
520 2798 733 2863 Lusitanicus
768 2797 890 2863 bellum
920 2798 1041 2863 meruit
1073 2799 1198 2883 duplici
1230 2801 1271 2867 de
1304 2822 1413 2869 causa.
1461 2804 1557 2870 Prior

384 2926 456 2993 est,
480 2911 573 2993 quod
594 2910 665 2994 ipse
685 2929 743 2992 per
764 2928 799 2973 se
821 2928 923 2991 perve
945 2909 1155 2994 magistratus
1177 2931 1255 2978 suos
1277 2913 1397 2979 Indicis
1410 2916 1560 3000 negotia-

385 3022 515 3088 toribus
546 3020 697 3105 injuriam
729 3018 820 3087 fecit.
875 3018 999 3085 Omnes
1022 3017 1034 3053 ²
1057 3019 1200 3088 fatentur
1232 3024 1459 3091 universitatis
1488 3046 1560 3093 esse

386 3154 422 3200 ea
454 3132 564 3213 facta,
594 3152 680 3214 quae
711 3128 846 3215 publico
878 3130 1019 3197 consilio
1042 3132 1249 3214 acciderun13
1274 3152 1330 3202 aut
1354 3136 1451 3204 etiam
1474 3159 1561 3222 quae

385 3264 403 3310 a
425 3247 548 3328 majore
571 3258 662 3326 parte
684 3256 742 3309 aut
763 3239 1006 3327 magistratibus
1027 3242 1156 3311 decreta
1170 3262 1269 3329 sunt,
1293 3251 1384 3330 quod
1405 3272 1466 3317 nos
1478 3256 1559 3321 alibi

227 3380 268 3425 nx
289 3380 372 3446 arsaof.
386 3353 693 3421 demonstravimus.
736 3352 875 3419 Publico
910 3352 1050 3421 consilio
1077 3355 1196 3424 missus
1219 3359 1434 3443 Emmanuel,
1458 3363 1561 3433 frater

222 3433 372 3535 iiim
386 3468 458 3551 eJ'us
478 3464 536 3548 qui
560 3464 654 3531 Goae
674 3465 899 3548 praesidebat,
924 3482 998 3531 cum
1018 3467 1179 3550 navibus,
1205 3484 1243 3535 ut
1254 3470 1439 3539 Hollandos
1450 3477 1561 3559 primo

386 3598 498 3644 eorum
521 3578 665 3645 adventu
686 3576 775 3643 bello
797 3592 1072 3660 persequeretur,
1097 3578 1162 3645 imo
1187 3596 1219 3646 et
1238 3579 1271 3645 in
1284 3602 1341 3649 eos
1352 3584 1560 3673 vindicaret,

227 3712 371 3760 mama.
387 3690 444 3772 qui
464 3709 574 3756 secum
598 3689 750 3771 persequi
773 3690 912 3755 nollent.
959 3690 1096 3755 Publico
1120 3692 1259 3759 consilio
1283 3694 1364 3761 aliae
1387 3711 1421 3762 et
1446 3701 1561 3781 plures

386 3802 503 3868 iterum
533 3820 652 3879 naves,
685 3799 797 3865 accitis
827 3814 861 3865 et
890 3800 1149 3868 Castellanorum
1177 3804 1335 3887 auxiliis,
1357 3807 1392 3873 in
1416 3808 1562 3881 Batavos

226 3929 560 3987 aaarsaffiarmantur.
616 3913 754 3979 Publico
785 3913 926 3979 consilio
957 3928 1069 3979 coacta
1092 3914 1248 3981 terribilis
1281 3917 1336 3983 illa
1360 3921 1475 3989 classis
1495 3926 1562 3991 sub

387 4026 519 4092 Andrea
549 4024 759 4106 Furtadone,
782 4044 867 4107 quae
890 4024 1074 4091 Hollandos
1104 4046 1215 4092 ornnes
1237 4042 1269 4093 et
1291 4030 1348 4112 qui
1372 4032 1562 4104 Hollandos

385 4151 570 4221 receperant
595 4136 636 4202 ad
655 4136 920 4229 ¹internecionem
944 4136 1076 4203 deleret.
1123 4137 1279 4221 idemque
1311 4142 1457 4210 Furtado
1481 4168 1559 4215 cum

418 4375 426 4407 ¹
444 4376 475 4422 V.
493 4389 516 4424 c.
535 4389 559 4424 a.
575 4376 607 4424 ad
623 4388 675 4436 reg.
693 4388 717 4434 9.
730 4385 755 4422 et
771 4373 840 4422 Vlct.
856 4376 888 4422 de
904 4372 959 4430 jure
977 4374 1048 4423 belli.
1064 4388 1088 4422 n.
1105 4388 1142 4432 13.
1159 4388 1183 4424 et
1203 4390 1241 4439 19.
1267 4374 1278 4408 ²
1295 4380 1412 4429 Panonn.
1430 4384 1463 4430 ad
1475 4384 1561 4436 Cons.

383 4468 437 4515 Bas.
456 4471 529 4518 Alex.
546 4469 570 4515 6.
585 4482 657 4517 cons.
678 4480 714 4523 ¹3·
731 4468 781 4529 Jas.
798 4466 824 4513 in
842 4469 859 4513 l.
876 4466 977 4515 civitas.
993 4468 1014 4515 si
1029 4480 1091 4515 ccrt.
1106 4480 1157 4527 pct.
1178 4468 1220 4531 [D.
1241 4484 1277 4517 ra.
1296 4484 1317 4517 ι.
1335 4474 1388 4534 ²7·]
