3450 5434
369 662 388 704 2
684 660 732 705 Da
756 659 850 727 JURE
877 658 1062 705 PRAEDAE·
1089 657 1171 704 CAP·
1198 659 1223 704 l·

366 814 472 881 hostis
494 815 635 899 ignorat.
681 814 806 879 Contra
831 813 858 878 si
881 811 1016 879 fortuna
1035 813 1085 879 uti
1104 813 1233 896 placet,
1256 809 1347 876 dedit
1369 811 1462 877 Deus
1493 826 1542 874 te-

367 926 435 991 lum
466 925 499 990 in
532 925 602 1008 ipsa
642 924 768 1009 imperii
789 923 961 1008 Hispanici
982 925 1106 991 viscera
1128 939 1160 989 et
1178 943 1246 989 non
1268 923 1402 989 aliunde
1422 922 1543 990 certius

367 1035 524 1120 speranda
557 1037 698 1103 libertas.
742 1035 802 1103 Est
834 1051 941 1102 tamen
961 1051 995 1102 et
1016 1037 1050 1102 in
1070 1038 1135 1102 hoc
1158 1055 1284 1115 errore,
1308 1035 1399 1118 quod
1419 1035 1542 1119 patriae

367 1147 463 1213 liceat
492 1148 657 1232 gratulari.
724 1148 805 1214 Non
838 1148 1001 1214 mediocre
1032 1148 1228 1215 Batavorum
1258 1147 1464 1213 innocentiae
1493 1167 1542 1212 ar·

367 1266 558 1344 gumentttm
589 1271 660 1339 est,
691 1259 732 1325 ad
759 1276 795 1326 ea
826 1259 922 1328 etiam
955 1261 1124 1342 cunctari,
1153 1279 1236 1342 quae
1267 1257 1317 1325 fas
1337 1258 1483 1343 gentium
1511 1273 1545 1323 et

364 1371 439 1456 jura
459 1371 590 1455 publica
615 1371 822 1455 permittunt.
868 1372 949 1437 Non
968 1388 1078 1455 potest
1095 1371 1129 1436 in
1153 1371 1218 1438 illis
1235 1370 1364 1455 iustitia
1388 1390 1543 1453 umquam

365 1483 510 1567 requiri,
543 1503 610 1549 non
640 1483 814 1550 desiderari
843 1482 948 1566 fides,
965 1483 1024 1567 qni
1051 1484 1106 1568 jus
1137 1482 1222 1548 illud
1252 1481 1380 1549 cunctis
1411 1481 1544 1565 populis

367 1596 584 1664 certissimum
612 1610 645 1662 et
665 1596 705 1662 de
725 1615 793 1679 quo
816 1615 913 1662 nemo
933 1609 1060 1680 praeter
1082 1595 1172 1679 ipsos
1192 1594 1376 1674 dubitaret,
1396 1608 1462 1659 tam
1478 1595 1544 1660 sol-

366 1707 450 1773 liciti
472 1722 610 1774 tractant
631 1719 665 1774 et·
687 1699 780 1775 velut
801 1719 961 1792 suspenso
983 1707 1097 1793 gradu.
1143 1704 1211 1772 Sed
1230 1705 1434 1774 verissimum
1460 1704 1544 1771 illud

367 1817 520 1884 nimirum
549 1834 599 1886 est
632 1834 772 1903 utroque
803 1822 903 1885 latere
924 1819 1064 1886 virtutes
1083 1819 1176 1887 vitiis
1197 1817 1311 1885 ambiri
1334 1825 1366 1891 ¹,
1400 1816 1461 1884 etsi
1481 1816 1543 1883 alia

368 1929 594 2013 conspectiora
615 1945 712 2012 sunt,
736 1930 799 1996 alia
814 1930 970 1997 contrarii
994 1931 1070 1997 mali
1089 1928 1314 2014 magnitudine
1333 1927 1464 1996 facilius
1487 1928 1543 1994 de·

366 2041 533 2109 litescunt.
590 2041 645 2108 Sic
678 2041 755 2109 odio
788 2041 976 2109 iracundiae
1006 2041 1196 2126 oppositum
1218 2055 1406 2125 stuporem,
1444 2061 1541 2125 quem

365 2157 523 2238 οἰοογηοίοιν
553 2153 673 2220 Graeci
706 2153 860 2220 dixerunt
887 2149 925 2237 ²,
959 2154 1039 2220 adeo
1074 2154 1287 2238 ignoramus,
1323 2167 1360 2219 ut
1388 2171 1428 2217 ne
1450 2151 1543 2217 Lati·

367 2283 444 2330 num
466 2265 598 2348 quidem
620 2286 739 2332 nomen
763 2265 935 2333 invenerit.
992 2266 1056 2332 Est
1074 2282 1150 2332 sane
1175 2264 1306 2331 infamis
1330 2265 1430 2331 animi
1454 2284 1542 2330 mor-

367 2377 429 2442 bus
463 2377 533 2444 sine
561 2379 632 2444 ullo
654 2377 738 2464 iuris
768 2393 825 2445 aut
856 2378 987 2444 honesti
1011 2392 1161 2461 respectu
1178 2377 1318 2462 flagrans
1341 2377 1425 2443 lucri
1449 2375 1543 2460 cupi·

366 2487 430 2567 do,
462 2507 545 2572 quae
570 2493 781 2575 οοὶοχροκὲοδεοοο
797 2490 925 2556 Graece
948 2490 1081 2556 dicitur.
1126 2489 1192 2555 Sed
1211 2505 1322 2574 potest
1340 2505 1373 2554 et
1394 2489 1542 2555 altrinse-

368 2608 426 2664 cus
459 2601 611 2683 peccari,
647 2621 722 2668 cum
745 2603 852 2667 anxia
886 2602 1024 2685 quadam
1060 2617 1092 2667 et
1121 2597 1315 2686 scrupulosa
1345 2620 1452 2666 rerum
1475 2619 1541 2666 non

366 2823 451 2890 enim
483 2821 662 2907 sapientem
695 2839 729 2891 et
760 2826 884 2893 bonum
909 2826 1068 2893 Socratici
1099 2827 1240 2910 probant
1269 2845 1340 2892 esse
1367 2827 1541 2912 φιλοκερδῆ.

366 2931 429 3002 hoc
462 2949 511 3002 est
541 2927 733 3002 utilitatum
764 2958 903 3003 suarum
935 2936 1069 3003 minime
1090 2937 1331 3025 negligentem:
1356 2949 1542 3020 negantque

365 3044 556 3130 philosophi
587 3047 747 3130 justitiam
785 3068 855 3112 esse
887 3052 1042 3136 οἰκοφθόρον
1073 3068 1110 3112 ac
1142 3050 1331 3132 πτωχοποοον,
1360 3049 1540 3134 pernitiem

366 3158 418 3223 rei
439 3157 635 3242 familiaris
668 3168 699 3222 et
733 3171 902 3224 auctorem
935 3158 1161 3224 mendicitatis
1174 3155 1196 3224 ³.
1242 3158 1306 3226 Est
1322 3155 1478 3245 quidem,
1504 3173 1541 3224 ut

364 3280 451 3335 recte
471 3264 556 3334 dixit
578 3267 731 3335 Lucilius
756 3266 793 3352 ⁴,

513 3377 634 3445 Virtus
657 3379 866 3466 quaerendae
883 3377 983 3464 finem
1007 3384 1057 3446 rei
1079 3383 1164 3447 seire
1187 3373 1389 3468 modumque.

295 3579 300 3586 Ι
410 3491 475 3558 Sed
497 3505 547 3558 est
570 3491 688 3570 etiam,
712 3503 751 3558 ut
772 3492 947 3576 sequitur,

573 3593 694 3669 Virtus
717 3602 847 3672 divitiis
864 3607 1015 3690 pretium
1032 3603 1222 3691 persoluere
1237 3619 1341 3691 posse.

409 3706 603 3782 Cavendum
636 3713 739 3782 ethic
772 3734 814 3782 ne
846 3715 927 3800 quid
946 3709 1065 3797 nimis,
1100 3716 1163 3782 hoc
1185 3731 1235 3782 est
1257 3736 1298 3783 ne
1322 3713 1483 3800 fingamus
1507 3713 1542 3780 id

363 3827 521 3894 vitiosum
534 3845 621 3910 esse,
643 3827 734 3911 quod
744 3825 828 3894 vitio
845 3841 955 3912 caret,
978 3827 1133 3895 neudum
1147 3829 1180 3892 in
1202 3827 1283 3893 alios
1305 3847 1374 3893 esse
1385 3829 1540 3894 nolumus

365 3939 399 4005 in
422 3957 482 4006 nos
504 3935 610 4023 iniqui
632 3934 745 4008 simus.
792 3939 872 4006 Non
895 3939 1005 4008 minus
1027 3961 1046 4005 a
1064 3959 1167 4024 scopo
1189 3939 1314 4005 aberrat
1335 3938 1436 4005 telum
1450 3938 1541 4022 quod

365 4050 461 4138 longe
479 4053 683 4136 transvolat,
708 4068 804 4137 quam
828 4048 920 4136 q'uod
942 4053 1022 4119 citra
1037 4051 1246 4138 relinquitur.
1291 4049 1459 4135 Utrinque
1472 4052 1541 4117 cul-

362 4177 427 4248 pa,
451 4165 606 4249 utrinque
622 4183 709 4233 error
730 4177 796 4232 est:
819 4164 934 4231 tetrior
953 4163 1041 4232 forte
1051 4180 1148 4249 atque
1163 4157 1382 4230 intestalirlior
1391 4157 1542 4244 illorum,

368 4321 564 4335 *nn—un-

397 4399 405 4432 ¹
424 4391 502 4450 Arist.
520 4401 551 4450 de
569 4413 632 4450 mor.
649 4397 681 4451 ad
698 4389 801 4451 Nicom.
818 4403 836 4449 l.
855 4415 878 4450 a.
895 4415 920 4451 c.
937 4399 1011 4465 7.[p.
1032 4402 1104 4450 1108.
1125 4414 1146 4450 1.
1165 4413 1204 4451 vs.
1223 4389 1261 4465 6.]
1297 4395 1309 4431 ¹
1327 4396 1393 4448 Gell.
1406 4399 1540 4449 l.1.c.ad.

363 4486 442 4541 Arist.
459 4494 491 4542 de
507 4497 571 4542 mor.
589 4485 620 4542 td
637 4486 739 4542 Nicon.
757 4495 774 4540 1.
792 4503 816 4553 4
833 4501 859 4542 c.
877 4500 917 4542 tr.
936 4490 975 4557 [p.
997 4491 1068 4542 112⁶.
1088 4503 1110 4540 ι.
1128 4501 1168 4542 vs.
1184 4489 1220 4555 3.]
1257 4486 1351 4540 'i‘ltan
1359 4489 1416 4539 Cat.
1434 4488 1473 4554 [p.
1483 4497 1541 4552 354.

363 4581 400 4648 e.]
435 4581 603 4648 ⁴[cp.1act.
621 4583 703 4634 instit.
720 4583 775 4634 div.
791 4586 808 4632 l.
824 4584 851 4634 6.
868 4594 894 4634 c,
914 4582 951 4650 5.]
