3450 5434
497 629 544 677 DE
566 631 661 698 June
687 630 1077 678 russonu.cnu.vlu.
1319 632 1375 679 121

204 786 274 850 lum
301 782 403 868 gessit
433 784 519 850 bona
550 784 641 866 fide,
665 783 792 850 etiarnsi
814 798 929 868 postea
952 784 1056 851 discat
1077 782 1199 850 bellum
1222 784 1379 869 injustum

205 894 329 978 fuisse,
347 895 390 963 ad
404 895 647 963 restitutionem
668 915 806 977 eorum,
826 914 909 978 quae
928 915 968 961 ex
989 895 1108 979 praeda
1130 895 1275 979 obtinet,
1287 899 1380 963 nullo

204 1006 304 1073 modo
337 1006 499 1091 obligari:
534 1006 626 1088 quod
648 1006 734 1073 enim
757 1008 857 1072 semel
880 1020 968 1073 recte
989 1005 1070 1072 mihi
1093 1006 1277 1089 quaesitum
1307 1023 1380 1089 est,

205 1116 239 1182 id
259 1131 298 1182 ut
316 1137 423 1183 meum
448 1137 518 1183 esse
538 1115 666 1185 desinat
695 1116 759 1183 nisi
782 1115 872 1183 facto
904 1136 979 1184 meo
1010 1116 1199 1202 contingere
1231 1136 1296 1183 non
1321 1138 1381 1201 po·

205 1241 270 1293 test
289 1232 311 1295 ¹.
338 1227 405 1293 Cui
428 1226 535 1293 simile
554 1241 627 1308 est,
650 1227 741 1310 quod
760 1228 864 1293 bonae
888 1226 964 1294 fidei
982 1246 1151 1311 possessor
1161 1227 1290 1295 fructus
1302 1246 1381 1295 suos

204 1336 284 1405 facit
306 1332 340 1419 ²,
374 1336 435 1420 qui
464 1337 655 1404 naturaliter
685 1352 793 1405 essent
822 1336 894 1405 veri
928 1337 1077 1421 domini,
1109 1353 1141 1403 et
1170 1338 1195 1405 si
1217 1339 1293 1421 quis
1313 1360 1379 1406 retn

205 1447 340 1514 alienam
356 1448 443 1513 bona
461 1446 524 1514 fide
540 1447 713 1531 usucepit,
735 1448 763 1513 is
781 1448 892 1533 justus
914 1447 952 1513 fit
974 1447 1150 1531 dominus,
1173 1470 1240 1515 non
1259 1450 1336 1533 quia
1347 1450 1382 1518 in

204 1574 350 1642 tempore
382 1558 437 1625 vis
465 1560 532 1625 ulla
565 1572 616 1626 est
638 1558 775 1625 dominii
798 1558 993 1643 adjiciendi,
1017 1560 1075 1626 sed
1098 1560 1176 1643 quia
1195 1562 1248 1626 lex
1270 1560 1380 1628 civilis

201 1669 258 1751 jus
275 1668 356 1735 facit
374 1675 410 1749 ⁸,
435 1688 499 1751 qua
522 1668 551 1735 si
573 1668 651 1753 quis
680 1669 806 1752 utitur,
829 1668 975 1754 injustus
1005 1684 1062 1737 aut
1088 1670 1292 1757 irreligiosus
1315 1670 1380 1737 dici

204 1798 271 1843 non
302 1793 429 1861 potest:
452 1777 534 1845 adeo
557 1778 689 1861 quidem
718 1794 757 1845 ut
777 1800 796 1845 a
817 1780 985 1863 plerisque
1006 1778 1018 1815 ⁴
1036 1796 1123 1848 recte
1143 1781 1300 1849 traditum
1318 1800 1380 1865 pu·

205 1904 268 1955 tem
292 1909 389 1968 eum,
413 1889 472 1972 qui
493 1890 580 1956 bona
601 1889 667 1957 fide
689 1890 958 1974 praescriptionis
977 1907 1122 1976 tempora
1141 1891 1314 1976 implevit,
1339 1912 1378 1957 ex

204 2001 287 2067 mala
319 1999 385 2067 fide
405 2001 557 2084 sequenti
576 2000 618 2066 ad
636 2001 879 2069 restitutionem
904 2022 944 2068 ne
967 2003 1001 2069 in
1022 2003 1223 2071 conscientia
1244 2003 1378 2087 quidem

204 2110 362 2197 obligari:
383 2112 449 2196 jarn
478 2110 562 2177 enim
595 2130 635 2178 ex
669 2113 742 2196 lege
772 2112 954 2181 dominium
978 2115 1077 2181 habet
1096 2118 1119 2183 ⁸.
1152 2114 1254 2201 Quod
1272 2128 1379 2181 autem

203 2220 307 2305 Ayala
340 2221 511 2305 Hispanus
534 2220 547 2259 ⁸
568 2221 700 2303 voluit,
734 2223 835 2304 etiamr
870 2243 945 2290 cunr
987 2224 1115 2307 liquido
1149 2225 1189 2291 de
1218 2224 1379 2309 injustitia

203 2331 283 2398 belli
304 2346 461 2413 constat,
486 2346 580 2415 capta
601 2347 709 2399 tamen
729 2334 879 2416 acquiri,
898 2334 933 2401 id
951 2335 1031 2401 mihi
1056 2337 1148 2401 nullo
1172 2335 1270 2402 modo
1301 2354 1379 2418 pro·

203 2441 272 2508 bari
292 2457 419 2525 potest:
443 2463 516 2507 narn
539 2461 600 2509 nec
621 2462 693 2510 esse
715 2447 819 2531 legem
850 2426 923 2528 qu'a'
944 2446 1009 2513 hoc
1038 2446 1260 2513 introductum
1283 2444 1326 2513 sit
1341 2446 1377 2527 ⁷,

203 2574 312 2635 neque
332 2553 363 2620 si
381 2552 467 2620 ioret
483 2555 684 2621 tolerandam
710 2570 792 2639 puto
817 2559 966 2639 exemplo
988 2556 1147 2638 aliarum,
1170 2576 1253 2639 quae
1286 2574 1378 2640 prae·

204 2664 347 2731 donibus
366 2662 500 2743 favent,
523 2684 598 2731 curn
633 2678 665 2731 et
691 2666 816 2732 ratione
844 2668 935 2734 nulla
965 2666 1088 2733 nitatur
1113 2682 1145 2733 et
1176 2667 1217 2733 ad
1240 2686 1378 2750 peccan-

204 2774 282 2839 dum
315 2774 464 2842 homines
485 2774 613 2841 invitet
657 2777 746 2843 Inter
774 2777 939 2862 legitimos
959 2777 1061 2862 igitur
1090 2779 1202 2844 hostes
1221 2778 1295 2862 jura
1315 2776 1378 2841 ista

202 2884 372 2964 obtinent,
397 2900 435 2951 ut
455 2885 489 2951 in
511 2885 747 2953 constitutione
764 2887 876 2954 Severi
899 2890 911 2925 ⁸
935 2887 1145 2970 exprimitur:
1171 2887 1247 2953 illos
1269 2899 1376 2951 autern

202 2996 367 3081 legitimos
390 2996 461 3062 sive
487 2995 597 3080 iustos
627 3015 697 3065 esse
725 2997 869 3062 diximus
887 2994 919 3073 ⁰,
945 2998 1004 3080 qui
1032 2998 1234 3082 probabilem
1259 2995 1378 3083 magis·

201 3120 345 3173 tratuum
367 3105 594 3173 auctoritatem
617 3124 822 3191 sequuntur:
846 3124 990 3175 caeteros
1011 3124 1118 3176 autem
1135 3108 1219 3176 nihil
1240 3129 1258 3174 a
1276 3110 1375 3175 latro·

203 3217 302 3283 nibus
329 3196 461 3283 differre
481 3217 531 3301 ¹⁰,
566 3218 729 3301 aquibus
751 3236 844 3304 capta
873 3220 1041 3287 domiuum
1074 3238 1141 3287 non
1167 3234 1294 3286 mutant
1315 3240 1376 3286 nec

202 3328 406 3412 postliminio
426 3328 576 3415 indigent
597 3331 635 3395 ¹¹.
680 3330 792 3417 Quare
815 3351 890 3397 cum
914 3332 948 3399 in
969 3333 1057 3399 bello
1080 3329 1170 3397 civili
1192 3330 1250 3397 vix
1271 3328 1377 3413 possit

203 3439 369 3522 utrimque
391 3440 581 3525 contingere
617 3460 721 3522 aequa
755 3442 954 3521 auctoritas,
987 3442 1186 3523 autetiam,
1210 3441 1377 3524 quianon

203 3569 243 3615 eo
265 3550 365 3616 modo
385 3548 501 3631 cives,
526 3569 594 3631 quo
616 3551 819 3633 respublicae
842 3552 876 3618 in
897 3554 979 3619 hanc
1000 3552 1225 3619 alienationem
1239 3570 1376 3619 consen-

201 3675 338 3742 serunt,
368 3679 478 3743 neque
510 3679 591 3726 vero
620 3660 703 3726 ratio
735 3662 845 3728 eadem
878 3678 954 3744 est,
983 3684 1058 3729 curn
1088 3682 1167 3747 pace
1198 3663 1377 3729 constituta

201 3769 334 3837 facilius
365 3772 450 3837 inter
482 3771 557 3839 illos
583 3772 710 3857 judicia
733 3774 934 3856 procedant,
957 3773 1010 3840 his
1041 3772 1081 3840 de
1103 3773 1210 3841 causis
1232 3774 1266 3841 id
1285 3772 1376 3857 quod

235 4064 244 4097 ¹
262 4066 280 4113 l.
298 4063 326 4115 id
342 4067 411 4126 qaod
427 4078 549 4116 nostrum.
565 4067 593 4117 ff.
616 4070 648 4119 de
676 4081 727 4129 reg.
743 4066 793 4125 jur.
813 4066 857 4131 [D.
876 4079 916 4125 so.
937 4080 976 4127 17.
996 4066 1050 4133 rr.]
1085 4065 1130 4117 ²1.
1148 4068 1245 4117 fructus
1262 4069 1375 4129 penden-

200 4155 291 4205 reali.
309 4158 340 4205 de
357 4155 395 4205 rei
413 4156 482 4206 vind.
510 4156 554 4221 [D.
579 4159 604 4206 ό.
625 4171 647 4207 ι.
669 4158 723 4222 44]
759 4155 811 4206 lc.
829 4159 873 4220 qui
891 4170 990 4219 peccat.
1011 4158 1100 4223 [Dect.
1121 4160 1188 4207 Grat.
1206 4172 1232 4219 p.
1250 4172 1273 4207 2.
1292 4171 1332 4216 aa.
1349 4173 1374 4221 4.

200 4244 255 4309 4o.]
288 4244 392 4306 ⁴Vtrq.
409 4249 426 4295 l.
445 4260 468 4295 a.
483 4261 506 4298 c.
532 4261 573 4309 74.
596 4252 681 4299 sporus
696 4250 722 4298 in
739 4249 837 4311 4dist.
852 4262 890 4307 rs.
909 4250 971 4299 silv.
986 4250 1012 4298 in
1030 4265 1056 4300 v.
1074 4248 1251 4309 praescriptio.
1268 4264 1294 4310 p.
1312 4263 1334 4298 1.
1352 4253 1374 4310 5.

203 4347 242 4391 ts.
275 4334 661 4397 ‘Vasq.v1.1.c.2s.n.21.
694 4340 966 4402 ⁶1.1.e.2.n.34.
1001 4338 1175 4389 ⁷canonistae
1194 4338 1220 4387 in
1238 4354 1261 4387 c.
1278 4343 1323 4389 ult.
1342 4342 1373 4389 de

199 4426 350 4487 praescript.
369 4427 511 4490 [Decretal.
537 4443 561 4479 a.
586 4431 626 4481 πό.
649 4429 703 4497 ao]
739 4431 785 4479 ⁸1.
808 4444 829 4479 1.
848 4434 879 4480 C.
897 4433 929 4480 dc
946 4443 1010 4491 capt.
1029 4431 1072 4494 [C.
1098 4444 1119 4479 r.
1138 4429 1174 4494 3.]
1210 4429 1272 4480 ⁹acl
1287 4444 1311 4481 a.
1327 4444 1373 4481 art.

201 4519 294 4565 coroll.
311 4530 334 4566 c.
353 4529 376 4575 7.
413 4516 434 4551 ¹⁰
450 4532 474 4568 c.
492 4532 516 4577 7.
534 4520 614 4581 princ.
649 4519 669 4553 ¹¹
687 4523 705 4568 l.
724 4523 818 4571 hostes.
836 4520 862 4569 tr.
880 4523 995 4585 decept.
1014 4520 1058 4583 [D.
1075 4534 1116 4583 49.
1137 4532 1175 4577 rs.
1193 4520 1245 4583 24]
