3450 5434
367 615 431 657 220
668 612 713 657 DE
737 611 831 677 June
858 608 1041 655 PRAEDAE.
1066 608 1146 654 OAI‘.
1170 608 1235 653 ΧΠ.

364 766 451 848 apud
484 764 692 830 Athenaeum
724 763 919 830 convivator
950 782 1037 827 mare
1069 780 1242 827 commune
1274 780 1344 829 esse
1378 762 1483 843 dicit,
1508 776 1542 826 at

363 877 473 958 pisces
505 876 705 959 capientium
740 874 825 941 lieri.
872 874 917 939 Et
951 874 985 939 in
1019 872 1171 938 Plautina
1199 873 1354 939 Rudente
1376 876 1384 910 ¹
1405 874 1541 939 servulo

364 986 510 1067 dicenti,
543 987 648 1053 Mare
681 986 812 1071 quidem
836 1006 1003 1049 commune
1024 998 1114 1048 certo
1140 998 1186 1048 est
1210 985 1380 1064 omnibus,
1404 984 1544 1051 assentit

365 1098 527 1181 piscator:
561 1097 694 1163 addenti
726 1112 856 1176 autem,
889 1096 930 1159 In
963 1100 1054 1161 mari
1082 1099 1252 1163 inventum
1284 1110 1352 1175 cst,
1374 1116 1542 1160 commune

365 1222 437 1288 est,
461 1224 547 1273 recte
571 1207 734 1273 occurrit:

474 1319 589 1383 Meum
612 1317 702 1403 quod
723 1332 794 1384 rete
816 1332 918 1404 atque
940 1320 1033 1383 hami
1057 1320 1151 1381 nacti
1173 1328 1275 1397 sunt,
1299 1337 1403 1382 meum

922 1431 1130 1514 potissimum
1155 1442 1212 1493 est.

409 1538 504 1603 Mare
536 1537 638 1622 igitur
669 1540 838 1622 proprium
872 1540 1007 1605 omnino
1040 1538 1181 1623 alicujus
1213 1538 1284 1603 ficri
1317 1557 1383 1605 non
1406 1554 1542 1624 potest,

367 1650 445 1731 quia
474 1664 590 1715 natura
621 1670 794 1715 commune
827 1652 891 1715 hoc
925 1670 995 1717 esse
1024 1670 1091 1717 non
1114 1650 1294 1733 permittit,
1318 1650 1376 1716 sed
1396 1650 1494 1735 jubet
1512 1648 1543 1714 ²:

366 1760 433 1825 imo
463 1780 505 1826 ne
538 1760 632 1825 littus
657 1761 815 1842 quidem,
839 1760 903 1827 nisi
927 1762 1018 1842 quod
1041 1761 1121 1826 haec
1146 1760 1293 1826 addenda
1314 1776 1362 1827 est
1384 1761 1544 1844 interpre-

367 1870 469 1935 tatio:
504 1884 540 1935 ut
563 1870 591 1935 si
615 1871 698 1953 quid
721 1892 829 1937 earum
854 1892 961 1937 rerum
984 1892 1042 1955 per
1063 1887 1211 1937 naturam
1234 1872 1390 1955 occupari
1414 1873 1543 1955 possit,

367 1981 402 2047 id
424 1996 557 2047 eatenus
580 1983 777 2065 occupantis
800 1982 880 2063 liat,
905 1998 1066 2065 quatenus
1090 2002 1127 2049 ea
1150 1976 1367 2065 occupatione
1390 2003 1471 2049 usus
1489 1984 1544 2049 illc

368 2091 576 2173 promiscuus
608 2112 676 2159 non
707 2094 859 2160 laeditur.
905 2094 1008 2180 Quod
1036 2094 1152 2159 merito
1181 2109 1346 2177 receptum
1377 2109 1445 2161 est:
1470 2114 1543 2160 nam

368 2223 445 2268 cunr
474 2203 520 2266 ita
548 2221 582 2267 se
611 2222 663 2268 res
691 2205 809 2284 habet,
841 2219 947 2271 cessat
978 2220 1119 2287 utraque
1151 2205 1325 2288 exceptio,
1359 2225 1419 2288 per
1446 2226 1544 2288 quam

370 2312 521 2381 evenisse
542 2312 710 2395 diximus,
734 2336 773 2379 ne
792 2316 903 2381 omnia
921 2316 1028 2401 injus
1048 2316 1218 2400 proprium
1241 2317 1545 2384 transcriberentur.

372 2424 538 2511 Quoniam
558 2424 659 2509 igitur
678 2426 896 2493 inaedificatio
918 2428 1044 2511 species
1057 2443 1106 2495 est
1118 2428 1365 2511 occupationis,
1389 2429 1424 2493 in
1435 2429 1545 2495 littore

369 2537 484 2602 licebit
511 2536 680 2603 aedificare
698 2538 733 2618 ³,
767 2540 794 2603 si
822 2540 857 2604 id
879 2538 950 2605 lieri
973 2554 1084 2623 potest
1107 2539 1178 2605 sine
1197 2553 1398 2605 caeterorum
1420 2541 1546 2606 incom-

368 2648 491 2729 moda,
523 2662 561 2713 ut
588 2649 790 2732 Pomponius
819 2651 989 2733 loquitur:
1014 2651 1106 2734 quod
1126 2670 1165 2715 ex
1187 2651 1347 2717 Scaevola
1365 2652 1547 2734 explicabi-

368 2780 467 2841 mus,
491 2760 554 2827 nisi
586 2780 667 2827 usus
698 2762 875 2845 publicus,
908 2764 972 2829 hoc
1006 2777 1056 2829 est
1087 2761 1293 2842 communis,
1321 2750 1547 2845 impediretur.

368 2872 415 2937 Et
434 2872 492 2955 qui
511 2871 732 2939 aedificaverit
750 2873 813 2939 soli
832 2874 986 2941 dominus
1005 2873 1076 2951 fiet,
1097 2872 1176 2955 quia
1196 2872 1230 2937 id
1249 2874 1354 2939 solum
1374 2893 1435 2939 nec
1447 2875 1547 2940 ullius

366 2984 556 3067 proprium,
588 3004 649 3049 nec
677 2984 718 3049 ad
745 3005 840 3051 usum
869 3005 1075 3051 communem
1104 2984 1322 3050 necessarium
1351 2983 1429 3052 fuit.
1487 2988 1548 3053 Est

369 3094 469 3178 igitur
497 3095 711 3177 occupantis,
742 3097 886 3161 sednon
909 3096 1059 3177 diutius,
1084 3118 1182 3180 quam
1202 3098 1298 3164 durat
1317 3098 1494 3181 occupatio
1512 3105 1547 3179 ⁴,

369 3205 447 3286 quia
471 3207 624 3272 reluctari
654 3226 740 3271 mare
758 3208 960 3290 possessioni
979 3208 1134 3291 videtur,
1159 3212 1309 3292 exemplo
1328 3212 1437 3292 ierac,
1463 3229 1547 3291 quae

369 3316 397 3381 si
418 3317 450 3381 in
470 3320 650 3383 naturalem
669 3338 704 3383 se
725 3320 907 3385 libertatern
927 3319 1107 3403 receperit,
1131 3340 1199 3385 nou
1219 3322 1305 3386 ultra
1323 3320 1468 3403 capturis
1488 3335 1546 3387 est.

368 3430 417 3494 Ita
438 3444 470 3494 et
489 3428 583 3495 littus
603 3429 809 3512 postliminio
828 3430 909 3495 mari
931 3431 1025 3497 redit.
1051 3431 1228 3518 Quidquid
1251 3446 1360 3498 autem
1380 3432 1546 3515 privatum

370 3539 441 3605 ficri
460 3542 677 3623 occupando,
701 3541 787 3606 idem
808 3557 840 3608 et
858 3542 1054 3625 publicum,
1078 3543 1142 3609 hoc
1163 3558 1215 3611 est
1225 3542 1342 3627 populi
1352 3544 1546 3627 proprium,

369 3671 466 3735 posse
486 3651 698 3719 ostendimus.
741 3653 796 3719 Sic
816 3654 911 3719 littus
932 3654 1059 3738 imperii
1080 3656 1221 3721 Romani
1240 3654 1364 3719 finibus
1383 3654 1546 3721 inclusum

374 3856 564 3865 ——--·——-

405 3986 413 4018 ¹
432 3998 490 4035 actu
507 4000 532 4046 4.
550 4000 585 4034 sc.
604 3988 672 4035 Heus
691 4001 771 4036 nmnc.
791 3987 843 4051 [vs.
860 4002 918 4052 975.
938 4003 992 4049 sqq.
1012 4001 1036 4037 ct
1055 4003 1092 4037 vs.
1110 3987 1181 4053 985.]
1217 3984 1227 4019 ⁹
1245 3990 1275 4035 V.
1292 3989 1394 4035 Doncll.
1414 3990 1432 4034 l.
1450 4001 1475 4048 4.
1494 4000 1549 4035 ω.

370 4077 381 4112 ³
400 4078 461 4127 inst.
480 4080 510 4125 dc
528 4092 577 4125 rer.
595 4079 649 4126 div.
665 4078 687 4139 §.
705 4079 829 4126 littorum.
850 4081 883 4141 [l.
902 4093 924 4126 a.
947 4092 967 4126 1.
985 4080 1006 4141 §.
1026 4079 1060 4141 5.]
1081 4082 1097 4126 l.
1117 4079 1235 4139 riparum.
1254 4084 1275 4137 ξ.
1297 4092 1318 4127 1.
1337 4078 1361 4126 tf.
1381 4079 1412 4126 dc
1431 4092 1481 4126 rer.
1498 4078 1549 4127 div.

373 4168 417 4231 [D.
437 4182 458 4216 1.
477 4171 500 4216 8.
523 4156 565 4229 5.[
585 4171 602 4215 l.
627 4168 766 4217 fluminum.
784 4167 811 4217 ff.
830 4171 861 4217 de
880 4172 971 4217 damno
991 4170 1036 4217 ins.
1056 4168 1099 4233 [D.
1120 4182 1160 4231 ³9.
1179 4184 1201 4218 a.
1221 4169 1273 4233 24]
1294 4172 1310 4217 l.
1329 4170 1454 4229 quamvis.
1474 4169 1499 4217 ff.
1518 4170 1548 4217 dc

371 4274 425 4321 acq.
444 4262 512 4308 dom.
533 4258 575 4322 [1).
594 4273 635 4319 41.
657 4273 677 4307 1.
696 4259 750 4323 50.]
770 4263 786 4307 l.
805 4261 830 4308 in
849 4260 946 4309 littore.
965 4260 989 4307 ls.
1009 4274 1040 4309 ne
1058 4261 1121 4320 quid
1138 4260 1165 4309 in
1184 4263 1235 4309 loc.
1256 4262 1326 4321 publ.
1347 4258 1391 4323 [D.
1409 4272 1451 4321 4³·
1470 4264 1494 4309 8.
1511 4260 1547 4321 4.]

369 4350 380 4380 ⁴
399 4354 415 4397 l.
433 4350 529 4398 Aristo.
547 4348 574 4397 ff.
593 4352 624 4398 dc
643 4364 691 4398 rer.
711 4350 786 4399 clivis.
806 4350 850 4414 [D.
874 4365 895 4399 1.
915 4354 938 4398 8.
960 4352 1010 4412 ιο.]
1030 4354 1046 4399 l.
1064 4353 1135 4412 quud
1153 4352 1179 4401 in
1197 4352 1292 4399 littore.
1312 4351 1337 4399 ll'.
1356 4353 1387 4401 de
1406 4364 1463 4411 aeq.
1483 4353 1548 4400 dom.

373 4442 417 4502 [o.
435 4455 476 4500 41·
498 4454 519 4489 1·
540 4440 591 4503 Ιιν]
