3450 5434
493 651 540 697 DE
564 652 657 719 JURE
683 651 867 698 PRAEDAE.
893 652 974 699 CAP.
999 653 1059 699 XV.
1300 656 1358 720 331

190 825 290 873 traves
308 826 383 871 curn
402 805 479 871 dico
502 805 594 887 quasi
616 825 728 887 arces,
753 805 819 872 imo
842 805 966 890 oppida
986 806 1170 888 etquidem
1190 806 1361 875 hominum

187 920 263 1001 plus
284 916 588 1002 septingentorum,
610 917 749 1003 intelligi
782 938 838 1000 par
872 933 943 999 est,
977 919 1010 986 in
1043 937 1157 983 manus
1189 935 1361 986 venerunt.

188 1029 265 1095 Una
283 1029 326 1094 ad
344 1028 488 1094 Helenae
499 1027 638 1094 insulam
650 1050 668 1093 a
678 1029 836 1096 Cornelio
849 1029 1034 1096 Sebastiani
1046 1045 1195 1113 superata
1209 1030 1362 1096 Zelandis

188 1139 336 1206 obvenit.
381 1140 496 1204 Altera
520 1154 570 1204 est
592 1140 662 1223 ipsa
684 1161 782 1223 quarn
815 1141 1070 1208 Hemskerckius
1101 1140 1247 1206 adduxit.
1290 1141 1361 1224 Jarn

187 1251 283 1316 tertia
306 1251 347 1316 ad
369 1252 579 1316 Macaiintenr
603 1270 620 1317 a
642 1252 784 1319 navibus
806 1251 1039 1320 Warwicianis
1066 1253 1154 1318 victa
1173 1265 1206 1318 et
1223 1251 1362 1334 spoliata

188 1379 246 1428 est.
269 1363 357 1428 lllud
374 1367 455 1428 vero
474 1364 579 1428 multo
600 1363 695 1428 etiarn
716 1362 902 1444 illustrius,
927 1363 1018 1446 quod
1037 1379 1107 1430 tota
1125 1363 1237 1429 classis
1256 1363 1361 1442 victa,

183 1473 262 1556 Jora
284 1473 443 1553 liberata,
466 1493 524 1538 rex
547 1473 764 1540 amicissimus
784 1474 916 1542 obsidio
939 1490 1086 1540 exemtus
1107 1490 1169 1542 est.
1216 1475 1302 1540 Nam
1322 1495 1362 1540 ex

188 1587 293 1651 classe
313 1585 422 1650 eadem
441 1583 662 1650 Warvvieiana
680 1605 779 1650 naves
796 1587 878 1652 duas
899 1606 971 1651 curn
990 1588 1099 1652 celoce
1113 1586 1258 1670 Jacobus
1273 1585 1362 1650 Petri

188 1695 340 1762 Patanam
361 1697 543 1774 devehens,
563 1695 693 1780 reginae
714 1695 782 1761 illic
794 1696 1048 1779 propensissima
1060 1695 1093 1760 in
1104 1697 1243 1762 batavos
1252 1697 1362 1762 studia

187 1808 395 1888 nutriturus,
418 1807 453 1873 in
481 1807 554 1890 ipso
578 1807 694 1874 itinere
719 1808 868 1892 Jorensis
891 1807 982 1892 regni
1012 1827 1136 1874 ananern
1157 1828 1174 1873 a
1193 1808 1362 1875 Lusitanis

186 1920 288 1985 teneri
308 1919 423 2001 videt,
441 1919 500 2000 qui
520 1939 633 1984 secum
654 1919 812 1985 habentes
832 1921 985 2003 galeones
1007 1919 1112 1999 duas,
1130 1917 1235 1986 fustas
1252 1935 1359 1985 autem

187 2030 333 2112 aliasque
361 2051 462 2097 naves
490 2033 604 2115 longas
635 2050 733 2113 supra
760 2031 879 2116 viginti
909 2031 1083 2114 quinque,
1108 2031 1216 2098 omnia
1236 2031 1361 2115 ingenti

187 2157 310 2208 terrore
344 2142 570 2224 impleverant.
617 2143 676 2208 Ille
707 2143 765 2224 qui
789 2163 829 2207 ne
847 2142 1009 2227 integrum
1035 2143 1168 2225 quidem
1189 2142 1252 2208 sibi
1276 2143 1361 2208 exis-

185 2253 323 2319 timabat
353 2253 479 2319 socium
511 2253 696 2336 Principem
726 2254 760 2318 in
790 2274 829 2320 eo
851 2255 1000 2338 periculo
1025 2254 1195 2333 deserere,
1219 2255 1362 2320 conserit

186 2385 353 2449 pugnarn,
378 2385 462 2446 quae
485 2365 526 2429 ad
546 2385 653 2431 serum
683 2384 791 2446 usque
814 2365 899 2430 diern
926 2366 1143 2448 producitur,
1168 2365 1271 2433 donec
1292 2366 1361 2433 fusi

187 2477 299 2541 hostes
331 2477 432 2540 altum
463 2475 597 2554 petiere.
642 2475 717 2561 Qua
740 2489 811 2540 turn
840 2477 1016 2559 gratiarum
1046 2476 1176 2542 actione
1205 2497 1261 2541 rex
1291 2477 1360 2560 ipse

186 2605 294 2652 coram
319 2585 472 2650 victrices
493 2584 526 2648 in
557 2604 657 2650 naves
678 2584 857 2652 adveniens
891 2585 1055 2651 sociorum
1089 2585 1183 2651 fidem
1212 2587 1278 2670 jaan
1300 2588 1361 2652 ite·

185 2719 258 2764 rum
289 2711 442 2780 expertus
476 2696 652 2777 extulerit,
686 2698 822 2780 longum
853 2699 899 2763 sit
921 2697 1037 2763 dicere.
1083 2697 1138 2763 Ne
1156 2697 1203 2762 sic
1226 2697 1358 2780 quiden]

187 2809 286 2891 satis,
321 2808 379 2875 sed
409 2809 526 2874 iterum
554 2807 723 2890 quaesitus
749 2807 855 2873 hostis
884 2823 916 2873 et
943 2810 1078 2892 longum
1102 2824 1178 2890 post
1200 2823 1361 2876 certamen

187 2923 359 3006 galeonunr
393 2934 533 3001 utraque
566 2935 745 3002 corrupta,
779 2919 825 2984 ita
846 2920 979 3001 quidem
1002 2934 1040 2984 ut
1058 2920 1116 2986 vix
1136 2921 1287 2986 Lusitani
1311 2941 1360 2987 re·

187 3033 288 3117 migio
321 3030 506 3115 effugerint.
553 3029 624 3096 Tot
654 3030 755 3115 igitur
785 3046 916 3113 tamque
939 3033 1119 3113 praeclarae
1142 3031 1299 3098 victoriae
1320 3034 1360 3100 de

186 3143 354 3210 Lusitanis
386 3143 615 3226 contigerunt:
638 3157 671 3206 et
694 3156 771 3207 sunt
793 3141 853 3222 qui
877 3141 984 3206 adhuc
1006 3161 1062 3208 eos
1083 3143 1277 3210 metuendos
1297 3165 1361 3227 pu·

186 3256 280 3322 tent?
294 3257 364 3320 Imo
386 3273 511 3338 perge,
534 3273 655 3337 perge,
669 3272 748 3337 gens
765 3251 897 3318 nautica
917 3268 949 3318 et
971 3252 1055 3320 illud
1075 3274 1115 3318 ex
1138 3257 1272 3321 oraculo
1293 3275 1360 3322 non

186 3368 341 3452 Augusto
362 3364 440 3431 olirn
462 3366 502 3430 ad
522 3365 660 3430 Actium
683 3369 717 3446 ¹,
739 3364 799 3453 sed
818 3364 880 3430 tibi
901 3365 1024 3431 dictum
1045 3379 1144 3447 putat

274 3479 347 3544 Nea
370 3492 402 3542 ta
424 3477 514 3563 quod
534 3477 650 3540 classis
672 3480 817 3542 centenis
841 3481 987 3563 remigat
1011 3476 1077 3541 alis

318 3589 346 3653 T
345 3603 483 3654 errent:
505 3591 612 3655 invito
638 3587 770 3652 labitur
792 3587 857 3653 illa
881 3592 972 3652 mari
983 3610 997 3652 .·

276 3697 433 3784 Quodque
454 3700 578 3766 vehunt
596 3713 725 3784 prorae
747 3702 947 3762 centaurica
970 3718 1058 3762 sana
1081 3703 1270 3781 minantes,

317 3809 427 3896 Tigna
450 3830 535 3877 aava
558 3824 590 3875 et
608 3812 715 3894 pictos
739 3813 913 3894 experiere
935 3822 1052 3875 metus.

275 3921 424 4008 Frangit
448 3935 479 3986 at
503 3921 635 3986 attollit
657 3924 747 3987 viras
769 3924 807 3984 in
830 3920 940 3985 milita
961 3941 1088 4000 causa,

320 4029 414 4114 Quae
436 4036 502 4096 nisi
515 4033 616 4116 justa
638 4032 770 4111 subest,
795 4035 924 4097 excutit
950 4052 1049 4096 arma
1067 4031 1194 4119 pudor.

229 4144 332 4230 Quod
354 4143 506 4209 ultimum
525 4141 675 4225 profecto
695 4163 809 4208 verurn
832 4157 881 4208 est
905 4158 937 4207 et
958 4145 1024 4210 huc
1048 4143 1187 4209 maxime
1208 4144 1359 4226 pertinet.

186 4254 258 4320 Scit
275 4270 373 4320 nauta
386 4255 528 4320 batavus
540 4275 686 4339 pugnare
705 4275 740 4320 se
752 4275 812 4338 pro
831 4255 978 4339 gentium
1000 4256 1098 4338 jure,
1117 4256 1228 4321 hostes
1247 4272 1358 4324 contra

187 4417 384 4430 ——0-—0-

221 4503 228 4536 ¹
247 4505 324 4564 Prop.
340 4503 385 4552 lib.
403 4517 427 4565 4.
445 4505 508 4564 eleg.
526 4504 550 4550 6.
568 4501 621 4566 [vs.
639 4515 680 4565 47.
697 4504 781 4566 seqq.]
