3450 5434
507 682 556 731 DE
577 683 671 751 June
695 682 879 731 PRAEDAE.
904 682 984 731 CAP.
1009 684 1042 729 Χ.
1308 680 1368 748 159

695 835 852 923 Superest
869 851 935 924 pro
957 839 1121 923 sunguine
1138 856 1283 921 merces,

276 945 384 1031 Quum
402 960 592 1012 monstrare
613 966 718 1011 meum
735 960 807 1011 est:
829 968 886 1011 uec
909 950 994 1011 euim
1018 946 1144 1013 donare
1162 948 1283 1015 vocabu

277 1056 373 1142 Quod
391 1060 456 1124 sibi
475 1060 614 1143 quisque
636 1056 732 1123 dubit
752 1057 775 1121 ¹.

241 1169 334 1235 bello
365 1168 457 1234 civili
491 1167 556 1234 alio
585 1166 733 1234 Flaviani
758 1167 799 1232 ad
819 1166 1013 1234 Cremonam
1035 1168 1147 1251 ducti,
1172 1186 1367 1251 quamquam
1461 1171 1464 1178 '

198 1300 267 1348 nox
298 1280 463 1361 instabat,
497 1278 660 1344 coloniam
691 1278 827 1344 divitem
849 1278 975 1361 impetu
992 1281 1112 1346 volunt
1133 1298 1268 1363 capere,
1292 1278 1369 1361 quia

199 1393 302 1477 major
331 1403 417 1457 esset
444 1409 503 1472 per
527 1390 677 1455 tenebras
695 1388 843 1472 rapiendi
863 1389 1016 1455 licentia:
1040 1390 1138 1456 veriti
1159 1389 1307 1471 alioquin
1327 1408 1369 1455 ne

198 1521 279 1584 opes
299 1500 571 1567 Cremonensium
593 1500 627 1565 in
642 1499 719 1565 sinu
729 1498 967 1582 praefectorum
981 1502 1230 1585 legatorumque
1240 1516 1367 1567 essent:

199 1611 258 1677 ubi
288 1610 433 1677 nobilem
465 1610 554 1675 illam
584 1610 776 1677 sententiam
812 1609 952 1677 Tacitus
972 1615 984 1651 ²
1007 1610 1118 1676 addit:
1156 1626 1369 1697 expugnatae

200 1722 294 1787 urbis
309 1720 475 1806 praedam
498 1720 547 1786 ad
566 1720 729 1801 militem,
752 1719 886 1786 deditae
908 1719 956 1785 ud
970 1720 1066 1786 duces
1077 1726 1262 1807 pertinere.
1288 1720 1367 1786 Mos

197 1832 354 1915 paulatim
377 1831 487 1914 injus
509 1831 657 1897 transiit:
682 1846 715 1897 et
736 1850 812 1896 sane
828 1832 918 1917 justa
941 1831 1051 1895 aderat
1073 1830 1176 1912 ratio,
1200 1830 1281 1897 nesi
1293 1846 1369 1914 post

198 1961 339 2026 pugnam
360 1942 478 2025 praeda
499 1957 694 2026 negaretur,
717 1942 750 2008 in
772 1941 843 2025 ipsa
865 1960 975 2025 pugna
997 1943 1090 2009 miles
1108 1942 1241 2008 omissis
1264 1942 1369 2009 hosti·

198 2052 262 2119 bus
283 2052 402 2134 praeda
421 2070 537 2119 manus
559 2051 754 2135 impediret,
777 2072 862 2134 quae
884 2072 948 2117 una
970 2052 1109 2117 aviditas
1132 2054 1251 2118 multas
1273 2070 1368 2135 saepe

197 2162 356 2229 victorias
388 2163 545 2245 corrupit.
591 2162 663 2227 Hac
693 2163 734 2227 de
757 2182 855 2227 causa
876 2160 909 2228 in
929 2162 1118 2228 Britannico
1138 2163 1262 2246 praelio
1286 2146 1371 2229 Sue-¹

198 2273 311 2339 tonius
331 2274 345 2309 ²
367 2274 517 2339 hortatur
539 2291 639 2354 suos,
663 2287 701 2337 ut
724 2272 851 2337 caedem
876 2273 1071 2338 continuent
1091 2274 1228 2356 praedae
1256 2273 1368 2339 imme·

198 2404 328 2464 mores,
361 2384 482 2450 addens
512 2397 603 2466 parta
634 2382 774 2449 victoria
804 2399 923 2450 cuncta
955 2383 1035 2466 ipsis
1058 2403 1205 2451 cessura:
1228 2383 1318 2465 quod
1336 2398 1369 2449 et

198 2496 277 2561 alibi
309 2494 428 2578 passim
462 2493 614 2577 reperias.
669 2493 770 2577 Apud
800 2493 998 2577 Procopium
1021 2492 1184 2561 'Salomo
1208 2493 1366 2560 Praetorii

197 2602 384 2688 praefectus
403 2604 587 2685 militibus,
609 2604 666 2686 qui
687 2622 780 2688 agros
804 2618 933 2687 ereptos
952 2603 1110 2670 Vandalis
1133 2604 1196 2669 sibi
1219 2604 1367 2671 vindica·

197 2717 278 2781 bant
305 2715 351 2780 ita
382 2715 582 2797 respondet,
615 2730 654 2780 ut
682 2713 863 2798 distinguat
884 2713 970 2779 inter
987 2734 1038 2779 res
1057 2714 1119 2780 soli
1140 2728 1173 2779 et
1194 2732 1246 2780 res
1262 2715 1368 2779 mobi-

198 2828 265 2893 les:
289 2826 348 2891 bas
371 2824 457 2890 enim
478 2824 641 2891 militibus
659 2825 827 2909 permitti,
851 2825 924 2890 illas
945 2838 1052 2889 autem
1071 2840 1170 2907 penes
1190 2824 1368 2906 rempubli-

198 2956 268 3002 cam
290 2955 442 3018 manere,
467 2956 551 3017 quae
572 2951 604 3001 et
624 2936 715 3019 ipsos
731 2937 868 3003 aluisset
890 2935 975 3001 etin
995 2952 1115 3000 nomen
1143 2936 1369 3016 honoremque

196 3046 338 3112 militum
361 3060 569 3129 cooptasset,
591 3066 657 3112 non
675 3060 714 3111 ut
734 3066 817 3129 quae
836 3046 982 3112 barbaris
1012 3046 1169 3113 adversus
1189 3044 1367 3110 Romanam

197 3157 396 3242 majestatem
417 3156 663 3241 insurgentibus
683 3156 896 3223 abstulissent
913 3156 1045 3239 praedia
1064 3157 1126 3239 ipsi
1138 3156 1367 3239 possiderent,

196 3268 254 3333 sed
276 3268 368 3333 utin
390 3268 558 3350 publicum
580 3287 616 3333 ea
635 3266 882 3352 redigerentur,
901 3267 989 3332 unde
1010 3282 1044 3333 et
1066 3266 1146 3349 ipsis
1164 3282 1196 3333 et
1207 3267 1366 3347 caeteris,

198 3378 255 3445 ubi
284 3398 366 3445 usus
397 3393 502 3459 esset,
526 3396 653 3443 annona
676 3392 886 3460 suppeteret:
910 3377 961 3443 his
988 3376 1072 3443 inter
1093 3377 1155 3443 alia
1177 3377 1309 3445 verbis:
1331 3383 1368 3453 sie

195 3494 238 3559 rui
255 3494 312 3571 μὲν
330 3491 496 3572 ἀνδράποδα
517 3491 567 3557 uel
589 3492 631 3557 rui
650 3489 735 3556 ἄλλα
750 3489 852 3557 meiere
869 3492 1016 3572 χρήματα
1034 3499 1094 3563 τοῖς
1116 3491 1306 3571 στρατιώταις
1328 3490 1368 3561 εἷς

195 3601 319 3686 λάφυρα
344 3588 416 3667 iiiut
444 3604 496 3667 otiu
514 3603 633 3673 ἀπεικὸς
654 3598 737 3666 eires·
760 3608 817 3677 γῆν
835 3600 932 3679 μέντοι
950 3602 1042 3675 αὐτὴν
1059 3602 1183 3679 βασιλεῖ
1200 3624 1234 3665 τε
1255 3599 1305 3663 uui
1329 3606 1369 3679 mi

196 3712 345 3791 ‘renum
372 3714 452 3793 ἀρχῇ
482 3714 637 3792 mmmmm.
683 3706 840 3793 Captivos
868 3727 948 3773 sane
967 3720 998 3771 et
1019 3725 1071 3771 res
1094 3706 1183 3771 alius
1204 3706 1368 3771 militibus

191 3817 344 3904 praedae
373 3817 440 3883 loco
458 3817 572 3884 cedere
591 3836 801 3903 nequaquam
823 3816 1006 3883 mercedum
1026 3816 1139 3884 uideri
1150 3839 1163 3881 .·
1183 3815 1241 3881 sed
1260 3819 1367 3901 ipsum

196 3927 301 3992 solum
320 3928 369 3994 ud
385 3928 575 4015 Principem
596 3931 836 4014 imperiumque
856 3926 1045 3993 Romanum
1059 3930 1245 4013 pertinere.
1289 3924 1368 4011 Quo

194 4040 269 4103 loco
287 4039 342 4123 jus
362 4039 528 4120 quoddam
546 4038 734 4105 universale
750 4038 926 4124 significari
939 4039 992 4105 vel
1005 4038 1082 4103 hinc
1101 4051 1254 4120 apparet,
1275 4034 1368 4115 quod
1449 4086 1452 4093 .

196 4162 287 4213 extra
315 4148 463 4214 ordinem
486 4168 581 4234 agros
606 4150 703 4215 etiam
725 4149 888 4216 militibus
909 4149 1065 4234 assignari
1088 4147 1221 4213 minime
1243 4162 1367 4209 novum

230 4366 374 4417 ¹Lucanua
397 4369 415 4416 l.
439 4380 464 4425 7.
489 4368 542 4431 [va.
565 4372 624 4427 7³8·
647 4370 716 4432 sqq.]
750 4366 845 4420 'ilisa
870 4371 887 4418 l.
912 4382 935 4427 a.
955 4367 991 4433 [c.
1012 4366 1063 4431 τᾳ]
1099 4364 1368 4427 ¹Tac.llnu.l.14.

198 4457 236 4520 [c.
254 4457 309 4520 sm]
342 4456 390 4505 ⁴1.
412 4460 461 4507 ult.
484 4456 607 4508 debello
631 4461 713 4508 Vtud.
731 4456 814 4522 [Edit.
831 4459 910 4509 Paria.
928 4460 981 4508 vol.
1002 4471 1023 4507 r.
1039 4472 1065 4519 p.
1084 4458 1141 4519 τός.
1158 4456 1196 4519 ln]
1217 4456 1309 4507 citatur
1327 4470 1367 4517 ap.

196 4546 286 4606 Cuiac.
304 4549 367 4597 οὓς.
384 4550 402 4596 l.
422 4560 461 4609 ¹9·
479 4562 502 4597 c.
520 4562 544 4607 7.
