<?xml version="1.0" encoding="UTF-8"?>
<!DOCTYPE html PUBLIC "-//W3C//DTD XHTML 1.0 Transitional//EN"
    "http://www.w3.org/TR/xhtml1/DTD/xhtml1-transitional.dtd">
<html xmlns="http://www.w3.org/1999/xhtml" xml:lang="en" lang="en">
 <head>
  <title>
</title>
<meta http-equiv="Content-Type" content="text/html;charset=utf-8" />
  <meta name='ocr-system' content='tesseract 3.04.00' />
  <meta name='ocr-capabilities' content='ocr_page ocr_carea ocr_par ocr_line ocrx_word'/>
</head>
<body>
  <div class='ocr_page' id='page_1' title='image "./ledroitdeprised02hamagoog_0262.png"; bbox 0 0 3450 5434; ppageno 0'>
   <div class='ocr_carea' id='block_1_1' title="bbox 353 606 1221 679">
    <p class='ocr_par' dir='ltr' id='par_1_1' title="bbox 353 606 1221 679">
     <span class='ocr_line' id='line_1_1' title="bbox 353 606 1221 679; baseline -0.003 -20"><span class='ocrx_word' id='word_1_1' title='bbox 353 614 416 674; x_wconf 85' lang='lat'>240</span> <span class='ocrx_word' id='word_1_2' title='bbox 654 614 700 659; x_wconf 86' lang='lat' dir='ltr'>DE</span> <span class='ocrx_word' id='word_1_3' title='bbox 724 612 818 679; x_wconf 72' lang='lat' dir='ltr'>June</span> <span class='ocrx_word' id='word_1_4' title='bbox 843 606 1026 659; x_wconf 76' lang='lat' dir='ltr'>PRAEDAE.</span> <span class='ocrx_word' id='word_1_5' title='bbox 1052 611 1131 659; x_wconf 82' lang='lat' dir='ltr'><strong>CAP.</strong></span> <span class='ocrx_word' id='word_1_6' title='bbox 1156 612 1221 657; x_wconf 78' lang='lat' dir='ltr'><strong>XII.</strong></span> 
     </span>
    </p>
   </div>
   <div class='ocr_carea' id='block_1_2' title="bbox 258 762 1568 4081">
    <p class='ocr_par' dir='ltr' id='par_1_2' title="bbox 344 762 1531 1186">
     <span class='ocr_line' id='line_1_2' title="bbox 349 762 1529 851; baseline -0.002 -20"><span class='ocrx_word' id='word_1_7' title='bbox 349 762 522 833; x_wconf 84' lang='lat' dir='ltr'>induceret</span> <span class='ocrx_word' id='word_1_8' title='bbox 555 768 764 846; x_wconf 86' lang='lat' dir='ltr'>utilitatem,</span> <span class='ocrx_word' id='word_1_9' title='bbox 797 766 854 833; x_wconf 86' lang='lat' dir='ltr'>scd</span> <span class='ocrx_word' id='word_1_10' title='bbox 883 766 986 832; x_wconf 87' lang='lat' dir='ltr'>solam</span> <span class='ocrx_word' id='word_1_11' title='bbox 1015 766 1213 847; x_wconf 78' lang='lat' dir='ltr'><em>laesionem,</em></span> <span class='ocrx_word' id='word_1_12' title='bbox 1245 766 1354 849; x_wconf 89' lang='lat' dir='ltr'>sicque</span> <span class='ocrx_word' id='word_1_13' title='bbox 1386 778 1423 828; x_wconf 87' lang='lat' dir='ltr'>ut</span> <span class='ocrx_word' id='word_1_14' title='bbox 1457 764 1529 851; x_wconf 84' lang='lat' dir='ltr'>lege</span> 
     </span>
     <span class='ocr_line' id='line_1_3' title="bbox 349 875 1527 964; baseline -0.003 -22"><span class='ocrx_word' id='word_1_15' title='bbox 349 893 505 964; x_wconf 85' lang='lat' dir='ltr'>expressa</span> <span class='ocrx_word' id='word_1_16' title='bbox 528 880 700 945; x_wconf 82' lang='lat' dir='ltr'><em>introduci</em></span> <span class='ocrx_word' id='word_1_17' title='bbox 722 901 787 943; x_wconf 88' lang='lat' dir='ltr'>aon</span> <span class='ocrx_word' id='word_1_18' title='bbox 803 892 935 964; x_wconf 79' lang='lat' dir='ltr'><em>possent</em></span> <span class='ocrx_word' id='word_1_19' title='bbox 961 885 995 959; x_wconf 89' lang='lat'>¹;</span> <span class='ocrx_word' id='word_1_20' title='bbox 1019 882 1072 943; x_wconf 90' lang='lat' dir='ltr'>ita</span> <span class='ocrx_word' id='word_1_21' title='bbox 1095 881 1196 943; x_wconf 88' lang='lat' dir='ltr'>etiam</span> <span class='ocrx_word' id='word_1_22' title='bbox 1222 898 1277 940; x_wconf 86' lang='lat' dir='ltr'>aec</span> <span class='ocrx_word' id='word_1_23' title='bbox 1300 875 1370 961; x_wconf 84' lang='lat' dir='ltr'>iege</span> <span class='ocrx_word' id='word_1_24' title='bbox 1392 880 1527 955; x_wconf 89' lang='lat' dir='ltr'>tacita,</span> 
     </span>
     <span class='ocr_line' id='line_1_4' title="bbox 349 984 1531 1075; baseline -0.003 -21"><span class='ocrx_word' id='word_1_25' title='bbox 349 990 461 1075; x_wconf 90' lang='lat' dir='ltr'>qualis</span> <span class='ocrx_word' id='word_1_26' title='bbox 491 1005 538 1055; x_wconf 90' lang='lat' dir='ltr'>est</span> <span class='ocrx_word' id='word_1_27' title='bbox 567 990 788 1072; x_wconf 88' lang='lat' dir='ltr'>consuetudo,·</span> <span class='ocrx_word' id='word_1_28' title='bbox 818 1004 849 1055; x_wconf 89' lang='lat' dir='ltr'>et</span> <span class='ocrx_word' id='word_1_29' title='bbox 882 1003 1025 1075; x_wconf 85' lang='lat' dir='ltr'>tempore</span> <span class='ocrx_word' id='word_1_30' title='bbox 1047 989 1086 1055; x_wconf 90' lang='lat' dir='ltr'>id</span> <span class='ocrx_word' id='word_1_31' title='bbox 1113 1010 1177 1054; x_wconf 90' lang='lat' dir='ltr'>aon</span> <span class='ocrx_word' id='word_1_32' title='bbox 1189 984 1449 1072; x_wconf 82' lang='lat' dir='ltr'>justificaretur</span> <span class='ocrx_word' id='word_1_33' title='bbox 1471 986 1531 1051; x_wconf 84' lang='lat' dir='ltr'>sed</span> 
     </span>
     <span class='ocr_line' id='line_1_5' title="bbox 344 1096 1526 1186; baseline -0.002 -23"><span class='ocrx_word' id='word_1_34' title='bbox 344 1104 458 1186; x_wconf 90' lang='lat' dir='ltr'>potius</span> <span class='ocrx_word' id='word_1_35' title='bbox 476 1101 624 1167; x_wconf 86' lang='lat' dir='ltr'>deterius</span> <span class='ocrx_word' id='word_1_36' title='bbox 645 1115 676 1166; x_wconf 90' lang='lat' dir='ltr'>et</span> <span class='ocrx_word' id='word_1_37' title='bbox 696 1104 846 1186; x_wconf 88' lang='lat' dir='ltr'>injurius</span> <span class='ocrx_word' id='word_1_38' title='bbox 869 1105 905 1166; x_wconf 89' lang='lat' dir='ltr'>ia</span> <span class='ocrx_word' id='word_1_39' title='bbox 928 1100 996 1167; x_wconf 89' lang='lat' dir='ltr'>dies</span> <span class='ocrx_word' id='word_1_40' title='bbox 1015 1098 1125 1183; x_wconf 86' lang='lat' dir='ltr'>fieret.</span> <span class='ocrx_word' id='word_1_41' title='bbox 1162 1098 1320 1165; x_wconf 85' lang='lat' dir='ltr'><strong>Ostendit</strong></span> <span class='ocrx_word' id='word_1_42' title='bbox 1341 1096 1460 1163; x_wconf 91' lang='lat' dir='ltr'>deinde</span> <span class='ocrx_word' id='word_1_43' title='bbox 1485 1116 1526 1162; x_wconf 84' lang='lat' dir='ltr'>ex</span> 
     </span>
    </p>

    <p class='ocr_par' dir='ltr' id='par_1_3' title="bbox 258 1208 1568 4081">
     <span class='ocr_line' id='line_1_6' title="bbox 349 1208 1527 1295; baseline -0.003 -20"><span class='ocrx_word' id='word_1_44' title='bbox 349 1211 451 1294; x_wconf 88' lang='lat' dir='ltr'>prima</span> <span class='ocrx_word' id='word_1_45' title='bbox 474 1226 630 1277; x_wconf 87' lang='lat' dir='ltr'>terrarum</span> <span class='ocrx_word' id='word_1_46' title='bbox 653 1211 872 1295; x_wconf 85' lang='lat' dir='ltr'>occupatione</span> <span class='ocrx_word' id='word_1_47' title='bbox 895 1230 992 1294; x_wconf 90' lang='lat' dir='ltr'>posse</span> <span class='ocrx_word' id='word_1_48' title='bbox 1014 1213 1139 1295; x_wconf 91' lang='lat' dir='ltr'>populo</span> <span class='ocrx_word' id='word_1_49' title='bbox 1163 1224 1200 1275; x_wconf 88' lang='lat' dir='ltr'>ut</span> <span class='ocrx_word' id='word_1_50' title='bbox 1221 1208 1363 1276; x_wconf 86' lang='lat' dir='ltr'>venandi</span> <span class='ocrx_word' id='word_1_51' title='bbox 1380 1210 1455 1294; x_wconf 88' lang='lat' dir='ltr'>jus,</span> <span class='ocrx_word' id='word_1_52' title='bbox 1480 1208 1527 1273; x_wconf 85' lang='lat' dir='ltr'>ita</span> 
     </span>
     <span class='ocr_line' id='line_1_7' title="bbox 258 1298 1527 1406; baseline -0.004 -18"><span class='ocrx_word' id='word_1_53' title='bbox 258 1298 273 1319; x_wconf 36' lang='lat'><em>³</em></span> <span class='ocrx_word' id='word_1_54' title='bbox 350 1323 499 1406; x_wconf 85' lang='lat' dir='ltr'>piscandi</span> <span class='ocrx_word' id='word_1_55' title='bbox 526 1322 560 1388; x_wconf 93' lang='lat' dir='ltr'>in</span> <span class='ocrx_word' id='word_1_56' title='bbox 587 1342 649 1388; x_wconf 89' lang='lat' dir='ltr'>suo</span> <span class='ocrx_word' id='word_1_57' title='bbox 676 1322 812 1389; x_wconf 85' lang='lat' dir='ltr'>flumine</span> <span class='ocrx_word' id='word_1_58' title='bbox 844 1338 1049 1406; x_wconf 85' lang='lat' dir='ltr'>competere:</span> <span class='ocrx_word' id='word_1_59' title='bbox 1074 1338 1107 1388; x_wconf 90' lang='lat' dir='ltr'>et</span> <span class='ocrx_word' id='word_1_60' title='bbox 1128 1338 1304 1405; x_wconf 82' lang='lat' dir='ltr'>postquam</span> <span class='ocrx_word' id='word_1_61' title='bbox 1338 1320 1400 1387; x_wconf 90' lang='lat' dir='ltr'>ista</span> <span class='ocrx_word' id='word_1_62' title='bbox 1423 1320 1527 1384; x_wconf 88' lang='lat' dir='ltr'>semel</span> 
     </span>
     <span class='ocr_line' id='line_1_8' title="bbox 349 1431 1524 1517; baseline -0.004 -17"><span class='ocrx_word' id='word_1_63' title='bbox 349 1435 391 1500; x_wconf 89' lang='lat' dir='ltr'>ab</span> <span class='ocrx_word' id='word_1_64' title='bbox 423 1434 558 1517; x_wconf 89' lang='lat' dir='ltr'>antiqua</span> <span class='ocrx_word' id='word_1_65' title='bbox 590 1434 821 1500; x_wconf 88' lang='lat' dir='ltr'>communione</span> <span class='ocrx_word' id='word_1_66' title='bbox 852 1449 998 1517; x_wconf 87' lang='lat' dir='ltr'>separata</span> <span class='ocrx_word' id='word_1_67' title='bbox 1020 1448 1123 1513; x_wconf 89' lang='lat' dir='ltr'>sunt,</span> <span class='ocrx_word' id='word_1_68' title='bbox 1148 1433 1193 1498; x_wconf 89' lang='lat' dir='ltr'>ita</span> <span class='ocrx_word' id='word_1_69' title='bbox 1224 1448 1262 1497; x_wconf 93' lang='lat' dir='ltr'>ut</span> <span class='ocrx_word' id='word_1_70' title='bbox 1294 1431 1524 1515; x_wconf 82' lang='lat' dir='ltr'><strong>particularem</strong></span> 
     </span>
     <span class='ocr_line' id='line_1_9' title="bbox 350 1544 1528 1629; baseline -0.003 -18"><span class='ocrx_word' id='word_1_71' title='bbox 350 1546 600 1629; x_wconf 84' lang='lat' dir='ltr'>applicationem</span> <span class='ocrx_word' id='word_1_72' title='bbox 630 1546 802 1612; x_wconf 83' lang='lat' dir='ltr'>admittant</span> <span class='ocrx_word' id='word_1_73' title='bbox 837 1545 1094 1629; x_wconf 87' lang='lat' dir='ltr'>praescriptione</span> <span class='ocrx_word' id='word_1_74' title='bbox 1117 1544 1273 1628; x_wconf 88' lang='lat' dir='ltr'>temporis</span> <span class='ocrx_word' id='word_1_75' title='bbox 1297 1546 1393 1629; x_wconf 75' lang='lat' dir='ltr'>eius,</span> <span class='ocrx_word' id='word_1_76' title='bbox 1428 1544 1528 1627; x_wconf 88' lang='lat' dir='ltr'>cujus</span> 
     </span>
     <span class='ocr_line' id='line_1_10' title="bbox 349 1654 1527 1740; baseline -0.002 -18"><span class='ocrx_word' id='word_1_77' title='bbox 349 1656 436 1724; x_wconf 91' lang='lat' dir='ltr'>initii</span> <span class='ocrx_word' id='word_1_78' title='bbox 470 1657 625 1723; x_wconf 87' lang='lat' dir='ltr'>memoria</span> <span class='ocrx_word' id='word_1_79' title='bbox 658 1677 724 1722; x_wconf 93' lang='lat' dir='ltr'>non</span> <span class='ocrx_word' id='word_1_80' title='bbox 759 1672 885 1738; x_wconf 82' lang='lat' dir='ltr'>exstet,</span> <span class='ocrx_word' id='word_1_81' title='bbox 920 1656 1014 1740; x_wconf 87' lang='lat' dir='ltr'>quasi</span> <span class='ocrx_word' id='word_1_82' title='bbox 1044 1656 1142 1723; x_wconf 86' lang='lat' dir='ltr'>tacita</span> <span class='ocrx_word' id='word_1_83' title='bbox 1167 1654 1283 1739; x_wconf 91' lang='lat' dir='ltr'>populi</span> <span class='ocrx_word' id='word_1_84' title='bbox 1311 1654 1527 1721; x_wconf 85' lang='lat' dir='ltr'>concessione</span> 
     </span>
     <span class='ocr_line' id='line_1_11' title="bbox 348 1767 1526 1871; baseline -0.004 -36"><span class='ocrx_word' id='word_1_85' title='bbox 348 1768 475 1851; x_wconf 89' lang='lat' dir='ltr'>acquiri</span> <span class='ocrx_word' id='word_1_86' title='bbox 495 1788 604 1851; x_wconf 86' lang='lat' dir='ltr'>posse.</span> <span class='ocrx_word' id='word_1_87' title='bbox 630 1768 705 1834; x_wconf 91' lang='lat' dir='ltr'>Hoc</span> <span class='ocrx_word' id='word_1_88' title='bbox 723 1785 830 1835; x_wconf 89' lang='lat' dir='ltr'>autem</span> <span class='ocrx_word' id='word_1_89' title='bbox 854 1791 913 1853; x_wconf 91' lang='lat' dir='ltr'>per</span> <span class='ocrx_word' id='word_1_90' title='bbox 923 1769 1213 1871; x_wconf 70' lang='lat' dir='ltr'>praescriptionem</span> <span class='ocrx_word' id='word_1_91' title='bbox 1227 1767 1435 1853; x_wconf 84' lang='lat' dir='ltr'>contingere,</span> <span class='ocrx_word' id='word_1_92' title='bbox 1457 1786 1526 1831; x_wconf 91' lang='lat' dir='ltr'>non</span> 
     </span>
     <span class='ocr_line' id='line_1_12' title="bbox 350 1878 1529 1964; baseline -0.002 -19"><span class='ocrx_word' id='word_1_93' title='bbox 350 1899 408 1964; x_wconf 87' lang='lat' dir='ltr'>per</span> <span class='ocrx_word' id='word_1_94' title='bbox 439 1879 734 1962; x_wconf 86' lang='lat' dir='ltr'>consuetudinem,</span> <span class='ocrx_word' id='word_1_95' title='bbox 767 1880 846 1962; x_wconf 89' lang='lat' dir='ltr'>quia</span> <span class='ocrx_word' id='word_1_96' title='bbox 875 1880 979 1946; x_wconf 91' lang='lat' dir='ltr'>solius</span> <span class='ocrx_word' id='word_1_97' title='bbox 1007 1880 1209 1963; x_wconf 90' lang='lat' dir='ltr'>acquirentis</span> <span class='ocrx_word' id='word_1_98' title='bbox 1231 1878 1380 1945; x_wconf 91' lang='lat' dir='ltr'>conditio</span> <span class='ocrx_word' id='word_1_99' title='bbox 1409 1878 1529 1943; x_wconf 87' lang='lat' dir='ltr'>melior</span> 
     </span>
     <span class='ocr_line' id='line_1_13' title="bbox 350 1990 1526 2073; baseline -0.001 -17"><span class='ocrx_word' id='word_1_100' title='bbox 350 1990 428 2070; x_wconf 87' lang='lat' dir='ltr'>fiat,</span> <span class='ocrx_word' id='word_1_101' title='bbox 461 1990 664 2073; x_wconf 86' lang='lat' dir='ltr'>reliquorum</span> <span class='ocrx_word' id='word_1_102' title='bbox 694 2012 775 2059; x_wconf 90' lang='lat' dir='ltr'>vero</span> <span class='ocrx_word' id='word_1_103' title='bbox 804 1991 964 2059; x_wconf 88' lang='lat' dir='ltr'>deterior.</span> <span class='ocrx_word' id='word_1_104' title='bbox 1009 1993 1053 2058; x_wconf 90' lang='lat' dir='ltr'>Et</span> <span class='ocrx_word' id='word_1_105' title='bbox 1084 2010 1158 2057; x_wconf 86' lang='lat' dir='ltr'>cum</span> <span class='ocrx_word' id='word_1_106' title='bbox 1192 1990 1256 2055; x_wconf 87' lang='lat' dir='ltr'>tria</span> <span class='ocrx_word' id='word_1_107' title='bbox 1279 2004 1526 2067; x_wconf 87' lang='lat' dir='ltr'>enumerasset,</span> 
     </span>
     <span class='ocr_line' id='line_1_14' title="bbox 350 2100 1528 2189; baseline -0.001 -23"><span class='ocrx_word' id='word_1_108' title='bbox 350 2121 435 2184; x_wconf 85' lang='lat' dir='ltr'>quae</span> <span class='ocrx_word' id='word_1_109' title='bbox 467 2102 680 2183; x_wconf 89' lang='lat' dir='ltr'>requiruntur</span> <span class='ocrx_word' id='word_1_110' title='bbox 707 2119 746 2169; x_wconf 91' lang='lat' dir='ltr'>ut</span> <span class='ocrx_word' id='word_1_111' title='bbox 765 2105 821 2189; x_wconf 88' lang='lat' dir='ltr'>jus</span> <span class='ocrx_word' id='word_1_112' title='bbox 848 2104 1017 2187; x_wconf 90' lang='lat' dir='ltr'>proprium</span> <span class='ocrx_word' id='word_1_113' title='bbox 1047 2103 1081 2169; x_wconf 93' lang='lat' dir='ltr'>in</span> <span class='ocrx_word' id='word_1_114' title='bbox 1104 2102 1241 2167; x_wconf 89' lang='lat' dir='ltr'>flumine</span> <span class='ocrx_word' id='word_1_115' title='bbox 1262 2100 1409 2184; x_wconf 86' lang='lat' dir='ltr'>piscandi</span> <span class='ocrx_word' id='word_1_116' title='bbox 1432 2120 1528 2183; x_wconf 88' lang='lat' dir='ltr'>prae-</span> 
     </span>
     <span class='ocr_line' id='line_1_15' title="bbox 349 2210 1527 2300; baseline -0.001 -23"><span class='ocrx_word' id='word_1_117' title='bbox 349 2213 535 2292; x_wconf 85' lang='lat' dir='ltr'>scribatur,</span> <span class='ocrx_word' id='word_1_118' title='bbox 562 2210 655 2295; x_wconf 87' lang='lat' dir='ltr'>Quid</span> <span class='ocrx_word' id='word_1_119' title='bbox 673 2226 810 2295; x_wconf 88' lang='lat' dir='ltr'>autem,</span> <span class='ocrx_word' id='word_1_120' title='bbox 834 2214 970 2295; x_wconf 85' lang='lat' dir='ltr'>subdit,</span> <span class='ocrx_word' id='word_1_121' title='bbox 995 2214 1109 2300; x_wconf 91' lang='lat' dir='ltr'>quoad</span> <span class='ocrx_word' id='word_1_122' title='bbox 1124 2215 1248 2279; x_wconf 82' lang='lat' dir='ltr'>arare?</span> <span class='ocrx_word' id='word_1_123' title='bbox 1273 2211 1321 2275; x_wconf 85' lang='lat' dir='ltr'>Et</span> <span class='ocrx_word' id='word_1_124' title='bbox 1340 2216 1378 2277; x_wconf 88' lang='lat' dir='ltr'>ia</span> <span class='ocrx_word' id='word_1_125' title='bbox 1397 2232 1432 2278; x_wconf 88' lang='lat' dir='ltr'>eo</span> <span class='ocrx_word' id='word_1_126' title='bbox 1454 2232 1527 2276; x_wconf 88' lang='lat' dir='ltr'>ma·</span> 
     </span>
     <span class='ocr_line' id='line_1_16' title="bbox 345 2323 1525 2412; baseline -0.003 -22"><span class='ocrx_word' id='word_1_127' title='bbox 345 2329 399 2412; x_wconf 83' lang='lat' dir='ltr'>gis</span> <span class='ocrx_word' id='word_1_128' title='bbox 429 2339 497 2405; x_wconf 84' lang='lat' dir='ltr'>est,</span> <span class='ocrx_word' id='word_1_129' title='bbox 521 2323 609 2408; x_wconf 86' lang='lat' dir='ltr'>quod</span> <span class='ocrx_word' id='word_1_130' title='bbox 635 2327 737 2389; x_wconf 89' lang='lat' dir='ltr'>etiam</span> <span class='ocrx_word' id='word_1_131' title='bbox 767 2346 946 2390; x_wconf 84' lang='lat' dir='ltr'>concursus</span> <span class='ocrx_word' id='word_1_132' title='bbox 974 2329 1116 2391; x_wconf 86' lang='lat' dir='ltr'>istorum</span> <span class='ocrx_word' id='word_1_133' title='bbox 1147 2332 1254 2392; x_wconf 87' lang='lat' dir='ltr'>trium</span> <span class='ocrx_word' id='word_1_134' title='bbox 1278 2345 1341 2391; x_wconf 86' lang='lat' dir='ltr'>noa</span> <span class='ocrx_word' id='word_1_135' title='bbox 1364 2324 1525 2411; x_wconf 81' lang='lat' dir='ltr'>sufficeret</span> 
     </span>
     <span class='ocr_line' id='line_1_17' title="bbox 348 2434 1568 2523; baseline 0.001 -21"><span class='ocrx_word' id='word_1_136' title='bbox 348 2435 397 2502; x_wconf 93' lang='lat' dir='ltr'>ad</span> <span class='ocrx_word' id='word_1_137' title='bbox 423 2434 664 2521; x_wconf 86' lang='lat' dir='ltr'>acquirendum</span> <span class='ocrx_word' id='word_1_138' title='bbox 676 2438 751 2521; x_wconf 88' lang='lat' dir='ltr'>jus.</span> <span class='ocrx_word' id='word_1_139' title='bbox 798 2435 905 2500; x_wconf 81' lang='lat' dir='ltr'>Ratio</span> <span class='ocrx_word' id='word_1_140' title='bbox 930 2435 1143 2523; x_wconf 84' lang='lat' dir='ltr'>differentiae</span> <span class='ocrx_word' id='word_1_141' title='bbox 1163 2442 1256 2503; x_wconf 83' lang='lat' dir='ltr'>inter</span> <span class='ocrx_word' id='word_1_142' title='bbox 1277 2456 1433 2502; x_wconf 79' lang='lat' dir='ltr'>marcere</span> <span class='ocrx_word' id='word_1_143' title='bbox 1454 2456 1525 2500; x_wconf 89' lang='lat' dir='ltr'>uaa</span> <span class='ocrx_word' id='word_1_144' title='bbox 1561 2491 1568 2503; x_wconf 94' lang='lat'>.</span> 
     </span>
     <span class='ocr_line' id='line_1_18' title="bbox 343 2524 1523 2635; baseline -0.002 -22"><span class='ocrx_word' id='word_1_145' title='bbox 343 2562 447 2634; x_wconf 85' lang='lat' dir='ltr'>parte</span> <span class='ocrx_word' id='word_1_146' title='bbox 476 2560 507 2613; x_wconf 87' lang='lat' dir='ltr'>et</span> <span class='ocrx_word' id='word_1_147' title='bbox 537 2562 667 2614; x_wconf 88' lang='lat' dir='ltr'>terram</span> <span class='ocrx_word' id='word_1_148' title='bbox 698 2547 754 2615; x_wconf 80' lang='lat' dir='ltr'>rel</span> <span class='ocrx_word' id='word_1_149' title='bbox 766 2549 910 2633; x_wconf 81' lang='lat' dir='ltr'>flumina</span> <span class='ocrx_word' id='word_1_150' title='bbox 941 2569 982 2613; x_wconf 83' lang='lat' dir='ltr'>ex</span> <span class='ocrx_word' id='word_1_151' title='bbox 1005 2548 1143 2631; x_wconf 84' lang='lat' dir='ltr'>altera,</span> <span class='ocrx_word' id='word_1_152' title='bbox 1168 2524 1460 2635; x_wconf 67' lang='lat' dir='ltr'>quietiorem,</span> <span class='ocrx_word' id='word_1_153' title='bbox 1485 2562 1523 2612; x_wconf 87' lang='lat' dir='ltr'>ut</span> 
     </span>
     <span class='ocr_line' id='line_1_19' title="bbox 348 2658 1527 2748; baseline 0 -24"><span class='ocrx_word' id='word_1_154' title='bbox 348 2660 441 2739; x_wconf 88' lang='lat' dir='ltr'>olim,</span> <span class='ocrx_word' id='word_1_155' title='bbox 463 2663 515 2725; x_wconf 87' lang='lat' dir='ltr'>ita</span> <span class='ocrx_word' id='word_1_156' title='bbox 538 2674 570 2725; x_wconf 87' lang='lat' dir='ltr'>et</span> <span class='ocrx_word' id='word_1_157' title='bbox 589 2659 683 2726; x_wconf 87' lang='lat' dir='ltr'>hodie</span> <span class='ocrx_word' id='word_1_158' title='bbox 701 2672 732 2724; x_wconf 86' lang='lat' dir='ltr'>et</span> <span class='ocrx_word' id='word_1_159' title='bbox 744 2674 869 2744; x_wconf 82' lang='lat' dir='ltr'>semper</span> <span class='ocrx_word' id='word_1_160' title='bbox 882 2673 951 2725; x_wconf 86' lang='lat' dir='ltr'>tam</span> <span class='ocrx_word' id='word_1_161' title='bbox 966 2661 1078 2746; x_wconf 88' lang='lat' dir='ltr'>quoad</span> <span class='ocrx_word' id='word_1_162' title='bbox 1087 2659 1285 2748; x_wconf 86' lang='lat' dir='ltr'>piscandum</span> <span class='ocrx_word' id='word_1_163' title='bbox 1298 2680 1399 2745; x_wconf 88' lang='lat' dir='ltr'>quarn</span> <span class='ocrx_word' id='word_1_164' title='bbox 1412 2658 1527 2743; x_wconf 89' lang='lat' dir='ltr'>quoad</span> 
     </span>
     <span class='ocr_line' id='line_1_20' title="bbox 348 2772 1527 2859; baseline -0.001 -23"><span class='ocrx_word' id='word_1_165' title='bbox 348 2772 575 2859; x_wconf 80' lang='lat' dir='ltr'>nauigandum</span> <span class='ocrx_word' id='word_1_166' title='bbox 598 2774 722 2836; x_wconf 86' lang='lat' dir='ltr'>mansit</span> <span class='ocrx_word' id='word_1_167' title='bbox 741 2774 911 2859; x_wconf 82' lang='lat' dir='ltr'>integrum</span> <span class='ocrx_word' id='word_1_168' title='bbox 925 2772 986 2856; x_wconf 91' lang='lat' dir='ltr'>jus</span> <span class='ocrx_word' id='word_1_169' title='bbox 1002 2776 1153 2857; x_wconf 84' lang='lat' dir='ltr'>gentium</span> <span class='ocrx_word' id='word_1_170' title='bbox 1170 2776 1402 2858; x_wconf 75' lang='lat' dir='ltr'>primaevum,</span> <span class='ocrx_word' id='word_1_171' title='bbox 1420 2791 1527 2855; x_wconf 83' lang='lat' dir='ltr'>acque</span> 
     </span>
     <span class='ocr_line' id='line_1_21' title="bbox 348 2880 1526 2969; baseline -0.003 -21"><span class='ocrx_word' id='word_1_172' title='bbox 348 2904 504 2969; x_wconf 83' lang='lat' dir='ltr'>umquam</span> <span class='ocrx_word' id='word_1_173' title='bbox 529 2882 606 2967; x_wconf 85' lang='lat' dir='ltr'>fuit</span> <span class='ocrx_word' id='word_1_174' title='bbox 638 2903 660 2947; x_wconf 88' lang='lat' dir='ltr'>a</span> <span class='ocrx_word' id='word_1_175' title='bbox 682 2884 906 2948; x_wconf 85' lang='lat' dir='ltr'>communione</span> <span class='ocrx_word' id='word_1_176' title='bbox 941 2885 1107 2949; x_wconf 83' lang='lat' dir='ltr'>hominum</span> <span class='ocrx_word' id='word_1_177' title='bbox 1138 2894 1332 2969; x_wconf 88' lang='lat' dir='ltr'>separatura</span> <span class='ocrx_word' id='word_1_178' title='bbox 1361 2894 1394 2947; x_wconf 91' lang='lat' dir='ltr'>et</span> <span class='ocrx_word' id='word_1_179' title='bbox 1416 2880 1526 2945; x_wconf 86' lang='lat' dir='ltr'>alicui</span> 
     </span>
     <span class='ocr_line' id='line_1_22' title="bbox 347 2993 1526 3080; baseline -0.005 -18"><span class='ocrx_word' id='word_1_180' title='bbox 347 2994 402 3062; x_wconf 80' lang='lat' dir='ltr'>tel</span> <span class='ocrx_word' id='word_1_181' title='bbox 420 2994 590 3079; x_wconf 81' lang='lat' dir='ltr'>aliquibus</span> <span class='ocrx_word' id='word_1_182' title='bbox 612 2994 831 3079; x_wconf 85' lang='lat' dir='ltr'>applicatum.</span> <span class='ocrx_word' id='word_1_183' title='bbox 878 2993 1071 3061; x_wconf 86' lang='lat' dir='ltr'>Posteriore</span> <span class='ocrx_word' id='word_1_184' title='bbox 1093 3008 1204 3060; x_wconf 88' lang='lat' dir='ltr'>autera</span> <span class='ocrx_word' id='word_1_185' title='bbox 1222 3014 1329 3074; x_wconf 88' lang='lat' dir='ltr'>casu,</span> <span class='ocrx_word' id='word_1_186' title='bbox 1353 3009 1464 3080; x_wconf 86' lang='lat' dir='ltr'>nempe</span> <span class='ocrx_word' id='word_1_187' title='bbox 1488 2996 1526 3057; x_wconf 87' lang='lat' dir='ltr'>ia</span> 
     </span>
     <span class='ocr_line' id='line_1_23' title="bbox 347 3104 1528 3190; baseline 0 -21"><span class='ocrx_word' id='word_1_188' title='bbox 347 3119 446 3170; x_wconf 86' lang='lat' dir='ltr'>terra</span> <span class='ocrx_word' id='word_1_189' title='bbox 475 3105 531 3171; x_wconf 82' lang='lat' dir='ltr'>nel</span> <span class='ocrx_word' id='word_1_190' title='bbox 554 3105 773 3189; x_wconf 80' lang='lat' dir='ltr'>fluminibus,</span> <span class='ocrx_word' id='word_1_191' title='bbox 805 3104 906 3170; x_wconf 85' lang='lat' dir='ltr'>aliud</span> <span class='ocrx_word' id='word_1_192' title='bbox 928 3104 1005 3189; x_wconf 77' lang='lat' dir='ltr'>fuit</span> <span class='ocrx_word' id='word_1_193' title='bbox 1029 3118 1067 3170; x_wconf 91' lang='lat' dir='ltr'>ut</span> <span class='ocrx_word' id='word_1_194' title='bbox 1083 3106 1160 3190; x_wconf 81' lang='lat' dir='ltr'>jam</span> <span class='ocrx_word' id='word_1_195' title='bbox 1183 3105 1411 3171; x_wconf 83' lang='lat' dir='ltr'>disseruimus.</span> <span class='ocrx_word' id='word_1_196' title='bbox 1460 3104 1528 3169; x_wconf 84' lang='lat' dir='ltr'>Sed</span> 
     </span>
     <span class='ocr_line' id='line_1_24' title="bbox 347 3214 1528 3302; baseline 0.003 -24"><span class='ocrx_word' id='word_1_197' title='bbox 347 3235 455 3301; x_wconf 89' lang='lat' dir='ltr'>quare</span> <span class='ocrx_word' id='word_1_198' title='bbox 468 3216 529 3299; x_wconf 89' lang='lat' dir='ltr'>jus</span> <span class='ocrx_word' id='word_1_199' title='bbox 549 3220 700 3301; x_wconf 86' lang='lat' dir='ltr'>gentium</span> <span class='ocrx_word' id='word_1_200' title='bbox 722 3214 982 3295; x_wconf 85' lang='lat' dir='ltr'>secundarium,</span> <span class='ocrx_word' id='word_1_201' title='bbox 1000 3230 1037 3281; x_wconf 91' lang='lat' dir='ltr'>ut</span> <span class='ocrx_word' id='word_1_202' title='bbox 1057 3238 1128 3283; x_wconf 89' lang='lat' dir='ltr'>eam</span> <span class='ocrx_word' id='word_1_203' title='bbox 1147 3220 1391 3302; x_wconf 83' lang='lat' dir='ltr'>separationem</span> <span class='ocrx_word' id='word_1_204' title='bbox 1412 3216 1528 3302; x_wconf 87' lang='lat' dir='ltr'>quoad</span> 
     </span>
     <span class='ocr_line' id='line_1_25' title="bbox 347 3326 1524 3416; baseline 0.002 -25"><span class='ocrx_word' id='word_1_205' title='bbox 347 3340 461 3391; x_wconf 86' lang='lat' dir='ltr'>terras</span> <span class='ocrx_word' id='word_1_206' title='bbox 483 3340 513 3389; x_wconf 92' lang='lat' dir='ltr'>et</span> <span class='ocrx_word' id='word_1_207' title='bbox 531 3327 676 3410; x_wconf 80' lang='lat' dir='ltr'>fiumina</span> <span class='ocrx_word' id='word_1_208' title='bbox 690 3326 801 3410; x_wconf 88' lang='lat' dir='ltr'>fecit,</span> <span class='ocrx_word' id='word_1_209' title='bbox 826 3327 941 3413; x_wconf 85' lang='lat' dir='ltr'>quoad</span> <span class='ocrx_word' id='word_1_210' title='bbox 959 3348 1053 3398; x_wconf 86' lang='lat' dir='ltr'>mare</span> <span class='ocrx_word' id='word_1_211' title='bbox 1066 3328 1186 3413; x_wconf 87' lang='lat' dir='ltr'>facere</span> <span class='ocrx_word' id='word_1_212' title='bbox 1197 3328 1317 3410; x_wconf 85' lang='lat' dir='ltr'>desiit,</span> <span class='ocrx_word' id='word_1_213' title='bbox 1342 3328 1524 3416; x_wconf 83' lang='lat' dir='ltr'>responde:</span> 
     </span>
     <span class='ocr_line' id='line_1_26' title="bbox 348 3434 1525 3523; baseline 0.003 -23"><span class='ocrx_word' id='word_1_214' title='bbox 348 3440 431 3521; x_wconf 90' lang='lat' dir='ltr'>quia</span> <span class='ocrx_word' id='word_1_215' title='bbox 458 3434 517 3500; x_wconf 91' lang='lat' dir='ltr'>illo</span> <span class='ocrx_word' id='word_1_216' title='bbox 544 3456 625 3500; x_wconf 91' lang='lat' dir='ltr'>casu</span> <span class='ocrx_word' id='word_1_217' title='bbox 646 3436 839 3523; x_wconf 79' lang='lat' dir='ltr'>expediebat</span> <span class='ocrx_word' id='word_1_218' title='bbox 861 3440 914 3503; x_wconf 89' lang='lat' dir='ltr'>ita</span> <span class='ocrx_word' id='word_1_219' title='bbox 935 3437 1034 3523; x_wconf 82' lang='lat' dir='ltr'>fieri,</span> <span class='ocrx_word' id='word_1_220' title='bbox 1058 3442 1116 3504; x_wconf 81' lang='lat' dir='ltr'>hoc</span> <span class='ocrx_word' id='word_1_221' title='bbox 1140 3454 1250 3505; x_wconf 88' lang='lat' dir='ltr'>autem</span> <span class='ocrx_word' id='word_1_222' title='bbox 1274 3460 1355 3505; x_wconf 88' lang='lat' dir='ltr'>casu</span> <span class='ocrx_word' id='word_1_223' title='bbox 1378 3460 1443 3504; x_wconf 88' lang='lat' dir='ltr'>noa</span> <span class='ocrx_word' id='word_1_224' title='bbox 1466 3461 1525 3505; x_wconf 83' lang='lat' dir='ltr'>ex·</span> 
     </span>
     <span class='ocr_line' id='line_1_27' title="bbox 341 3546 1523 3637; baseline 0.002 -24"><span class='ocrx_word' id='word_1_225' title='bbox 341 3546 510 3635; x_wconf 87' lang='lat' dir='ltr'>pediebat.</span> <span class='ocrx_word' id='word_1_226' title='bbox 536 3546 674 3612; x_wconf 80' lang='lat' dir='ltr'>Constat</span> <span class='ocrx_word' id='word_1_227' title='bbox 695 3551 780 3612; x_wconf 87' lang='lat' dir='ltr'>enim</span> <span class='ocrx_word' id='word_1_228' title='bbox 802 3547 906 3633; x_wconf 88' lang='lat' dir='ltr'>quod,</span> <span class='ocrx_word' id='word_1_229' title='bbox 928 3552 957 3614; x_wconf 92' lang='lat' dir='ltr'>si</span> <span class='ocrx_word' id='word_1_230' title='bbox 980 3550 1082 3615; x_wconf 85' lang='lat' dir='ltr'>multi</span> <span class='ocrx_word' id='word_1_231' title='bbox 1102 3565 1267 3618; x_wconf 76' lang='lat' dir='ltr'>tenentur</span> <span class='ocrx_word' id='word_1_232' title='bbox 1278 3565 1338 3615; x_wconf 88' lang='lat' dir='ltr'>aut</span> <span class='ocrx_word' id='word_1_233' title='bbox 1345 3554 1523 3637; x_wconf 85' lang='lat' dir='ltr'>piscentur</span> 
     </span>
     <span class='ocr_line' id='line_1_28' title="bbox 347 3657 1521 3747; baseline 0.001 -23"><span class='ocrx_word' id='word_1_234' title='bbox 347 3661 384 3724; x_wconf 88' lang='lat' dir='ltr'>in</span> <span class='ocrx_word' id='word_1_235' title='bbox 415 3671 514 3723; x_wconf 87' lang='lat' dir='ltr'>terra</span> <span class='ocrx_word' id='word_1_236' title='bbox 542 3657 598 3726; x_wconf 81' lang='lat' dir='ltr'>tel</span> <span class='ocrx_word' id='word_1_237' title='bbox 619 3659 779 3743; x_wconf 83' lang='lat' dir='ltr'>flumine,</span> <span class='ocrx_word' id='word_1_238' title='bbox 795 3658 907 3743; x_wconf 86' lang='lat' dir='ltr'>facilc</span> <span class='ocrx_word' id='word_1_239' title='bbox 927 3682 1038 3726; x_wconf 79' lang='lat' dir='ltr'>aereus</span> <span class='ocrx_word' id='word_1_240' title='bbox 1051 3661 1143 3745; x_wconf 91' lang='lat' dir='ltr'>feris</span> <span class='ocrx_word' id='word_1_241' title='bbox 1166 3676 1199 3728; x_wconf 89' lang='lat' dir='ltr'>et</span> <span class='ocrx_word' id='word_1_242' title='bbox 1223 3663 1347 3747; x_wconf 81' lang='lat' dir='ltr'>flumen</span> <span class='ocrx_word' id='word_1_243' title='bbox 1370 3662 1521 3747; x_wconf 87' lang='lat' dir='ltr'>piscibus</span> 
     </span>
     <span class='ocr_line' id='line_1_29' title="bbox 347 3760 1521 3859; baseline 0.001 -23"><span class='ocrx_word' id='word_1_244' title='bbox 347 3760 544 3839; x_wconf 74' lang='lat' dir='ltr'>evacuatum</span> <span class='ocrx_word' id='word_1_245' title='bbox 569 3768 750 3836; x_wconf 83' lang='lat' dir='ltr'>redditur:</span> <span class='ocrx_word' id='word_1_246' title='bbox 774 3769 813 3836; x_wconf 92' lang='lat' dir='ltr'>id</span> <span class='ocrx_word' id='word_1_247' title='bbox 833 3770 923 3855; x_wconf 86' lang='lat' dir='ltr'>quod</span> <span class='ocrx_word' id='word_1_248' title='bbox 942 3774 978 3835; x_wconf 88' lang='lat' dir='ltr'>ia</span> <span class='ocrx_word' id='word_1_249' title='bbox 999 3777 1091 3838; x_wconf 87' lang='lat' dir='ltr'>mari</span> <span class='ocrx_word' id='word_1_250' title='bbox 1114 3794 1177 3838; x_wconf 89' lang='lat' dir='ltr'>aaa</span> <span class='ocrx_word' id='word_1_251' title='bbox 1196 3786 1257 3839; x_wconf 88' lang='lat' dir='ltr'>est.</span> <span class='ocrx_word' id='word_1_252' title='bbox 1303 3774 1386 3838; x_wconf 87' lang='lat' dir='ltr'>Item</span> <span class='ocrx_word' id='word_1_253' title='bbox 1405 3774 1521 3859; x_wconf 76' lang='lat' dir='ltr'>fiumi-</span> 
     </span>
     <span class='ocr_line' id='line_1_30' title="bbox 348 3879 1522 3971; baseline 0.002 -24"><span class='ocrx_word' id='word_1_254' title='bbox 348 3903 425 3947; x_wconf 88' lang='lat' dir='ltr'>aum</span> <span class='ocrx_word' id='word_1_255' title='bbox 449 3884 624 3968; x_wconf 78' lang='lat' dir='ltr'>nauigatio</span> <span class='ocrx_word' id='word_1_256' title='bbox 639 3880 750 3965; x_wconf 89' lang='lat' dir='ltr'>facile</span> <span class='ocrx_word' id='word_1_257' title='bbox 768 3880 918 3947; x_wconf 90' lang='lat' dir='ltr'>deterior</span> <span class='ocrx_word' id='word_1_258' title='bbox 935 3879 978 3965; x_wconf 87' lang='lat' dir='ltr'>fit</span> <span class='ocrx_word' id='word_1_259' title='bbox 1001 3897 1033 3948; x_wconf 88' lang='lat' dir='ltr'>et</span> <span class='ocrx_word' id='word_1_260' title='bbox 1053 3883 1236 3971; x_wconf 84' lang='lat' dir='ltr'>impeditur</span> <span class='ocrx_word' id='word_1_261' title='bbox 1258 3897 1322 3969; x_wconf 86' lang='lat' dir='ltr'>per</span> <span class='ocrx_word' id='word_1_262' title='bbox 1346 3880 1522 3967; x_wconf 79' lang='lat' dir='ltr'>aedificia,</span> 
     </span>
     <span class='ocr_line' id='line_1_31' title="bbox 349 3992 1524 4081; baseline 0.001 -22"><span class='ocrx_word' id='word_1_263' title='bbox 349 3992 438 4078; x_wconf 88' lang='lat' dir='ltr'>quod</span> <span class='ocrx_word' id='word_1_264' title='bbox 465 3996 501 4057; x_wconf 89' lang='lat' dir='ltr'>ia</span> <span class='ocrx_word' id='word_1_265' title='bbox 531 3995 623 4056; x_wconf 85' lang='lat' dir='ltr'>mari</span> <span class='ocrx_word' id='word_1_266' title='bbox 652 4013 716 4056; x_wconf 86' lang='lat' dir='ltr'>non</span> <span class='ocrx_word' id='word_1_267' title='bbox 748 4005 796 4057; x_wconf 88' lang='lat' dir='ltr'>est</span> <span class='ocrx_word' id='word_1_268' title='bbox 814 3998 839 4059; x_wconf 86' lang='lat'>¹.</span> <span class='ocrx_word' id='word_1_269' title='bbox 887 3994 969 4060; x_wconf 87' lang='lat' dir='ltr'>Item</span> <span class='ocrx_word' id='word_1_270' title='bbox 987 4008 1052 4079; x_wconf 89' lang='lat' dir='ltr'>per</span> <span class='ocrx_word' id='word_1_271' title='bbox 1072 3994 1300 4081; x_wconf 84' lang='lat' dir='ltr'>aquaeductus</span> <span class='ocrx_word' id='word_1_272' title='bbox 1314 3995 1427 4080; x_wconf 86' lang='lat' dir='ltr'>facile</span> <span class='ocrx_word' id='word_1_273' title='bbox 1449 4016 1524 4063; x_wconf 80' lang='lat' dir='ltr'>eta-</span> 
     </span>
    </p>
   </div>
   <div class='ocr_carea' id='block_1_3' title="bbox 382 4275 1525 4344">
    <p class='ocr_par' dir='ltr' id='par_1_4' title="bbox 382 4275 1525 4344">
     <span class='ocr_line' id='line_1_32' title="bbox 382 4275 1525 4344; baseline 0.004 -18"><span class='ocrx_word' id='word_1_274' title='bbox 382 4275 433 4326; x_wconf 88' lang='lat' dir='ltr'>¹c.</span> <span class='ocrx_word' id='word_1_275' title='bbox 457 4276 505 4325; x_wconf 88' lang='lat' dir='ltr'>erit</span> <span class='ocrx_word' id='word_1_276' title='bbox 533 4287 616 4324; x_wconf 83' lang='lat' dir='ltr'>autem</span> <span class='ocrx_word' id='word_1_277' title='bbox 643 4278 694 4324; x_wconf 82' lang='lat' dir='ltr'>lex.</span> <span class='ocrx_word' id='word_1_278' title='bbox 712 4275 770 4325; x_wconf 83' lang='lat' dir='ltr'>dist.</span> <span class='ocrx_word' id='word_1_279' title='bbox 789 4289 887 4338; x_wconf 84' lang='lat' dir='ltr'>quarta.</span> <span class='ocrx_word' id='word_1_280' title='bbox 907 4278 996 4341; x_wconf 82' lang='lat' dir='ltr'>[Decr.</span> <span class='ocrx_word' id='word_1_281' title='bbox 1016 4282 1085 4329; x_wconf 80' lang='lat' dir='ltr'>Grac.</span> <span class='ocrx_word' id='word_1_282' title='bbox 1103 4293 1128 4341; x_wconf 91' lang='lat' dir='ltr'>p.</span> <span class='ocrx_word' id='word_1_283' title='bbox 1150 4293 1171 4328; x_wconf 89' lang='lat' dir='ltr'>r.</span> <span class='ocrx_word' id='word_1_284' title='bbox 1192 4279 1306 4344; x_wconf 81' lang='grc'><strong>4.4.]1.</strong></span> <span class='ocrx_word' id='word_1_285' title='bbox 1325 4294 1346 4330; x_wconf 84' lang='lat' dir='ltr'>r.</span> <span class='ocrx_word' id='word_1_286' title='bbox 1363 4292 1389 4330; x_wconf 86' lang='lat' dir='ltr'>et</span> <span class='ocrx_word' id='word_1_287' title='bbox 1407 4294 1431 4330; x_wconf 71' lang='grc' dir='ltr'>α.</span> <span class='ocrx_word' id='word_1_288' title='bbox 1449 4282 1476 4330; x_wconf 75' lang='lat' dir='ltr'>ff.</span> <span class='ocrx_word' id='word_1_289' title='bbox 1494 4284 1525 4331; x_wconf 89' lang='lat' dir='ltr'>dc</span> 
     </span>
    </p>
   </div>
   <div class='ocr_carea' id='block_1_4' title="bbox 348 4366 1524 4520">
    <p class='ocr_par' dir='ltr' id='par_1_5' title="bbox 348 4366 1524 4520">
     <span class='ocr_line' id='line_1_33' title="bbox 348 4366 1524 4434; baseline 0.006 -20"><span class='ocrx_word' id='word_1_290' title='bbox 348 4368 456 4427; x_wconf 77' lang='lat' dir='ltr'>legibus.</span> <span class='ocrx_word' id='word_1_291' title='bbox 480 4368 525 4430; x_wconf 90' lang='lat' dir='ltr'>[D.</span> <span class='ocrx_word' id='word_1_292' title='bbox 550 4380 572 4415; x_wconf 89' lang='lat'>1.</span> <span class='ocrx_word' id='word_1_293' title='bbox 595 4367 631 4428; x_wconf 82' lang='lat'>³·]</span> <span class='ocrx_word' id='word_1_294' title='bbox 656 4380 712 4428; x_wconf 87' lang='lat' dir='ltr'>cap.</span> <span class='ocrx_word' id='word_1_295' title='bbox 737 4366 781 4415; x_wconf 83' lang='lat' dir='ltr'>fin.</span> <span class='ocrx_word' id='word_1_296' title='bbox 804 4369 836 4417; x_wconf 85' lang='lat' dir='ltr'>dc</span> <span class='ocrx_word' id='word_1_297' title='bbox 860 4382 974 4429; x_wconf 75' lang='lat' dir='ltr'>praescr·</span> <span class='ocrx_word' id='word_1_298' title='bbox 999 4370 1140 4433; x_wconf 83' lang='lat' dir='ltr'>[Decretal.</span> <span class='ocrx_word' id='word_1_299' title='bbox 1159 4384 1182 4420; x_wconf 77' lang='lat' dir='ltr'>e.</span> <span class='ocrx_word' id='word_1_300' title='bbox 1201 4372 1241 4421; x_wconf 83' lang='lat'>26.</span> <span class='ocrx_word' id='word_1_301' title='bbox 1260 4372 1314 4434; x_wconf 70' lang='lat' dir='ltr'>aa]</span> <span class='ocrx_word' id='word_1_302' title='bbox 1350 4369 1426 4433; x_wconf 80' lang='lat' dir='ltr'>¹por</span> <span class='ocrx_word' id='word_1_303' title='bbox 1443 4384 1524 4421; x_wconf 88' lang='lat' dir='ltr'>totum</span> 
     </span>
     <span class='ocr_line' id='line_1_34' title="bbox 349 4456 978 4520; baseline 0.006 -16"><span class='ocrx_word' id='word_1_304' title='bbox 349 4457 388 4504; x_wconf 86' lang='lat' dir='ltr'>tit.</span> <span class='ocrx_word' id='word_1_305' title='bbox 407 4457 432 4505; x_wconf 80' lang='lat' dir='ltr'>o.</span> <span class='ocrx_word' id='word_1_306' title='bbox 450 4472 482 4506; x_wconf 91' lang='lat' dir='ltr'>ne</span> <span class='ocrx_word' id='word_1_307' title='bbox 500 4458 562 4517; x_wconf 88' lang='lat' dir='ltr'>quid</span> <span class='ocrx_word' id='word_1_308' title='bbox 580 4456 607 4505; x_wconf 90' lang='lat' dir='ltr'>in</span> <span class='ocrx_word' id='word_1_309' title='bbox 625 4457 692 4506; x_wconf 83' lang='lat' dir='ltr'>iiurn.</span> <span class='ocrx_word' id='word_1_310' title='bbox 708 4458 780 4517; x_wconf 90' lang='lat' dir='ltr'>publ.</span> <span class='ocrx_word' id='word_1_311' title='bbox 800 4458 845 4520; x_wconf 88' lang='lat' dir='ltr'>[D.</span> <span class='ocrx_word' id='word_1_312' title='bbox 863 4471 905 4519; x_wconf 74' lang='lat'>4³·</span> <span class='ocrx_word' id='word_1_313' title='bbox 927 4461 978 4520; x_wconf 78' lang='lat'>¹³·]</span> 
     </span>
    </p>
   </div>
   <div class='ocr_carea' id='block_1_5' title="bbox 0 0 1730 5434">
    <p class='ocr_par' dir='ltr' id='par_1_6' title="bbox 0 0 1730 5434">
     <span class='ocr_line' id='line_1_35' title="bbox 0 0 1730 5434; baseline 0 0"><span class='ocrx_word' id='word_1_314' title='bbox 0 0 1730 5434; x_wconf 95' lang='lat' dir='ltr'> </span> 
     </span>
    </p>
   </div>
  </div>
 </body>
</html>
