3450 5434
512 652 560 700 DE
583 651 683 719 JURE-
700 651 885 698 PRAEDAE.
909 651 989 698 CAP.
1013 651 1053 699 11.
1325 652 1367 715 29

198 807 394 873 devolvitur.
440 806 520 872 Non
543 807 643 892 igitur
666 807 752 873 sicut
774 807 806 873 in
829 805 996 890 republica
1013 807 1188 891 unajudex
1198 806 1252 891 jus
1268 803 1369 886 facit,

197 919 242 984 ita
265 919 318 984 hic
339 919 434 984 etiam
459 919 758 1002 quomodocunque
780 918 944 1004 judicasse
966 918 1114 985 sufficiet.
1159 917 1261 985 Nulla
1283 917 1368 983 enim

197 1045 246 1097 est
267 1029 464 1113 reipublicae
496 1031 530 1096 in
562 1031 794 1113 rempublicam
816 1044 963 1114 potestas
987 1050 1027 1096 ex
1045 1030 1288 1110 conventione,
1311 1029 1370 1094 sed

197 1161 236 1206 ex
256 1157 393 1223 natura,
417 1162 500 1224 quae
520 1143 576 1226 jus
602 1161 697 1208 suum
720 1143 873 1226 persequi
895 1142 1075 1224 unicuique
1096 1140 1265 1224 permittit.
1308 1139 1370 1224 Jus

197 1255 298 1339 igitur
329 1255 496 1339 praecedat
524 1274 654 1322 necesse
686 1268 749 1321 est.
795 1254 872 1321 Huc
902 1254 985 1320 illud
1011 1253 1177 1337 pertinet,
1210 1253 1302 1334 quod
1329 1253 1368 1318 ab

197 1366 348 1433 omnibus
372 1369 381 1401 ¹
403 1366 557 1434 traditum
579 1380 651 1447 est,
675 1367 805 1430 alteram
816 1365 1047 1448 rempublicam
1059 1365 1191 1431 alterius
1203 1363 1367 1430 subditam

197 1477 266 1542 fieri
287 1477 517 1560 delinquendo,
561 1479 647 1544 Nam
666 1478 817 1560 quisquis
834 1480 960 1563 justum
979 1478 1101 1542 bellum
1123 1476 1220 1562 gerit,
1238 1496 1369 1544 necesse

197 1605 246 1656 est
277 1606 409 1656 eatenus
438 1590 539 1676 Judex
570 1589 629 1656 fiat
661 1590 859 1671 adversarii,
893 1589 987 1670 sive,
1018 1604 1057 1654 ut
1087 1589 1181 1655 Plato
1216 1589 1228 1626 ²
1260 1588 1368 1668 dixit,

194 1707 405 1790 σωφρονιστής,
428 1723 542 1767 censor
562 1716 661 1784 atque
683 1705 884 1789 castigator.
931 1700 1167 1766 Rediturenim
1186 1699 1367 1768 necessario

195 1812 236 1877 ad
253 1813 308 1896 jus
327 1828 479 1894 naturae,
501 1833 568 1896 quo
589 1813 818 1896 unusquisque
838 1812 873 1878 in
894 1832 953 1880 sua
975 1811 1224 1897 causaJudicare
1237 1810 1370 1894 permit-

195 1925 335 1990 tebatur.
367 1924 536 1991 Hactenus
559 1927 648 2011 leges
669 1924 820 1992 instituto
844 1923 1368 2008 convenientespraescripsimus:

196 2051 375 2120 quaesunt
397 2057 509 2103 omnes
534 2039 698 2124 generales
718 2052 750 2102 et
772 2037 994 2118 necessariae,
1017 2036 1080 2103 nisi
1104 2036 1194 2118 quod
1217 2056 1282 2101 una
1302 2035 1367 2101 illis

195 2149 344 2234 exceptio
375 2150 565 2216 naturaliter
596 2149 681 2216 inest
708 2150 746 2232 ³,
781 2165 819 2217 ut
852 2150 880 2218 si
913 2149 1055 2233 quando·
1076 2148 1211 2231 aliquod
1244 2147 1368 2214 factum

195 2260 325 2328 eveniat
347 2261 379 2326 in
404 2281 471 2343 quo
494 2263 582 2347 leges
604 2262 687 2327 inter
717 2282 751 2328 se
775 2263 951 2348 confligere
975 2262 1168 2344 videantur,
1192 2281 1290 2344 quarn
1308 2281 1368 2328 vo-

195 2388 269 2438 cant
298 2373 444 2440 rhetores
474 2379 527 2452 clv
555 2380 635 2445 κατὰ
662 2380 828 2460 περίστασιν
847 2380 974 2460 μάχην,
992 2389 1142 2462 pugnam
1164 2395 1205 2440 cx
1227 2378 1369 2441 circum·

193 2489 343 2564 stantia,
377 2500 446 2551 tum
477 2487 654 2569 superioris
684 2487 767 2553 ratio
797 2487 955 2553 habeatur
989 2485 1140 2553 inferiore
1172 2487 1366 2571 postposita.

194 2596 320 2680 Legum
342 2595 443 2681 igitur
463 2612 652 2665 cunctarum
674 2599 767 2682 quasi
791 2601 843 2664 lex
864 2597 927 2663 erit
949 2597 1030 2666 ista:
1053 2598 1101 2664 Ut
1123 2599 1180 2665 ubi
1202 2599 1368 2665 simulob-
1388 2612 1520 2660 aaxxrrr.

193 2711 327 2776 serrari
341 2723 479 2794 possunt
500 2709 738 2779 observentur:
762 2710 819 2776 ubi
841 2709 881 2776 id
888 2709 968 2791 fieri
989 2732 1052 2775 non
1065 2724 1197 2797 potest,
1221 2724 1291 2776 tum
1310 2725 1369 2797 po-

193 2823 262 2882 tior
284 2824 328 2884 sit
349 2841 433 2906 quac
454 2836 501 2887 est
521 2821 667 2910 dignior.
713 2821 788 2887 Hoc
810 2821 918 2904 ipsum
939 2841 1041 2903 vero,
1066 2841 1149 2903 quae
1161 2822 1290 2907 dignior
1300 2822 1367 2904 sit,

193 2945 262 2995 tum
286 2951 326 2996 ex
337 2933 486 3018 origine,
509 2950 578 3000 tum
592 2953 631 3000 ex
643 2932 708 2998 fine
720 2932 859 3018 intelligi
870 2947 989 3016 potest.
1012 2931 1063 2997 Ex
1074 2931 1200 3018 origine
1212 2931 1297 2997 enim
1312 2935 1368 3017 jus

193 3041 341 3110 divinum
362 3045 428 3129 juri
450 3047 616 3127 humanu,
638 3047 693 3131 jus
713 3047 891 3112 humanum
910 3045 976 3131 juri
999 3044 1089 3111 civili
1105 3058 1247 3128 praestat
1266 3053 1289 3111 ⁸.
1314 3045 1368 3110 Ex

193 3153 258 3221 fine
289 3155 345 3239 id,
380 3158 470 3241 quod
499 3159 539 3224 ad
560 3159 683 3224 bonum
707 3158 829 3241 cuique
851 3177 948 3225 suum
970 3156 1134 3240 pertinet,
1159 3157 1188 3223 ei
1212 3157 1305 3239 quod
1327 3156 1369 3223 ad

193 3266 332 3333 alienum
364 3267 567 3352 praefertur,
601 3284 633 3335 et
666 3269 789 3335 bonurn
812 3271 917 3354 majus
939 3268 1056 3335 minori
1080 3285 1113 3335 et
1140 3269 1215 3335 mali
1237 3269 1368 3354 majoris

191 3379 329 3444 remotio
345 3379 462 3446 minori
485 3382 582 3446 bono.
628 3380 779 3464 Exempli
804 3380 907 3465 gratia
929 3380 957 3446 si
981 3381 1015 3447 in
1034 3381 1215 3447 solitudine
1238 3381 1367 3447 insultu

193 3489 330 3575 alicujus
351 3491 480 3558 devita
511 3491 725 3575 pericliteris,
749 3493 804 3558 hic
824 3511 898 3558 eum
922 3492 1002 3558 adiri
1023 3493 1166 3576 J'udicem
1191 3512 1298 3574 neque
1318 3493 1368 3557 lo-

192 3621 249 3666 cus
279 3621 385 3684 neque
413 3617 545 3687 tempus
568 3602 672 3684 ferat,
698 3607 844 3689 neglecta
864 3605 936 3688 lege
955 3623 1042 3670 nona
1060 3604 1100 3670 de
1119 3604 1277 3690 judiciis,
1301 3624 1368 3670 me-

192 3713 256 3779 rito
277 3727 376 3780 temet
398 3714 467 3798 ipse
487 3714 643 3782 defendes
667 3710 692 3782 ⁸.
738 3717 808 3782 lmo
827 3735 869 3782 ne
893 3714 986 3780 tertia
1009 3715 1141 3797 quidem
1163 3717 1217 3783 lex
1239 3716 1367 3782 obstare

226 4020 233 4052 ¹
252 4024 339 4072 lnnoc.
356 4023 382 4072 in
395 4038 418 4075 c.
431 4025 573 4086 postulasti.
589 4028 620 4075 de
633 4026 692 4076 l'oro
707 4041 791 4089 comp.
808 4029 947 4090 [Decretal.
966 4043 989 4079 a.
1006 4043 1029 4079 a.
1046 4029 1097 4092 14]
1122 4027 1204 4087 Caiet.
1221 4029 1253 4077 ad
1272 4030 1364 4076 summ.

190 4113 281 4162 Tirom.
308 4128 332 4167 2.
356 4129 379 4163 2.
396 4128 421 4175 q.
438 4130 479 4178 40.
495 4128 541 4165 art.
565 4131 586 4166 1.
604 4129 629 4167 et
645 4119 701 4180 ipse
716 4119 806 4168 Thom.
825 4133 848 4169 a.
867 4134 891 4168 a.
908 4134 933 4180 q.
949 4121 990 4178 67.
1007 4132 1053 4169 art.
1075 4134 1096 4169 1.
1113 4122 1145 4169 ad
1161 4119 1273 4169 tertiam.
1290 4119 1363 4166 Bald.

191 4204 260 4263 quib.
278 4207 346 4254 mod
365 4207 434 4256 saud.
460 4207 594 4258 amittatur.
620 4223 645 4258 n.
667 4223 692 4271 4
718 4210 758 4272 [F.
785 4223 805 4258 1.
829 4223 853 4266 s.
879 4210 930 4273 17.]
953 4212 1041 4260 Fratre.
1068 4211 1136 4259 vict.
1161 4212 1193 4259 de
1215 4208 1272 4267 iure
1295 4207 1366 4256 belli.

190 4307 215 4342 ιι.
239 4307 277 4353 17.
300 4309 338 4358 19.
362 4297 403 4358 46.
425 4309 451 4346 et
475 4299 515 4354 56.
548 4296 608 4348 'de
625 4313 679 4361 rep.
694 4302 711 4350 l.
730 4311 753 4357 ς.
769 4301 806 4363 [p.
820 4315 879 4362 471.
895 4303 930 4364 a]
964 4301 1054 4352 ’silan
1070 4302 1097 4350 in
1114 4299 1364 4360 v.l.ex.§8.1bl‚

190 4387 240 4435 hoc
253 4398 344 4436 tamen.
375 4385 387 4420 ⁴
404 4391 493 4440 scotus
512 4403 552 4439 αι.
573 4391 632 4440 dist.
652 4404 693 4453 41·
716 4392 771 4440 Cic.
791 4394 824 4442 de
842 4393 939 4442 invent.
960 4396 978 4441 l.
998 4407 1021 4442 a.
1045 4393 1081 4454 [e.
1101 4393 1155 4454 49.]
1198 4390 1210 4423 ⁸
1227 4392 1259 4440 V.
1278 4405 1301 4440 c.
1319 4389 1364 4451 qui

190 4477 292 4527 resistit.
311 4478 399 4540 [Decr.
424 4481 492 4529 Grat.
509 4496 535 4542 p.
554 4495 577 4530 2.
598 4495 634 4531 rr.
653 4493 677 4540 3·
694 4481 747 4547 97.]
783 4483 828 4533 ⁶1.
846 4497 872 4545 4.
897 4495 923 4532 et
948 4495 971 4540 5.
989 4483 1015 4533 ff.
1033 4486 1065 4533 ad
1082 4486 1099 4532 l.
1115 4483 1201 4544 Aquil.
1220 4483 1265 4545 [D.
1283 4496 1308 4545 9.
1325 4482 1362 4544 a]

190 4579 214 4616 et
232 4571 250 4617 l.
269 4569 409 4620 scientiam
425 4574 438 4629 ς
456 4587 481 4635 4.
498 4585 530 4622 eo
548 4573 587 4622 tit.
604 4573 648 4636 [D.
666 4587 689 4636 9.
705 4588 728 4624 a.
743 4573 798 4636 45.]
817 4574 874 4625 Cic.
890 4589 939 4636 pro
957 4575 1067 4625 Milone.
1085 4574 1123 4637 [c.
1138 4579 1195 4636 45
1216 4587 1254 4624 ιο.
1269 4574 1320 4636 eq]
