3450 5434
482 670 528 714 ΒΕ
552 670 644 735 JURE
673 668 855 714 russulis.
880 669 960 715 CAP.
986 670 1050 715 xtt.
1309 668 1371 731 205

197 824 340 909 Anglis,
363 823 521 890 Venetis:
553 840 585 889 et
613 822 786 909 diligenter
805 822 882 888 vide
902 842 978 889 num
1003 821 1084 903 quid
1105 822 1213 890 obstet
1240 822 1372 904 quomi-

197 956 282 1017 nus,
306 936 335 1002 si
356 955 389 1001 se
411 956 468 1002 res·
482 936 527 1000 ita
549 936 708 1014 haberet,
731 935 849 1017 praeda
866 935 954 1018 justa
977 953 1125 1016 puraque
1148 935 1270 999 censeri
1295 954 1371 1017 pos·

196 1062 259 1113 set.
283 1046 362 1113 Post
381 1046 541 1129 privatam
554 1066 682 1113 causam
695 1046 860 1129 publicam
875 1044 1039 1127 expende:
1065 1045 1099 1109 in
1112 1059 1251 1126 utruque
1263 1060 1370 1110 autern

197 1159 346 1241 inspice,
379 1157 462 1240 quid
479 1157 558 1223 belli
576 1157 768 1224 auctoribus
791 1177 851 1239 pro
875 1177 932 1235 se,
957 1155 1039 1237 quid
1058 1172 1168 1222 autent
1189 1176 1249 1238 pro
1270 1155 1371 1221 sociis

198 1269 344 1335 licuerit:
369 1268 486 1335 deinde
516 1268 558 1335 ad
584 1268 737 1335 subditos
759 1283 792 1333 te
815 1284 971 1334 converte
993 1284 1025 1334 et
1047 1268 1079 1332 in
1103 1268 1243 1351 siugulis
1262 1265 1371 1333 omnia

197 1400 366 1445 causarum
391 1400 507 1465 genera
530 1398 709 1460 omnesque
728 1378 938 1445 definitiones
956 1379 1111 1462 expende.
1156 1380 1209 1443 Ac
1229 1377 1369 1461 primurn

197 1491 239 1558 ad
258 1510 412 1573 personas
443 1490 534 1572 quod
555 1490 673 1556 attinet
697 1492 731 1571 ¹,
755 1511 828 1555 cum
851 1490 971 1572 privati
995 1490 1073 1555 belli
1094 1504 1289 1573 potestatem
1313 1510 1371 1556 na-

197 1616 271 1667 tura
303 1604 374 1686 ejus
402 1601 486 1685 J‘uris
518 1601 648 1667 domina
678 1616 777 1684 atque
809 1601 997 1684 imperatrix
1031 1601 1151 1666 nemini
1183 1601 1369 1667 mortalium

197 1728 317 1797 neget,
342 1713 530 1779 societatem
561 1713 709 1777 Indicam
733 1712 863 1778 excludi
885 1730 981 1778 nemo
1011 1712 1149 1777 dixerit:
1174 1712 1265 1793 quod
1285 1712 1369 1777 enirn

198 1824 338 1911 singulis
361 1825 521 1906 seorsim,
545 1824 630 1891 idern
654 1823 855 1890 coniunctim
880 1822 1032 1905 pluribus
1052 1822 1135 1908 juris
1159 1838 1218 1888 est.

241 1936 381 2001 Causam
411 1955 488 2019 ergo
509 1936 597 2001 unde
616 1936 738 2000 bellurn
761 1935 868 2000 oritur
900 1935 983 2018 (lroc
1011 1935 1095 1999 enirn
1121 1934 1268 2018 proxime
1292 1954 1371 2000 con-

197 2046 369 2131 sequitur)
399 2047 655 2131 investigemus:
680 2060 712 2111 et
731 2044 810 2127 quia
835 2044 1025 2111 monuimus
1046 2066 1167 2128 supra,
1192 2065 1275 2127 quae
1294 2068 1371 2113 cau-

198 2177 276 2237 sae,
307 2158 335 2225 si
365 2160 474 2242 justae
508 2173 638 2239 essent,
671 2157 795 2222 bellum
826 2156 978 2239 petitoris
1008 2158 1135 2242 justum
1167 2156 1314 2223 facerent
1335 2154 1370 2239 ²,

197 2269 344 2348 easdem,
356 2270 385 2335 si
405 2269 440 2335 id
457 2271 512 2354 jus
533 2288 600 2334 non
624 2283 709 2334 recte
726 2288 802 2350 prae
815 2288 850 2332 se
871 2266 1003 2347 ferunt,
1014 2267 1175 2351 justitiam
1194 2268 1236 2335 ad
1257 2268 1372 2336 defen·

197 2399 303 2447 sorem
322 2379 520 2461 transferre,
541 2398 735 2462 quaeramus
755 2380 794 2445 ab
816 2378 896 2463 ipsis
914 2379 1104 2459 Lusitanis,
1120 2380 1200 2461 quid
1218 2379 1261 2443 sit
1281 2381 1371 2463 quod

197 2491 247 2556 illi
278 2512 295 2558 a
325 2492 482 2557 societate
514 2491 627 2557 Indica
649 2493 829 2575 postulent.
874 2490 954 2555 Non
977 2490 1076 2556 dubie
1103 2491 1369 2573 respondebunt,

196 2604 262 2669 hoc
279 2621 383 2669 unum
405 2624 440 2668 se
461 2605 647 2687 postulare,
664 2622 705 2667 ne
726 2601 802 2684 quis
824 2614 950 2685 praeter
970 2620 1005 2666 se
1026 2602 1067 2667 ad
1085 2602 1185 2668 Indos
1206 2603 1369 2668 mercandi

196 2736 295 2782 causa
317 2716 465 2782 accedat:
491 2715 698 2797 quodetiam
723 2714 752 2780 si
773 2729 861 2780 recte
881 2712 1066 2793 diceretur,
1087 2727 1273 2779 nontamen
1295 2734 1372 2780 con-

197 2828 292 2892 tinuo
324 2826 461 2893 insidiae
494 2841 526 2892 et
554 2825 679 2908 perfida
711 2825 877 2905 facinora,
907 2842 991 2907 quae
1023 2823 1121 2888 modo
1145 2826 1370 2908 narravimus,

196 2953 438 3004 excusarentur.
483 2936 551 3003 Sed
571 2952 679 3003 tamen
699 2936 779 3018 quia
810 2938 903 3002 color
930 2936 986 3001 ille
1016 2934 1056 2999 ad
1083 2936 1187 3000 multa
1209 2935 1370 3018 pertinet,

196 3049 230 3114 in
254 3050 326 3131 ipso
348 3048 441 3114 aditu
473 3047 692 3131 explorandus
716 3062 779 3113 est.
823 3046 967 3112 Primum
1001 3066 1078 3131 ergo
1111 3044 1195 3111 illud
1224 3046 1369 3129 positum
1384 3070 1464 3118 arou.
1482 3068 1502 3113 r.

196 3160 241 3225 sit
269 3160 342 3243 jure
371 3160 518 3243 gentium
549 3157 702 3241 primario
729 3159 889 3243 jubente,
923 3158 1018 3241 cujus
1038 3158 1120 3223 ratio
1144 3174 1300 3242 perpetua
1323 3176 1372 3226 est

197 3285 231 3335 et
262 3256 497 3352 immutabilis,
521 3270 619 3336 licere
642 3268 774 3335 Batavis
798 3268 973 3351 quibusvis
1003 3290 1076 3334 cunr
1098 3270 1251 3355 gentibus
1270 3289 1371 3355 nego-

197 3382 282 3448 tiari.
313 3382 435 3448 Noluit
459 3381 545 3447 eninr
566 3382 658 3446 Deus
679 3401 716 3445 ea
735 3395 876 3461 cuncta,
901 3380 1024 3462 quibus
1044 3379 1113 3447 vita
1134 3380 1282 3466 indiget,
1302 3401 1371 3447 om-

196 3494 295 3560 nibus
315 3493 398 3560 locis
414 3492 622 3575 suppeditare
641 3506 805 3558 naturam:
820 3490 945 3557 artibus
964 3492 1059 3557 etiam
1076 3491 1149 3559 aliis
1165 3492 1243 3558 alias
1260 3510 1371 3578 gentes

197 3605 289 3671 dedit
312 3606 479 3671 excellere.
513 3605 591 3692 Quo
613 3603 697 3684 ista,
720 3603 784 3669 nisi
804 3602 896 3685 quod
915 3603 1025 3669 voluit
1042 3618 1154 3670 mutua
1176 3620 1318 3689 egestate
1339 3621 1371 3671 et

189 3715 293 3799 copia
305 3714 587 3782 humanasfoveri
603 3714 783 3795 amicitias,
800 3734 841 3780 ne
857 3714 980 3799 singuli
997 3732 1032 3780 se
1047 3728 1201 3796 putantes
1215 3716 1370 3799 sibiipsis

197 3826 366 3907 sufficere,
389 3828 454 3894 hoc
476 3827 549 3910 ipso
573 3826 787 3893 redderentur
807 3824 1043 3891 insociabiles?
1061 3825 1162 3892 Nunc
1182 3825 1370 3893 factumest

196 3954 235 4004 ut
264 3958 343 4023 gens
375 3940 475 4004 altera
507 3937 640 4004 alterius
671 3940 840 4021 suppleret
871 3936 1038 4019 inopiam,
1071 3936 1200 4003 divinae
1223 3938 1369 4022 justitiae

196 4050 375 4145 instituto,
400 4066 437 4115 ut
461 4070 500 4115 eo
529 4049 629 4115 modo
653 4048 760 4132 (sicut
782 4048 909 4115 Plinius
932 4046 943 4083 ³
966 4048 1090 4133 dicit),
1114 4048 1368 4133 quod'genitunr

193 4216 393 4227 -——--.——-

231 4319 239 4353 ¹
257 4336 289 4371 ex
308 4324 475 4373 conclusione
492 4324 594 4385 quinta,
611 4324 719 4373 articulo
737 4324 840 4386 priore,
856 4324 883 4372 in
900 4322 988 4384 primis
1005 4320 1090 4371 verbis
1109 4332 1133 4370 et
1152 4330 1216 4380 quae
1234 4322 1265 4369 ad
1280 4323 1368 4369 horum

195 4415 437 4464 demonstrationem
458 4427 498 4464 aut
520 4416 718 4477 explicationem
736 4416 863 4476 pertinent
882 4429 938 4475 cap.
955 4426 1038 4464 sexto.
1073 4411 1126 4460 ²itt
1143 4424 1167 4461 c.
1186 4424 1210 4469 7.
1226 4425 1277 4460 non
1293 4414 1368 4471 longe

195 4518 209 4551 a
224 4504 364 4565 principio.
399 4505 518 4565 ’Panem
535 4506 574 4567 (c.
591 4520 630 4566 29.
648 4510 670 4564 5.
687 4506 725 4568 a.)
