3450 5434
347 593 402 662 358
838 598 1047 642 uocuntuun.

347 779 514 838 Lusitanis:
542 791 640 834 omnes
668 775 744 833 enim
773 773 885 832 facInus
914 773 1071 830 Macairnte
1102 779 1301 844 perpetratum
1331 769 1462 842 Iniquum
1491 779 1521 826 et

347 886 471 941 immane
501 893 615 956 putant.
657 878 745 958 Quod
775 875 974 935 conditionem
1004 875 1255 943 Christianorum,
1285 874 1337 947 qui
1366 873 1461 931 miseri
1492 883 1523 930 et

347 999 462 1062 egentes
493 987 523 1044 in
552 985 724 1059 captivitate
751 983 876 1050 vivunt,
904 981 1031 1053 impensa
1059 995 1147 1052 opera
1167 981 1290 1036 allevate
1312 975 1425 1047 studes,
1446 991 1522 1050 spem

347 1092 418 1150 mihi
450 1089 520 1147 facit
548 1088 627 1156 fore,
654 1097 689 1144 ut
717 1086 747 1142 in
775 1101 866 1141 meam
895 1083 1014 1156 gratiam
1043 1099 1126 1155 agere
1154 1082 1226 1140 velis
1256 1097 1321 1137 curn
1352 1095 1418 1152 rege
1440 1079 1524 1151 jorae

348 1195 469 1268 ejusque
499 1192 588 1249 fratre
617 1191 694 1248 Rasa
722 1191 820 1246 Bonso
848 1186 885 1245 de
914 1187 1061 1245 Lusitanis
1091 1198 1120 1244 et
1153 1185 1344 1252 Christianis,
1376 1199 1450 1256 quos
1471 1183 1524 1240 sub

349 1300 448 1356 colore
477 1296 554 1370 pacis
583 1295 715 1368 captivos
743 1291 876 1350 abduxit.
916 1293 961 1349 De
988 1290 1131 1347 mercibus
1152 1288 1270 1362 juucae,
1296 1305 1353 1360 qua
1374 1287 1524 1354 Lusitani,

348 1418 421 1476 quos
444 1401 543 1474 cepit,
563 1397 762 1464 vehebantur,
783 1396 856 1453 nihil
879 1393 997 1464 addam,
1018 1410 1072 1450 nec
1084 1395 1219 1467 postulo,
1239 1401 1274 1449 ut
1289 1391 1359 1448 mlhi
1371 1392 1525 1448 restituan-

351 1518 416 1574 tur,
437 1520 502 1560 nam
523 1505 601 1561 inter
622 1502 728 1557 milites
749 1498 853 1557 divisas
874 1514 934 1555 esse
955 1497 1046 1571 probe
1067 1497 1137 1554 scio.
1159 1495 1214 1554 Sed
1236 1511 1308 1567 rogo
1329 1504 1359 1551 et
1377 1494 1526 1563 obtestor,

351 1619 385 1666 ut
412 1607 482 1664 mihi
517 1607 673 1663 Lusitanos
702 1614 732 1662 et
762 1601 963 1671 Christianos,
998 1601 1049 1674 qui
1084 1601 1141 1657 illis
1175 1599 1282 1656 nullius
1317 1597 1406 1672 pretii
1441 1608 1525 1670 sunt,

354 1725 524 1784 recuperare
551 1711 653 1778 liceat,
684 1720 714 1766 et
736 1709 903 1782 Philippum
923 1706 1039 1764 Lobum
1059 1721 1092 1762 ac
1115 1705 1232 1762 Petrum
1254 1703 1469 1760 Mascarcheam
1491 1699 1527 1759 ad

355 1825 384 1871 te
404 1815 509 1882 mitt0,
537 1813 587 1886 qui
618 1814 671 1869 hac
700 1811 736 1869 de
765 1815 803 1868 re'
823 1828 889 1868 cum
918 1825 984 1883 rege
1013 1820 1098 1882 agant
1125 1819 1154 1865 et
1176 1819 1205 1864 te
1224 1807 1346 1863 obsecro
1367 1817 1402 1862 ut
1421 1821 1470 1862 eos
1490 1804 1527 1860 ab

353 1918 434 1974 omni
455 1917 562 1989 injuria
585 1917 661 1974 tueri
683 1926 712 1974 et
734 1894 883 1974 salvosad
905 1915 1061 1971 Lusitanos
1082 1912 1197 1969 mittete
1217 1911 1300 1967 velis.
1341 1909 1428 1966 Faxit
1449 1910 1528 1966 Deus

354 2031 389 2079 ut
410 2037 447 2077 ex
469 2021 557 2078 animi
580 2020 723 2077 sententIa
745 2019 815 2075 salvi
836 2028 866 2074 et
888 2018 1045 2075 incolumes
1066 2017 1095 2072 in
1124 2013 1306 2073 Hoilandiam
1333 2012 1529 2070 revertamini.

357 2124 488 2197 Scriptae
510 2123 675 2192 Malaccae,
695 2120 725 2180 d.
745 2124 783 2181 26
803 2121 907 2178 Martii
928 2136 1005 2177 anno
1029 2121 1114 2190 1603.

1059 2223 1171 2279 Fernao
1191 2219 1237 2277 dal
1260 2222 1450 2293 Buquerque.

845 2416 1041 2424 Ἥ

878 2541 1003 2643 VIII.

361 2774 514 2830 Ertsrosn
534 2773 712 2830 Cnrrrntvet
732 2787 851 2831 carran
871 2789 1023 2831 uncturus
1043 2789 1082 2830 au
1101 2773 1247 2845 Jnconunt
1261 2772 1529 2829 Hsusuencuruu.

775 2878 812 2934 A.
838 2878 923 2948 1603.
944 2877 1053 2934 Maur.
1076 2893 1122 2950 24.

838 3056 1043 3064 -————

401 3177 465 3232 Deo
492 3176 604 3248 placuit
639 3175 733 3234 facere
760 3189 794 3234 ut
821 3173 964 3248 praesidio
996 3186 1049 3233 tuo
1077 3174 1170 3232 redux
1198 3175 1357 3233 Malaccam
1385 3175 1532 3231 venirem:

361 3281 459 3351 itaque
479 3277 547 3336 dum
569 3279 629 3336 vita
649 3279 719 3335 mihi
741 3288 896 3352 suppetet,
919 3289 946 3335 te
967 3276 1091 3336 laudabo
1111 3277 1150 3335 ob
1171 3281 1260 3336 multa
1272 3276 1339 3335 fidei
1350 3292 1380 3336 et
1390 3279 1533 3337 amicitiae

361 3381 551 3448 documenta,
572 3397 645 3454 quae
666 3398 717 3454 per
736 3398 821 3439 omne
842 3382 1020 3454 captivitatis
1042 3395 1153 3456 tempus
1175 3399 1240 3440 cum
1262 3383 1323 3455 ipse
1334 3384 1449 3455 accepi,
1469 3392 1532 3438 tum

361 3486 468 3552 ceterI,
498 3486 549 3557 qui
580 3501 691 3542 mecum
724 3496 816 3544 erant.
858 3487 905 3544 Ex
935 3487 1032 3544 animo
1062 3488 1166 3544 vellem
1198 3501 1243 3543 me
1273 3485 1377 3543 habere
1408 3485 1531 3556 aliquam

363 3587 567 3656 refectionem,
598 3605 685 3661 quam
707 3589 762 3646 tibi
783 3588 862 3647 dono
883 3591 998 3648 mittete
1020 3605 1150 3664 possem,
1169 3601 1203 3648 ut
1224 3589 1322 3662 aliquo
1345 3599 1425 3646 certe
1447 3586 1534 3644 modo

363 3689 501 3749 beneficia
530 3702 580 3751 tua
607 3691 809 3765 rependerem:
838 3692 887 3751 sed
915 3710 975 3750 mea
1004 3705 1111 3766 egestas
1140 3705 1169 3752 et
1190 3692 1270 3766 quod
1291 3693 1321 3749 in
1344 3703 1420 3750 terra
1441 3692 1535 3749 aliena

363 3795 439 3869 apud
468 3797 635 3869 peregrinos
665 3813 777 3865 moror,
805 3796 834 3854 ld
862 3813 907 3855 me
929 3796 1021 3855 facere
1042 3808 1141 3869 vetat3
1162 3815 1198 3854 ne
1218 3798 1306 3854 vestis
1326 3795 1443 3868 quidem
1464 3797 1535 3853 milri

364 3910 510 3971 superest,
537 3910 652 3972 praeter
678 3916 755 3968 eam,
783 3917 839 3972 qua
868 3916 946 3958 nunc
974 3903 1060 3958 etiam
1090 3900 1208 3959 lndutus
1240 3918 1319 3958 sum:
1349 3901 1418 3958 haec
1439 3909 1534 3958 autem

364 4001 517 4077 glandibus
538 4018 554 4058 e
576 4002 699 4059 navibus
726 4005 783 4060 tuIs
811 4005 919 4060 emissis
949 4005 989 4062 lta
1010 4003 1125 4062 discissa
1146 4016 1175 4062 et
1198 4008 1321 4062 lacerata
1343 4016 1403 4072 est,
1425 4017 1458 4062 ut
1479 4022 1537 4061 atn-

365 4106 441 4180 pIIus
462 4107 507 4163 uti
528 4122 675 4177 nequeam.
717 4105 818 4179 Itaque
846 4110 968 4180 supplex
995 4119 1080 4180 peto,
1101 4118 1135 4165 ut
1156 4109 1224 4165 mihi
1246 4125 1359 4181 segmen
1383 4109 1536 4165 holoserici

366 4210 480 4278 mittas,
501 4209 578 4268 unde
599 4210 682 4268 aliam
702 4222 811 4268 vestem
833 4211 938 4269 confici
958 4211 1090 4285 jubeam:
1111 4210 1191 4284 quod
1212 4213 1234 4268 si
1256 4211 1375 4282 feceris,
1396 4227 1537 4270 summum

366 4313 538 4372 beneficium
559 4315 670 4389 putabo
690 4326 720 4373 et
741 4327 775 4373 ut
796 4318 1003 4389 eleemosynam
1025 4327 1123 4388 gratus
1144 4333 1160 4372 a
1181 4325 1209 4373 te
1220 4317 1375 4389 achpiam:
1398 4327 1430 4372 tu
1441 4327 1538 4372 autern

368 4420 528 4478 meminisse
556 4421 629 4478 velis
654 4437 711 4493 qua
731 4419 901 4478 conditione
922 4419 1044 4488 fuerim,
1065 4436 1130 4477 cum
1152 4421 1275 4493 palmum
1298 4421 1327 4476 in
1354 4435 1453 4477 manus
1475 4431 1540 4476 tuas
