3450 5434
337 597 379 658 60
416 646 418 656 ,
648 613 692 657 oe
716 611 808 674 June
835 609 1018 654 reasons.
1043 609 1121 653 cnr.
1147 609 1196 653 vt.

336 786 439 848 pore,
463 780 501 828 ut
521 784 638 846 corpus
650 763 694 828 sit
714 763 925 844 quodanlmo
938 763 1095 828 inserviat
1115 765 1137 827 ¹.
1162 763 1236 826 Hoc
1249 761 1356 844 ipsum
1369 778 1401 826 et
1411 782 1511 829 mem·

335 877 467 942 brorum
490 897 567 942 usus
590 875 730 949 indicat,
743 873 917 956 praecipue
929 870 1132 953 manuum¹,
1158 893 1238 955 quas
1250 875 1429 940 exserendo
1448 893 1511 938 nos

335 986 424 1069 ipsos
447 1000 596 1064 tuemur,
621 984 799 1069 injiciendo
823 1005 889 1049 rem
912 999 948 1049 ut
966 999 1109 1050 nostram
1121 984 1345 1049 vindicamust
1365 985 1511 1049 naturale

334 1111 384 1162 est
399 1111 560 1179 praeterea
578 1110 616 1160 ut
633 1098 714 1160 alter
735 1094 825 1159 alteri
839 1093 1079 1160 benefaciamus
1096 1109 1196 1177 atque
1212 1115 1307 1177 opem
1321 1092 1463 1160 feramus
1484 1095 1509 1160 ².

334 1207 417 1272 Nam
438 1207 530 1291 quod
550 1207 645 1272 nobis
664 1205 889 1270 laborantibus
911 1204 980 1269 lieri
1009 1183 1285 1285 velimus‚⁹idem
1306 1220 1393 1270 recte
1416 1205 1509 1269 alteri

334 1317 570 1400 praestabimus
592 1321 614 1376 ⁴.
659 1317 729 1381 Nec
756 1318 837 1381 male
868 1315 986 1398 quide
1017 1314 1136 1381 officiis
1166 1316 1368 1399 scripserunt
1390 1311 1403 1346 ⁸
1427 1315 1512 1380 illud

334 1429 555 1494 demonstrant
576 1429 650 1494 Deo
670 1425 857 1511 placuisse,
880 1445 922 1491 ne
943 1425 1025 1508 quid
1045 1440 1121 1508 post
1144 1427 1250 1509 ipsum
1274 1425 1399 1491 homini
1424 1439 1511 1491 esset

335 1538 449 1603 utilius
472 1539 617 1604 bomine.
664 1537 749 1604 Sunt
777 1552 885 1602 autern
917 1536 1046 1603 diversa
1071 1536 1156 1601 inter
1175 1536 1325 1602 homines
1345 1535 1510 1601 societatis

333 1651 517 1731 vocabula,
541 1649 719 1716 secundum
743 1668 826 1730 quae
840 1661 873 1713 et
884 1647 1014 1731 cognati
1034 1648 1075 1711 ad
1095 1667 1191 1730 opem
1206 1645 1369 1712 ferendam
1390 1660 1512 1711 coeunt

335 1775 368 1824 et
396 1759 499 1838 vicini
518 1756 762 1826 inclamantur⁸
786 1772 819 1823 et
848 1758 880 1823 in
916 1758 1105 1823 universum
1127 1775 1241 1822 omnes
1264 1756 1409 1841 ejusdem
1430 1755 1511 1823 civi·

336 1870 413 1935 tatis
433 1869 520 1936 cives
541 1875 571 1934 ⁷:
595 1869 682 1935 unde
705 1867 788 1932 illud
808 1868 841 1932 in
862 1868 970 1932 scenis
990 1865 1099 1932 Porro
1123 1864 1273 1949 Quirites
1294 1872 1316 1933 ⁸.
1347 1866 1394 1932 Et
1414 1867 1511 1932 Solo-

335 1999 409 2044 nem
432 1980 476 2045 ita
496 1979 647 2046 docuisse
667 1979 850 2061 accepimus
871 1979 996 2044 beatam
1018 1977 1088 2045 fore
1111 1976 1369 2061 rempublicam,
1391 1975 1425 2041 in
1446 1996 1510 2058 qua

335 2089 456 2156 alienas
479 2089 620 2172 quisque
649 2089 784 2174 injurias
811 2109 888 2156 suas
909 2089 1115 2155 existimaret.
1161 2087 1371 2154 Democritus
1392 2087 1424 2151 ⁹:
1447 2093 1510 2156 οἱδι-

335 2204 488 2283 κονμένοιοι
516 2213 646 2285 τιμωρεῖν
673 2207 753 2271 κοντοὶ
772 2204 892 2284 δύναμιν
910 2205 967 2285 χρὴ
996 2203 1047 2268 soal
1075 2205 1118 2282 μὴ
1147 2201 1286 2283 ποομιένοοι.
1320 2203 1353 2267 τὸ
1375 2201 1511 2281 μὲνγὰρ

334 2317 442 2380 τοιοῦτο
462 2314 567 2378 δίκαιον
589 2313 640 2378 eol
659 2313 779 2391 teatio
802 2315 834 2381 τὸ
855 2315 885 2379 δὲ
906 2315 948 2394 μὴ
970 2317 1077 2379 τοιοῦτο
1098 2313 1193 2378 ἄδικον
1212 2312 1262 2376 uoti
1282 2309 1380 2377 νοοικόν.
1416 2307 1510 2391 lajo-

337 2422 393 2482 ria
423 2433 585 2505 oppressos
613 2419 786 2504 defendere
803 2435 867 2505 pro
888 2420 1019 2486 viribus
1041 2433 1168 2504 oportet
1190 2432 1222 2484 et
1237 2440 1302 2483 non
1320 2417 1509 2504 negligere:

336 2527 427 2594 illud
445 2533 528 2593 enim
539 2530 671 2615 justum
699 2531 880 2616 bonumque
896 2543 966 2610 est,
985 2531 1044 2594 boe
1062 2550 1139 2597 aero
1157 2531 1318 2615 injustum
1330 2543 1362 2593 et
1373 2528 1510 2594 molum.

336 2638 380 2704 Et
399 2639 586 2706 Aristotelis
608 2639 631 2677 ¹⁰
655 2656 705 2706 est
723 2641 892 2726 egregium
909 2641 1054 2705 dictum:
1077 2645 1123 2710 δεῖ
1137 2645 1203 2717 τοὺς
1225 2643 1421 2722 ἀδικουμένους
1440 2643 1511 2723 ὑπὲρ

333 2753 442 2818 ἐννοῶν
469 2761 607 2834 πολεμεῖν
632 2753 649 2830 ἢ
678 2756 747 2836 ὑπὲρ
775 2760 923 2832 wambe
954 2753 972 2830 ἢ
1004 2755 1073 2835 ὑπὲρ
1106 2756 1261 2836 εὐεργετῶν
1291 2753 1309 2828 ἢ
1340 2751 1510 2834 συμμάχοις

334 2863 520 2944 ἀδικουμένοις
542 2867 662 2945 βοηθεῖν.
711 2861 850 2948 Oportet
879 2875 940 2928 aot
966 2877 1032 2947 pro
1061 2881 1094 2926 se
1120 2882 1219 2925 orma
1239 2880 1366 2925 sumere
1387 2862 1416 2924 si
1436 2863 1510 2944 quis

334 2970 499 3054 injuriam
522 2976 706 3058 acceperit,
727 2985 788 3036 out
814 2985 878 3056 pro
903 2975 1053 3058 cognatis
1081 2985 1143 3036 aot
1160 2987 1225 3058 pro
1247 2971 1511 3056 benefactoribus

335 3093 398 3144 eut
415 3093 480 3164 pro
503 3083 637 3166 injurio
660 3079 788 3166 affectis
812 3082 1025 3148 auxiliariis.

381 3189 510 3256 Quodsi
530 3190 625 3256 etiam
649 3206 773 3256 caetera
792 3191 901 3257 desint
925 3191 1077 3273 vincula,
1102 3208 1210 3257 tamen
1243 3191 1348 3258 totius
1377 3191 1510 3257 humani

338 3300 464 3384 generis
487 3301 626 3368 societas
647 3317 848 3384 naturaeque
868 3302 1054 3369 communio
1070 3304 1134 3368 boc
1151 3302 1262 3384 efficit,
1287 3317 1327 3367 ut
1346 3304 1430 3368 mala
1439 3301 1511 3366 aliis

311 3465 314 3472 .
338 3411 427 3477 illata
449 3430 510 3477 nos
537 3413 631 3478 etiam
658 3428 802 3497 tangant.
849 3412 1049 3480 Hominibus
1072 3413 1157 3479 enim
1180 3413 1313 3478 humani
1336 3413 1420 3479 nibil
1435 3413 1511 3477 alie-

339 3543 415 3587 num
440 3543 509 3590 esse
533 3523 645 3590 debet:
669 3525 749 3591 adeo
775 3525 906 3608 quidem
940 3540 978 3590 ut
1005 3526 1183 3608 praeclarae
1211 3539 1321 3608 gentes
1350 3524 1513 3608 theologi—

308 3625 404 3716 *que
436 3648 469 3698 et
489 3634 716 3718 jurisconsulti
744 3657 810 3704 non
841 3637 991 3703 minimae
1019 3634 1221 3701 auctoritatis
1240 3635 1353 3701 multis
1382 3635 1513 3702 casibus

340 3744 524 3810 existiment
547 3748 743 3829 puniendam
764 3769 833 3816 esse
853 3769 965 3815 eorum
986 3747 1216 3833 negligentiam
1240 3747 1319 3830 qui,
1343 3768 1417 3813 cum
1435 3767 1513 3831 pos·

341 3933 537 3948 -fl———u—-n

374 4039 431 4086 ¹V.
457 4053 509 4100 reg.
529 4053 542 4097 s
560 4053 584 4089 et
600 4041 626 4090 in
643 4041 693 4091 fine
712 4057 735 4091 c.
755 4058 778 4092 a.
814 4041 963 4104 ²V.supra
981 4046 1012 4092 ad
1030 4046 1047 4092 1.
1065 4056 1088 4091 2.
1124 4043 1183 4092 ³V.
1201 4055 1257 4091 ante
1275 4047 1299 4092 l.-
1313 4055 1335 4099 5.
1353 4045 1455 4092 etdet
1481 4046 1514 4093 ael

339 4143 391 4190 reg.
410 4143 432 4187 3.
464 4130 475 4161 ⁴
492 4131 524 4179 V.
542 4133 679 4181 demonstr.
698 4134 769 4182 inart.
789 4148 812 4182 ε.
828 4135 900 4182 artic.
918 4149 938 4183 r.
953 4136 1037 4183 conel.
1058 4147 1079 4182 1.
1096 4137 1114 4182 l.
1123 4147 1210 4182 servus
1224 4147 1261 4180 ea.
1272 4131 1297 4180 θ’.
1315 4133 1444 4182 deservis
1468 4147 1512 4182 ex-

339 4233 407 4282 port.
426 4221 469 4282 [D.
490 4225 528 4270 18.
552 4235 575 4280 7.
590 4223 629 4287 7.]
664 4223 674 4255 ⁵
693 4225 748 4272 Cic.
767 4237 799 4272 ex
817 4227 917 4272 Panaet.
934 4227 966 4274 de
984 4225 1027 4272 off.
1045 4227 1062 4272 l.
1079 4239 1103 4273 ο.
1123 4223 1160 4287 [c.
1174 4237 1198 4280 3.
1214 4225 1236 4285 ς
1256 4223 1308 4287 11.]
1344 4224 1399 4272 cic.
1417 4226 1449 4273 de
1467 4225 1512 4272 off.

339 4313 357 4358 l.
378 4325 400 4367 ³·
420 4312 455 4372 [c.
474 4313 497 4360 6.
516 4317 538 4372 ᾖ.
556 4315 587 4362 26
606 4325 629 4362 ct
649 4314 700 4378 27.]
736 4313 813 4363 ⁶Dd.
831 4317 862 4364 ad
881 4318 897 4363 l.
915 4315 936 4364 si
958 4315 1015 4375 quis
1033 4315 1158 4362 inservit.
1177 4315 1203 4363 in
1223 4313 1282 4362 line.
1298 4314 1325 4362 n.
1350 4317 1382 4363 de
1397 4315 1446 4363 sut.
1468 4315 1481 4377 [
1505 4349 1513 4362 .

338 4414 380 4460 47.
399 4416 421 4448 2.
440 4401 476 4465 7.]
509 4400 519 4438 ⁷
537 4405 567 4452 V.
583 4407 600 4452 l.
618 4419 641 4462 7.
660 4419 683 4454 c.
702 4419 724 4454 2.
757 4403 769 4439 ⁸
789 4403 890 4467 [Laber.
908 4421 948 4466 ap.
968 4405 1082 4454 Macrob,
1103 4408 1151 4454 Sat.
1170 4408 1187 4453 l.
1197 4420 1220 4453 2.
1231 4419 1268 4454 vs.
1287 4405 1323 4466 7.]
1343 4404 1354 4435 ⁹
1373 4405 1425 4466 [ap.
1443 4406 1513 4453 stob.

341 4491 366 4539 ln
385 4492 459 4540 lloril.
481 4496 498 4541 1.
513 4496 554 4553 46.
573 4509 596 4543 n.
614 4497 667 4559 aa]
705 4495 725 4528 ¹⁰
743 4497 817 4545 Rhet.
837 4499 868 4544 ad
883 4499 958 4545 Alex.
977 4511 1000 4546 c.
1019 4509 1041 4553 3.
1062 4496 1099 4559 [p.
1121 4510 1191 4557 1425.
1213 4511 1233 4544 1.
1252 4510 1290 4544 vs.
1312 4495 1363 4557 rm]
