3450 5434
471 639 518 684 DE
541 639 635 704 JURE
660 640 844 686 Pnnnonss.
871 640 950 685 cnr.
977 641 1040 686 Xll.
1274 642 1337 704 257

163 794 225 879 qui
253 792 355 874 facit,
378 806 416 859 ut
441 792 526 859 idem
548 792 604 858 ille
626 793 814 859 Alexander
836 794 990 874 dicebat,
1014 792 1062 859 od
1082 794 1338 858 internecionem

157 904 403 993 persequendos
427 919 497 984 est,
521 924 585 967 non
608 918 646 968 nt
660 906 776 989 justus
804 905 927 984 hostis,
952 904 1009 968 sed
1029 918 1066 969 ut
1084 919 1264 990 percussor
1285 924 1338 972 ne·
1443 914 1445 917 ’

163 1015 284 1100 neficns
308 1019 329 1082 ¹.
374 1016 515 1081 Restant
547 1015 685 1080 crimina
716 1015 800 1097 alia,
833 1014 860 1079 si
894 1014 1067 1094 conferas,
1100 1014 1248 1096 minora,
1282 1016 1339 1080 sed

162 1128 304 1213 insignia
328 1141 459 1207 tamen,
483 1125 511 1191 si
535 1146 593 1209 per
615 1145 650 1191 se
662 1126 890 1191 aestimentur:
912 1140 950 1193 ut
963 1127 1013 1193 vis
1025 1126 1174 1209 publica,
1192 1126 1336 1209 privata,

163 1255 301 1320 armata,
316 1239 478 1305 bonorum
489 1240 703 1320 raptorum²,
716 1252 749 1303 et
768 1237 829 1303 alia
841 1257 926 1319 quae
946 1258 964 1302 a
985 1238 1071 1303 bello
1090 1237 1214 1322 injusto
1225 1238 1337 1303 abesse

162 1351 222 1417 vix
255 1365 410 1433 possunt:
450 1370 467 1414 a
500 1348 671 1415 Lusitanis
705 1368 771 1415 non
814 1348 960 1415 abfuisse
1003 1348 1143 1415 narratio
1179 1348 1335 1414 ostendit.

163 1461 287 1544 Neque
317 1461 401 1527 illud
423 1460 640 1526 omittendum
665 1476 735 1541 est,
760 1460 855 1525 etiam
880 1476 1057 1542 conatum,
1081 1474 1167 1525 certe
1190 1460 1224 1525 in
1252 1474 1337 1526 atro-

162 1572 334 1653 cioribus,
363 1570 472 1655 puniri
493 1578 524 1635 ³:
558 1569 644 1636 unde
673 1571 849 1653 Lusitani,
883 1573 1006 1654 quibus
1041 1572 1218 1653 quominus
1252 1586 1337 1636 totas

162 1686 285 1751 classes
316 1704 391 1749 cum
420 1681 610 1748 hominibus
643 1682 724 1765 ipsis
756 1698 931 1749 exurerent
963 1698 996 1748 et
1026 1682 1145 1749 similia
1166 1684 1260 1765 plura
1282 1704 1338 1766 pa·

161 1809 308 1875 natent,
342 1793 485 1860 felicitas
519 1809 657 1859 eventus
692 1784 823 1874 defuit,
856 1813 923 1861 non
947 1794 1108 1878 propositi
1130 1794 1337 1879 malignitas,

163 1908 248 1973 hanc
271 1906 373 1989 ipsam
407 1906 539 1988 impune
562 1903 647 1969 ferre
670 1924 737 1970 non
761 1905 893 1971 debent.
940 1905 1042 1993 Quod
1066 1906 1187 1971 Seneca
1210 1907 1337 1991 egregie
1393 1884 1395 1891 ¹

164 2018 326 2101 explicat:
351 2018 520 2103 Injurr'arn
545 2020 605 2100 qui
620 2015 786 2099 facturus
810 2018 973 2103 est,jorn
992 2016 1085 2101 facit
1098 2018 1120 2083 ⁴.
1165 2017 1277 2083 Latro
1290 2030 1336 2082 est

163 2133 266 2195 etiam
300 2142 481 2213 antequam
515 2148 634 2192 manns
657 2130 835 2212 inquinet,
859 2132 942 2212 qnia
967 2128 1015 2193 od
1036 2126 1245 2194 occidendum
1259 2129 1335 2215 jam

163 2254 320 2305 armatos
343 2252 414 2320 est,
443 2252 475 2303 et
498 2238 597 2303 habet
620 2236 787 2324 spoliandi
809 2253 912 2323 atque
934 2238 1159 2323 interficiendi
1182 2240 1337 2308 nolunta-

162 2366 227 2416 tem
246 2355 269 2416 ⁸.
319 2350 441 2415 Omnia
465 2350 591 2414 seelera
614 2352 716 2414 etiarn
739 2363 819 2414 onte
841 2347 991 2435 effectum
1016 2355 1146 2437 operis,
1173 2366 1336 2437 quantum

162 2462 281 2548 cnlpae
302 2465 386 2526 sotis
410 2474 481 2539 est,
499 2459 655 2546 perfecta
678 2474 756 2525 sunt
777 2458 802 2524 ⁸.
828 2460 874 2525 Et
896 2463 1034 2527 alterum
1057 2462 1120 2527 hoc
1133 2479 1282 2545 constat,
1307 2464 1335 2529 si

162 2575 264 2638 homo
287 2572 384 2637 etiam
408 2572 491 2636 liber
514 2571 548 2637 in
571 2570 705 2636 alterius
729 2572 959 2637 contumeliam
983 2573 1191 2656 offendatur,
1216 2594 1282 2641 non
1296 2576 1336 2640 ad

163 2704 238 2749 eum
262 2684 420 2749 duntaxat
442 2682 500 2764 qui
524 2682 688 2761 laeditur,
713 2682 771 2747 sed
792 2682 832 2747 ad
854 2702 928 2748 eum
951 2682 1047 2749 etiam
1074 2686 1133 2766 qui
1156 2705 1214 2767 per
1236 2687 1336 2769 hujus

161 2795 405 2877 quodammodo
437 2795 526 2860 latus
555 2793 679 2876 petitus
711 2808 782 2873 est,
817 2792 955 2877 injuriae
979 2791 1238 2876 persecutionem
1263 2813 1336 2875 per·

160 2906 266 2971 tinere
286 2908 309 2972 ⁷.
355 2906 430 2994 Qua
463 2905 590 2971 ratione
623 2920 737 2970 contra
758 2904 940 2971 Lusitanos
964 2905 1007 2970 ob
1037 2924 1095 2986 ea,
1131 2923 1215 2986 quae
1247 2902 1336 2970 Indis

160 3017 286 3083 inflicta
315 3032 393 3083 sunt
423 3019 530 3097 mala,
555 3016 731 3082 Hollandis
754 3018 848 3082 velut
870 3036 910 3081 ex
933 3036 992 3082 sua
1014 3035 1153 3098 persona
1174 3016 1228 3099 jus
1249 3036 1391 3088 com-nx
1411 3045 1495 3110 tneor.

160 3128 259 3212 petit.
306 3128 393 3194 Cum
425 3127 569 3210 denique
598 3128 798 3210 reipublicae
829 3143 862 3192 et
882 3126 1128 3212 magistratuum
1152 3128 1196 3193 sit
1219 3097 1496 3211 culpastku'as'n'

160 3238 329 3306 manifesta
352 3260 487 3305 suorum
512 3239 636 3324 flagitia
655 3259 721 3305 non
739 3259 889 3305 coercere
902 3244 937 3319 ⁸,
964 3238 1080 3305 ultimo
1090 3241 1164 3304 loco
1176 3259 1337 3322 ponemus

161 3351 318 3418 delictum
347 3351 452 3416 totius
484 3350 601 3434 populi
634 3350 842 3432 Lusitanici,
867 3352 907 3417 ad
932 3352 992 3418 ista
1014 3372 1099 3434 quae
1122 3350 1264 3417 diximus
1286 3349 1391 3421 fa-nx
1412 3376 1494 3422 nnn.

160 3462 272 3528 cinora
311 3462 530 3529 conniventis.
595 3462 724 3527 Horum
765 3462 912 3528 omnium
952 3462 1149 3544 criminum,
1189 3462 1217 3529 si
1248 3442 1389 3529 recteffl
1406 3440 1486 3477 'mm'

160 3588 303 3657 ponatur
333 3571 440 3655 tatio,
465 3574 515 3639 uti
539 3573 650 3659 gravia
676 3588 775 3656 sunt,
799 3574 844 3639 ita
867 3592 989 3655 poenas
1011 3573 1107 3639 etiam
1130 3594 1243 3657 graves
1268 3594 1337 3640 esse

160 3700 311 3769 oportet:
351 3706 435 3767 quae
473 3688 582 3769 legum
615 3684 764 3751 civilium
795 3683 1036 3751 existimatione
1070 3705 1191 3767 paucae
1226 3688 1498 3761 admo-p.....,.1..

1351 3769 1498 3835 cr'stnpraal·

161 3798 240 3863 dum
262 3796 345 3865 intra
364 3799 509 3879 jmulctas
533 3796 743 3877 consistunt,
767 3816 841 3881 pars
866 3816 979 3881 magna
1004 3798 1166 3863 bonorum
1190 3799 1336 3881 publica·
1351 3826 1442 3882 regam.

193 4023 201 4055 ¹
222 4026 293 4073 Cort.
312 4025 403 4073 eodem
419 4022 495 4071 libro.
515 4023 551 4084 [c.
569 4021 623 4086 45.]
661 4018 672 4053 ¹
689 4023 719 4069 V.
737 4021 795 4081 Dig.
813 4033 839 4070 et
857 4022 924 4070 Cod.
946 4036 992 4083 per
1009 4033 1080 4070 totos
1098 4021 1197 4071 titulos.
1213 4020 1257 4085 [D.
1265 4024 1306 4083 48.
1314 4023 1338 4071 6.

159 4127 185 4163 et
212 4126 236 4172 7.
262 4126 288 4162 et
304 4126 346 4176 4³·
373 4115 412 4163 16.
430 4125 455 4161 et
474 4114 503 4161 C.
521 4127 545 4177 9.
567 4114 617 4175 ra]
652 4110 698 4161 ⁸1.
715 4112 777 4161 item
795 4112 863 4173 apud
880 4112 1034 4161 Labeonem.
1052 4116 1074 4172 ς.
1094 4126 1116 4160 1.
1133 4112 1159 4161 ff.
1178 4115 1209 4162 de
1229 4112 1338 4171 injuriis.

159 4217 185 4253 et
210 4205 248 4253 ibi
272 4206 321 4254 Dd.
349 4203 393 4268 [D.
416 4218 458 4267 47.
484 4218 522 4253 10.
543 4203 594 4267 15.]
614 4205 632 4251 1.
648 4202 671 4251 is
689 4202 734 4263 qui
753 4216 811 4252 cum
830 4205 893 4252 telo.
908 4205 938 4251 C.
956 4206 988 4253 de
1009 4203 1116 4253 sicariis.
1137 4204 1180 4265 [C.
1198 4218 1223 4265 9.
1244 4204 1281 4252 16.
1299 4204 1336 4269 7.]

158 4294 170 4327 ⁴
188 4298 221 4345 de
237 4295 308 4344 ital.
324 4309 346 4344 r.
364 4309 387 4344 c.
406 4308 429 4353 3.
455 4295 506 4345 ‘de
525 4294 610 4343 benef.
627 4295 646 4342 l.
665 4307 688 4349 s.
706 4307 729 4342 c.
751 4307 789 4355 ¹4·
806 4294 817 4327 ⁸
832 4294 859 4342 ln
878 4295 1017 4355 sapientem
1035 4308 1087 4344 non
1103 4296 1194 4343 cadere
1212 4294 1339 4352 injuriam.

160 4401 184 4434 c.
201 4400 225 4445 7.
258 4384 317 4434 iv.
341 4388 408 4435 Bart.
433 4386 460 4435 in
487 4388 504 4434 l.
531 4388 577 4434 ult.
602 4384 628 4433 ff.
651 4386 683 4433 de
701 4384 770 4445 priv.
787 4386 899 4434 delictis.
919 4386 964 4447 [D.
982 4398 1023 4448 47.
1043 4384 1077 4449 r.]
1097 4388 1146 4435 Dd.
1166 4387 1227 4445 ins.
1246 4389 1291 4436 sed
1307 4388 1338 4437 si.

159 4480 222 4526 lnst.
249 4479 280 4527 de
306 4476 416 4535 injuriis.
445 4477 482 4542 [1.
494 4492 520 4539 4.
538 4492 563 4537 4.
582 4480 605 4534 5.
623 4474 660 4539 6.]
697 4476 748 4525 ⁸c.
767 4477 895 4527 dominus.
916 4475 1005 4540 [Dect.
1026 4480 1094 4527 Grnt.
1114 4492 1140 4540 p.
1158 4492 1181 4528 2.
1200 4492 1240 4537 2³·
1259 4492 1282 4528 a.
1301 4479 1337 4543 a]

1127 4590 1163 4649 17
