3450 5434
390 650 453 717 166
700 666 747 713 ne
771 667 864 733 June
891 666 1075 715 assensa.
1100 666 1181 713 car.
1206 667 1256 713 xr.

388 837 545 904 quaestus
565 820 619 887 hic
643 820 790 888 omnium
813 820 1026 887 dulcissimus
1048 820 1206 902 videtur,
1229 835 1268 886 ut
1288 820 1347 903 qui
1369 822 1568 889 humanitati

388 934 576 1017 adjnmento
599 932 643 1001 sit
672 945 704 998 et
722 931 849 998 mutuis
872 932 1017 1017 gentium
1040 932 1246 1015 commodis,
1270 933 1341 999 sine
1366 934 1568 1018 cujusquam

387 1044 506 1111 damno
526 1043 622 1109 facile
643 1058 856 1109 sustentetur.
881 1044 1013 1111 Morem
1037 1044 1126 1110 hunc
1146 1060 1211 1110 tarn
1234 1042 1398 1127 placidum
1418 1062 1460 1110 ne
1482 1045 1571 1111 bella

388 1155 546 1238 quidem,
571 1155 650 1221 satis
669 1154 814 1221 animose
833 1153 982 1237 alioquin
1000 1170 1112 1240 gesta,
1131 1158 1348 1221 sustulerunt.
1376 1156 1422 1221 Et
1445 1156 1570 1222 adhoc

388 1285 495 1348 usque
526 1280 657 1350 tempus
687 1265 860 1349 potissima
891 1265 962 1332 visa
993 1280 1042 1333 est
1071 1266 1155 1333 ratio
1186 1266 1443 1352 negotiationis:
1479 1287 1569 1333 arma

387 1395 454 1443 non
478 1379 562 1443 ultra
580 1392 757 1459 usurpata,
781 1396 879 1459 quam
902 1378 1078 1445 necessitas
1099 1379 1302 1462 postulabat.
1349 1376 1468 1461 thue
1486 1378 1567 1444 olim

389 1487 605 1554 Timotheum
637 1486 875 1553 Atheniensem
907 1486 941 1553 in
973 1489 1101 1555 Samios
1132 1490 1308 1555 bellantem
1341 1488 1462 1556 fecisse
1484 1489 1569 1575 legi-

388 1618 463 1665 mus
484 1601 517 1682 ¹,
542 1599 586 1665 ita
607 1599 719 1664 Batavi
743 1618 810 1664 non
831 1618 889 1665 eos
906 1614 1033 1665 tanturn
1058 1600 1116 1682 qui
1139 1620 1198 1684 per
1220 1600 1383 1685 Belgicam
1409 1600 1443 1666 in
1464 1600 1568 1683 parti-

388 1712 452 1779 bus
480 1710 627 1777 adversis
657 1725 771 1790 erant,
801 1709 859 1776 sed
889 1726 923 1775 et
950 1710 1040 1795 ipsos
1072 1725 1221 1778 auctores
1242 1710 1320 1777 belli
1341 1710 1512 1794 Hispanos
1531 1712 1567 1777 in

388 1821 549 1906 Hispania
580 1841 639 1888 sua
670 1836 853 1888 commeatu
883 1822 1065 1906 juverunt,
1090 1822 1183 1905 quod
1205 1837 1244 1888 ut
1264 1823 1382 1889 horum
1406 1838 1568 1890 mercato·

387 1932 479 1999 ribus
502 1932 583 2000 utile
605 1932 695 2016 fuit,
720 1932 765 2000 itt
789 1932 865 2000 illos
889 1931 981 2019 gravi
1002 1933 1165 1999 interdum
1189 1932 1273 1999 fame
1291 1934 1457 2000 liberavit.
1502 1934 1568 1999 Ni-

387 2044 436 2109 hil
457 2043 543 2110 enim
565 2060 678 2127 vetat,
702 2044 785 2126 quin
807 2044 980 2111 veteribus
1004 2044 1099 2111 etiam
1126 2046 1284 2129 exemplis
1311 2043 1569 2112 Corinthiorum

389 2170 422 2220 et
446 2153 687 2239 Megarensium
719 2155 765 2221 ita
790 2155 888 2221 armis
908 2174 961 2221 res
979 2156 1031 2242 agi
1052 2155 1182 2240 possit,
1206 2171 1244 2223 ut
1266 2157 1426 2239 quaedam
1450 2158 1568 2222 huma-

388 2265 500 2331 nitatis
519 2265 626 2332 officia
646 2284 713 2332 non
736 2265 950 2332 omittantur:
974 2266 1061 2333 sicut
1082 2265 1221 2350 Hispani
1244 2264 1256 2303 ¹
1279 2266 1342 2350 ipsi
1364 2268 1570 2352 scripserunt

386 2396 484 2462 posse
510 2376 773 2462 negotiationum
799 2392 1001 2444 commeatus
1032 2377 1224 2443 etiamtum
1247 2376 1404 2445 hostibus
1427 2378 1569 2445 interce·

387 2489 484 2567 dere,
506 2489 658 2572 pactione
679 2488 806 2555 scilicet
826 2504 884 2554 aut
904 2486 1035 2555 foedere
1058 2487 1171 2554 tacito.

228 2621 310 2670 Anu.
326 2620 375 2668 111.
430 2599 605 2685 Philippus
626 2600 658 2666 11
680 2600 769 2666 haud
787 2601 895 2666 multo
917 2613 1089 2681 antequam
1114 2598 1219 2684 Belgli
1241 2598 1381 2683 imperio
1397 2598 1568 2685 judicatus

226 2725 297 2772 Anne
312 2726 374 2781 15⁸1·
388 2726 438 2777 est
459 2711 641 2792 decidisse,
664 2730 722 2777 rex
742 2708 851 2778 iactus
872 2726 922 2777 est
938 2709 1157 2791 Lusitaniae,
1179 2711 1244 2775 hoc
1263 2710 1567 2797 estPortugalliae:

387 2843 456 2905 quo
476 2824 549 2908 jure
570 2842 679 2905 quave
704 2821 823 2907 injuria
843 2821 928 2887 nihil
948 2820 1056 2889 refert.
1103 2822 1187 2887 Nam
1209 2837 1384 2905 postquam
1408 2823 1509 2888 semei
1532 2822 1566 2887 in

385 2953 522 3019 regnum
553 2948 706 3017 receptus
728 2947 800 3013 est,
823 2931 961 3017 agnovit
983 2950 1057 2997 eum
1081 2948 1119 2998 ut
1142 2932 1326 3016 Principem
1358 2946 1429 2999 tota
1451 2952 1568 3016 respu-

386 3044 471 3111 blica
494 3041 754 3125 Lusitanorum,
778 3040 866 3109 sicut
888 3056 921 3107 et
942 3061 1030 3108 nunc
1052 3042 1157 3109 filium
1180 3044 1371 3128 Philippum
1391 3044 1566 3129 agnoscit,

386 3154 560 3236 defertque
582 3153 698 3219 solitos
720 3153 854 3240 regibus
877 3154 1042 3237 honores,
1066 3153 1212 3236 tributa,
1238 3154 1471 3221 obedientiam.
1513 3156 1566 3222 Ex

387 3286 427 3332 eo
449 3282 594 3349 tempore
612 3264 743 3330 batavis
762 3264 876 3332 eodem
902 3265 977 3329 loco
998 3264 1151 3331 Lusitani
1175 3284 1244 3330 esse
1268 3281 1473 3348 coeperunt,
1496 3288 1567 3349 quo

388 3375 584 3456 Camellani,
608 3374 851 3459 Legionenses,
875 3376 1061 3461 Arragones
1080 3390 1113 3441 et
1131 3390 1199 3442 tota
1219 3376 1400 3460 Hispania,
1425 3376 1458 3441 in
1470 3379 1567 3463 cujus

386 3508 509 3572 corpus
539 3489 739 3553 coaluerant.
784 3486 899 3573 Quare
929 3506 1002 3555 cum
1038 3486 1161 3552 bellurn
1186 3487 1251 3555 illis
1274 3504 1360 3555 esset
1383 3507 1459 3553 cum
1489 3508 1566 3574 rege

388 3598 565 3683 Hispaniae
595 3601 733 3684 ejusque
759 3598 902 3664 subditis
936 3611 968 3663 et
1001 3595 1102 3664 sociis
1137 3598 1292 3665 omnibus
1315 3598 1540 3683 Hispanorum
1552 3648 1574 3681 ‚.

386 3730 453 3777 non
482 3710 593 3794 potuit
624 3729 691 3775 non
721 3729 791 3776 esse
824 3729 898 3774 curn
932 3708 1126 3789 Lusitanis,
1150 3709 1322 3794 praecipue
1346 3710 1425 3792 quia
1446 3710 1564 3794 popuii

385 3836 451 3887 tarn
482 3820 596 3888 divitis
625 3820 798 3906 vectigalia
828 3838 982 3905 magnum
1015 3820 1204 3887 alimentum
1240 3822 1327 3887 bello
1349 3838 1565 3889 accesserant.

228 3958 299 4005 Am
312 3961 373 4015 rsra.
386 3934 506 4016 Neque
537 3952 616 3998 vero
647 3934 736 3999 solae
759 3932 891 3999 illorum
914 3931 1071 4015 pecuniae
1094 3932 1234 3998 Batavos
1257 3934 1431 3999 laeserunt.
1477 3932 1565 3998 Nam

386 4043 554 4112 horribilis
583 4043 639 4109 illa
661 4044 798 4125 classis,
834 4063 918 4125 quae
943 4040 1261 4128 Methymnisidonio
1284 4044 1369 4109 duce
1392 4043 1563 4110 Oceanum

387 4157 531 4242 ingressa
555 4154 808 4221 internecionem
837 4154 1025 4236 Britannis,
1050 4154 1246 4220 Batavorum
1270 4154 1392 4237 sociis,
1416 4154 1566 4238 ipsisque

385 4267 517 4335 Batavis
540 4266 748 4349 minabatur,
771 4265 909 4332 maxima
923 4266 975 4331 sui
987 4280 1078 4348 parte
1088 4264 1230 4332 navibus
1241 4264 1416 4348 nautisque
1434 4266 1567 4334 Lusita·

424 4564 433 4597 ¹
448 4564 528 4615 Arist.
546 4566 643 4614 oecon
660 4566 678 4614 l.
697 4578 721 4613 α.
739 4564 779 4627 [p.
796 4576 868 4623 raso.
887 4575 911 4613 a.
926 4576 966 4613 vs.
983 4561 1021 4627 4]
1057 4560 1067 4595 ²
1084 4563 1164 4625 hyala
1181 4564 1198 4611 l.
1217 4575 1239 4611 1.
1251 4575 1275 4611 c.
1294 4575 1319 4621 7.
1335 4575 1361 4610 n.
1379 4576 1403 4611 a.
