<?xml version="1.0" encoding="UTF-8"?>
<!DOCTYPE html PUBLIC "-//W3C//DTD XHTML 1.0 Transitional//EN"
    "http://www.w3.org/TR/xhtml1/DTD/xhtml1-transitional.dtd">
<html xmlns="http://www.w3.org/1999/xhtml" xml:lang="en" lang="en">
 <head>
  <title>
</title>
<meta http-equiv="Content-Type" content="text/html;charset=utf-8" />
  <meta name='ocr-system' content='tesseract 3.04.00' />
  <meta name='ocr-capabilities' content='ocr_page ocr_carea ocr_par ocr_line ocrx_word'/>
</head>
<body>
  <div class='ocr_page' id='page_1' title='image "./ledroitdeprised02hamagoog_0246.png"; bbox 0 0 3450 5434; ppageno 0'>
   <div class='ocr_carea' id='block_1_1' title="bbox 371 622 1244 689">
    <p class='ocr_par' dir='ltr' id='par_1_1' title="bbox 371 622 1244 689">
     <span class='ocr_line' id='line_1_1' title="bbox 371 622 1244 689; baseline -0.002 -18"><span class='ocrx_word' id='word_1_1' title='bbox 371 628 434 687; x_wconf 77' lang='lat'><strong>224</strong></span> <span class='ocrx_word' id='word_1_2' title='bbox 666 626 712 671; x_wconf 81' lang='lat' dir='ltr'><strong>DE</strong></span> <span class='ocrx_word' id='word_1_3' title='bbox 738 625 829 689; x_wconf 80' lang='lat' dir='ltr'><strong>JURE</strong></span> <span class='ocrx_word' id='word_1_4' title='bbox 859 624 1046 671; x_wconf 74' lang='lat' dir='ltr'><strong>Pannona.</strong></span> <span class='ocrx_word' id='word_1_5' title='bbox 1073 622 1142 669; x_wconf 76' lang='lat' dir='ltr'><strong>CAP</strong></span> <span class='ocrx_word' id='word_1_6' title='bbox 1176 624 1244 669; x_wconf 72' lang='lat' dir='ltr'>th</span> 
     </span>
    </p>
   </div>
   <div class='ocr_carea' id='block_1_2' title="bbox 339 776 1622 3641">
    <p class='ocr_par' dir='ltr' id='par_1_2' title="bbox 339 776 1622 3641">
     <span class='ocr_line' id='line_1_2' title="bbox 370 776 1542 863; baseline 0 -19"><span class='ocrx_word' id='word_1_7' title='bbox 370 800 409 845; x_wconf 85' lang='lat' dir='ltr'><strong>ex</strong></span> <span class='ocrx_word' id='word_1_8' title='bbox 431 777 709 863; x_wconf 83' lang='lat' dir='ltr'><strong>occupationibus</strong></span> <span class='ocrx_word' id='word_1_9' title='bbox 739 780 963 861; x_wconf 89' lang='lat' dir='ltr'><strong>populorum,</strong></span> <span class='ocrx_word' id='word_1_10' title='bbox 995 792 1033 845; x_wconf 94' lang='lat' dir='ltr'><strong>ut</strong></span> <span class='ocrx_word' id='word_1_11' title='bbox 1060 776 1188 860; x_wconf 90' lang='lat' dir='ltr'><strong>privata</strong></span> <span class='ocrx_word' id='word_1_12' title='bbox 1211 776 1355 843; x_wconf 92' lang='lat' dir='ltr'><strong>dominia</strong></span> <span class='ocrx_word' id='word_1_13' title='bbox 1379 797 1419 843; x_wconf 89' lang='lat' dir='ltr'><strong>ex</strong></span> <span class='ocrx_word' id='word_1_14' title='bbox 1444 796 1542 844; x_wconf 90' lang='lat' dir='ltr'><strong>occu-</strong></span> 
     </span>
     <span class='ocr_line' id='line_1_3' title="bbox 368 887 1543 976; baseline -0.003 -19"><span class='ocrx_word' id='word_1_15' title='bbox 368 890 558 973; x_wconf 91' lang='lat' dir='ltr'><strong>pationibus</strong></span> <span class='ocrx_word' id='word_1_16' title='bbox 589 890 805 976; x_wconf 89' lang='lat' dir='ltr'><strong>singulorum.</strong></span> <span class='ocrx_word' id='word_1_17' title='bbox 851 890 948 957; x_wconf 87' lang='lat' dir='ltr'>Vidit</span> <span class='ocrx_word' id='word_1_18' title='bbox 979 891 1043 957; x_wconf 89' lang='lat' dir='ltr'><strong>hoc</strong></span> <span class='ocrx_word' id='word_1_19' title='bbox 1074 890 1195 957; x_wconf 89' lang='lat' dir='ltr'><strong>Celsus</strong></span> <span class='ocrx_word' id='word_1_20' title='bbox 1216 892 1249 970; x_wconf 90' lang='lat'><strong>¹,</strong></span> <span class='ocrx_word' id='word_1_21' title='bbox 1274 889 1330 971; x_wconf 92' lang='lat' dir='ltr'><strong>qui</strong></span> <span class='ocrx_word' id='word_1_22' title='bbox 1353 890 1439 955; x_wconf 88' lang='lat' dir='ltr'><strong>clare</strong></span> <span class='ocrx_word' id='word_1_23' title='bbox 1464 887 1543 955; x_wconf 88' lang='lat' dir='ltr'><strong>satis</strong></span> 
     </span>
     <span class='ocr_line' id='line_1_4' title="bbox 370 1000 1543 1086; baseline 0 -21"><span class='ocrx_word' id='word_1_24' title='bbox 370 1002 545 1086; x_wconf 84' lang='lat' dir='ltr'><strong>distinguit</strong></span> <span class='ocrx_word' id='word_1_25' title='bbox 578 1004 662 1068; x_wconf 87' lang='lat' dir='ltr'><strong>inter</strong></span> <span class='ocrx_word' id='word_1_26' title='bbox 696 1004 828 1084; x_wconf 83' lang='lat' dir='ltr'>littora,</span> <span class='ocrx_word' id='word_1_27' title='bbox 872 1022 956 1084; x_wconf 89' lang='lat' dir='ltr'><strong>quae</strong></span> <span class='ocrx_word' id='word_1_28' title='bbox 995 1003 1140 1085; x_wconf 89' lang='lat' dir='ltr'><strong>populus</strong></span> <span class='ocrx_word' id='word_1_29' title='bbox 1176 1000 1346 1067; x_wconf 89' lang='lat' dir='ltr'><strong>Romanus</strong></span> <span class='ocrx_word' id='word_1_30' title='bbox 1379 1020 1543 1083; x_wconf 89' lang='lat' dir='ltr'><strong>occupare</strong></span> 
     </span>
     <span class='ocr_line' id='line_1_5' title="bbox 369 1112 1541 1196; baseline -0.001 -19"><span class='ocrx_word' id='word_1_31' title='bbox 369 1112 502 1196; x_wconf 90' lang='lat' dir='ltr'><strong>potuit,</strong></span> <span class='ocrx_word' id='word_1_32' title='bbox 528 1113 573 1178; x_wconf 88' lang='lat' dir='ltr'><strong>ita</strong></span> <span class='ocrx_word' id='word_1_33' title='bbox 595 1128 701 1179; x_wconf 88' lang='lat' dir='ltr'><strong>tamen</strong></span> <span class='ocrx_word' id='word_1_34' title='bbox 726 1128 764 1177; x_wconf 93' lang='lat' dir='ltr'><strong>ut</strong></span> <span class='ocrx_word' id='word_1_35' title='bbox 786 1113 862 1180; x_wconf 90' lang='lat' dir='ltr'><strong>usui</strong></span> <span class='ocrx_word' id='word_1_36' title='bbox 887 1113 1052 1180; x_wconf 91' lang='lat' dir='ltr'><strong>communi</strong></span> <span class='ocrx_word' id='word_1_37' title='bbox 1073 1131 1139 1178; x_wconf 92' lang='lat' dir='ltr'><strong>non</strong></span> <span class='ocrx_word' id='word_1_38' title='bbox 1161 1126 1354 1193; x_wconf 89' lang='lat' dir='ltr'><strong>noceretur,</strong></span> <span class='ocrx_word' id='word_1_39' title='bbox 1380 1126 1541 1191; x_wconf 76' lang='lat' dir='ltr'><strong>otmaro,</strong></span> 
     </span>
     <span class='ocr_line' id='line_1_6' title="bbox 370 1222 1542 1308; baseline -0.001 -20"><span class='ocrx_word' id='word_1_40' title='bbox 370 1224 462 1306; x_wconf 89' lang='lat' dir='ltr'><strong>quod</strong></span> <span class='ocrx_word' id='word_1_41' title='bbox 482 1225 616 1289; x_wconf 90' lang='lat' dir='ltr'><strong>omuino</strong></span> <span class='ocrx_word' id='word_1_42' title='bbox 637 1225 807 1308; x_wconf 76' lang='lat' dir='ltr'><strong>pristinam</strong></span> <span class='ocrx_word' id='word_1_43' title='bbox 827 1240 974 1291; x_wconf 90' lang='lat' dir='ltr'><strong>naturam</strong></span> <span class='ocrx_word' id='word_1_44' title='bbox 999 1222 1147 1290; x_wconf 85' lang='lat' dir='ltr'>retinuit.</span> <span class='ocrx_word' id='word_1_45' title='bbox 1173 1223 1248 1289; x_wconf 87' lang='lat' dir='ltr'><strong>Nee</strong></span> <span class='ocrx_word' id='word_1_46' title='bbox 1272 1225 1339 1289; x_wconf 91' lang='lat' dir='ltr'><strong>ulla</strong></span> <span class='ocrx_word' id='word_1_47' title='bbox 1359 1226 1412 1289; x_wconf 85' lang='lat' dir='ltr'><strong>lex</strong></span> <span class='ocrx_word' id='word_1_48' title='bbox 1433 1223 1542 1288; x_wconf 90' lang='lat' dir='ltr'><strong>diver-</strong></span> 
     </span>
     <span class='ocr_line' id='line_1_7' title="bbox 369 1334 1543 1422; baseline 0 -23"><span class='ocrx_word' id='word_1_49' title='bbox 369 1353 441 1399; x_wconf 88' lang='lat' dir='ltr'><strong>sum</strong></span> <span class='ocrx_word' id='word_1_50' title='bbox 465 1336 598 1402; x_wconf 89' lang='lat' dir='ltr'><strong>indicat.</strong></span> <span class='ocrx_word' id='word_1_51' title='bbox 624 1337 719 1422; x_wconf 82' lang='lat' dir='ltr'><strong>Quae</strong></span> <span class='ocrx_word' id='word_1_52' title='bbox 741 1356 821 1402; x_wconf 89' lang='lat' dir='ltr'><strong>vero</strong></span> <span class='ocrx_word' id='word_1_53' title='bbox 834 1334 1144 1421; x_wconf 87' lang='lat' dir='ltr'><strong>legesacontrariae</strong></span> <span class='ocrx_word' id='word_1_54' title='bbox 1156 1334 1337 1401; x_wconf 89' lang='lat' dir='ltr'><strong>sententiae</strong></span> <span class='ocrx_word' id='word_1_55' title='bbox 1349 1335 1543 1401; x_wconf 89' lang='lat' dir='ltr'><strong>auctoribus</strong></span> 
     </span>
     <span class='ocr_line' id='line_1_8' title="bbox 369 1445 1543 1530; baseline 0.003 -20"><span class='ocrx_word' id='word_1_56' title='bbox 369 1446 512 1513; x_wconf 82' lang='lat' dir='ltr'><strong>citantur</strong></span> <span class='ocrx_word' id='word_1_57' title='bbox 530 1445 566 1527; x_wconf 84' lang='lat'><strong>²,</strong></span> <span class='ocrx_word' id='word_1_58' title='bbox 596 1463 653 1512; x_wconf 91' lang='lat' dir='ltr'><strong>aut</strong></span> <span class='ocrx_word' id='word_1_59' title='bbox 682 1446 722 1512; x_wconf 90' lang='lat' dir='ltr'><strong>de</strong></span> <span class='ocrx_word' id='word_1_60' title='bbox 748 1446 866 1514; x_wconf 90' lang='lat' dir='ltr'><strong>insulis</strong></span> <span class='ocrx_word' id='word_1_61' title='bbox 892 1450 1098 1530; x_wconf 91' lang='lat' dir='ltr'><strong>loquuntur,</strong></span> <span class='ocrx_word' id='word_1_62' title='bbox 1128 1466 1210 1528; x_wconf 89' lang='lat' dir='ltr'><strong>quas</strong></span> <span class='ocrx_word' id='word_1_63' title='bbox 1229 1448 1351 1512; x_wconf 90' lang='lat' dir='ltr'><strong>clarum</strong></span> <span class='ocrx_word' id='word_1_64' title='bbox 1371 1462 1424 1512; x_wconf 86' lang='lat' dir='ltr'><strong>est</strong></span> <span class='ocrx_word' id='word_1_65' title='bbox 1441 1466 1543 1513; x_wconf 90' lang='lat' dir='ltr'><strong>occu·</strong></span> 
     </span>
     <span class='ocr_line' id='line_1_9' title="bbox 368 1558 1542 1642; baseline 0.001 -20"><span class='ocrx_word' id='word_1_66' title='bbox 368 1558 438 1641; x_wconf 89' lang='lat' dir='ltr'><strong>pari</strong></span> <span class='ocrx_word' id='word_1_67' title='bbox 459 1558 627 1640; x_wconf 90' lang='lat' dir='ltr'><strong>potuisse,</strong></span> <span class='ocrx_word' id='word_1_68' title='bbox 651 1573 708 1623; x_wconf 90' lang='lat' dir='ltr'><strong>aut</strong></span> <span class='ocrx_word' id='word_1_69' title='bbox 726 1558 896 1642; x_wconf 45' lang='lat' dir='ltr'><strong>desportu,</strong></span> <span class='ocrx_word' id='word_1_70' title='bbox 920 1558 979 1639; x_wconf 92' lang='lat' dir='ltr'><strong>qui</strong></span> <span class='ocrx_word' id='word_1_71' title='bbox 991 1576 1056 1623; x_wconf 92' lang='lat' dir='ltr'><strong>non</strong></span> <span class='ocrx_word' id='word_1_72' title='bbox 1067 1558 1249 1624; x_wconf 89' lang='lat' dir='ltr'><strong>communis</strong></span> <span class='ocrx_word' id='word_1_73' title='bbox 1260 1573 1322 1636; x_wconf 92' lang='lat' dir='ltr'><strong>est,</strong></span> <span class='ocrx_word' id='word_1_74' title='bbox 1342 1558 1402 1623; x_wconf 91' lang='lat' dir='ltr'><strong>sed</strong></span> <span class='ocrx_word' id='word_1_75' title='bbox 1410 1558 1542 1641; x_wconf 85' lang='lat' dir='ltr'><strong>proprie</strong></span> 
     </span>
     <span class='ocr_line' id='line_1_10' title="bbox 369 1668 1541 1758; baseline -0.002 -23"><span class='ocrx_word' id='word_1_76' title='bbox 369 1669 535 1751; x_wconf 89' lang='lat' dir='ltr'><strong>publicus.</strong></span> <span class='ocrx_word' id='word_1_77' title='bbox 559 1669 628 1758; x_wconf 90' lang='lat' dir='ltr'><strong>Qui</strong></span> <span class='ocrx_word' id='word_1_78' title='bbox 646 1688 725 1733; x_wconf 89' lang='lat' dir='ltr'><strong>vero</strong></span> <span class='ocrx_word' id='word_1_79' title='bbox 745 1669 861 1735; x_wconf 88' lang='lat' dir='ltr'><strong>dicunt</strong></span> <span class='ocrx_word' id='word_1_80' title='bbox 880 1688 965 1735; x_wconf 90' lang='lat' dir='ltr'><strong>mare</strong></span> <span class='ocrx_word' id='word_1_81' title='bbox 984 1668 1122 1750; x_wconf 83' lang='lat' dir='ltr'><strong>aliquod</strong></span> <span class='ocrx_word' id='word_1_82' title='bbox 1140 1688 1210 1736; x_wconf 90' lang='lat' dir='ltr'><strong>esse</strong></span> <span class='ocrx_word' id='word_1_83' title='bbox 1229 1668 1356 1752; x_wconf 90' lang='lat' dir='ltr'><strong>imperii</strong></span> <span class='ocrx_word' id='word_1_84' title='bbox 1376 1670 1541 1751; x_wconf 89' lang='lat' dir='ltr'><strong>Romani,</strong></span> 
     </span>
     <span class='ocr_line' id='line_1_11' title="bbox 370 1779 1543 1865; baseline -0.001 -19"><span class='ocrx_word' id='word_1_85' title='bbox 370 1780 494 1846; x_wconf 90' lang='lat' dir='ltr'><strong>dietum</strong></span> <span class='ocrx_word' id='word_1_86' title='bbox 521 1801 617 1847; x_wconf 89' lang='lat' dir='ltr'><strong>suum</strong></span> <span class='ocrx_word' id='word_1_87' title='bbox 647 1780 692 1846; x_wconf 91' lang='lat' dir='ltr'><strong>ita</strong></span> <span class='ocrx_word' id='word_1_88' title='bbox 718 1779 997 1863; x_wconf 82' lang='lat' dir='ltr'><strong>interpretantur,</strong></span> <span class='ocrx_word' id='word_1_89' title='bbox 1031 1796 1069 1846; x_wconf 89' lang='lat' dir='ltr'><strong>ut</strong></span> <span class='ocrx_word' id='word_1_90' title='bbox 1096 1780 1207 1847; x_wconf 86' lang='lat' dir='ltr'><strong>dicant</strong></span> <span class='ocrx_word' id='word_1_91' title='bbox 1224 1781 1280 1865; x_wconf 88' lang='lat' dir='ltr'><strong>jus</strong></span> <span class='ocrx_word' id='word_1_92' title='bbox 1297 1780 1381 1845; x_wconf 91' lang='lat' dir='ltr'><strong>illud</strong></span> <span class='ocrx_word' id='word_1_93' title='bbox 1399 1780 1434 1845; x_wconf 94' lang='lat' dir='ltr'><strong>in</strong></span> <span class='ocrx_word' id='word_1_94' title='bbox 1456 1800 1543 1847; x_wconf 88' lang='lat' dir='ltr'><strong>mare</strong></span> 
     </span>
     <span class='ocr_line' id='line_1_12' title="bbox 370 1891 1542 1977; baseline -0.001 -18"><span class='ocrx_word' id='word_1_95' title='bbox 370 1894 454 1959; x_wconf 91' lang='lat' dir='ltr'><strong>ultra</strong></span> <span class='ocrx_word' id='word_1_96' title='bbox 487 1892 725 1975; x_wconf 88' lang='lat' dir='ltr'><strong>protectionem</strong></span> <span class='ocrx_word' id='word_1_97' title='bbox 758 1906 792 1957; x_wconf 87' lang='lat' dir='ltr'><strong>et</strong></span> <span class='ocrx_word' id='word_1_98' title='bbox 819 1891 1083 1977; x_wconf 88' lang='lat' dir='ltr'><strong>jurisdictionem</strong></span> <span class='ocrx_word' id='word_1_99' title='bbox 1119 1910 1186 1957; x_wconf 92' lang='lat' dir='ltr'><strong>non</strong></span> <span class='ocrx_word' id='word_1_100' title='bbox 1219 1892 1417 1974; x_wconf 88' lang='lat' dir='ltr'><strong>procedere:</strong></span> <span class='ocrx_word' id='word_1_101' title='bbox 1451 1893 1542 1974; x_wconf 91' lang='lat' dir='ltr'><strong>quod</strong></span> 
     </span>
     <span class='ocr_line' id='line_1_13' title="bbox 371 2002 1542 2089; baseline -0.001 -21"><span class='ocrx_word' id='word_1_102' title='bbox 371 2003 418 2068; x_wconf 94' lang='lat' dir='ltr'><strong>illi</strong></span> <span class='ocrx_word' id='word_1_103' title='bbox 439 2006 494 2089; x_wconf 85' lang='lat' dir='ltr'><strong>jus</strong></span> <span class='ocrx_word' id='word_1_104' title='bbox 517 2025 535 2068; x_wconf 91' lang='lat' dir='ltr'><strong>a</strong></span> <span class='ocrx_word' id='word_1_105' title='bbox 557 2004 756 2087; x_wconf 86' lang='lat' dir='ltr'><strong>proprietate</strong></span> <span class='ocrx_word' id='word_1_106' title='bbox 787 2002 1020 2087; x_wconf 90' lang='lat' dir='ltr'><strong>distinguunt,</strong></span> <span class='ocrx_word' id='word_1_107' title='bbox 1044 2022 1104 2067; x_wconf 90' lang='lat' dir='ltr'><strong>nec</strong></span> <span class='ocrx_word' id='word_1_108' title='bbox 1127 2002 1214 2068; x_wconf 89' lang='lat' dir='ltr'><strong>forte</strong></span> <span class='ocrx_word' id='word_1_109' title='bbox 1237 2003 1315 2069; x_wconf 90' lang='lat' dir='ltr'><strong>satis</strong></span> <span class='ocrx_word' id='word_1_110' title='bbox 1338 2003 1542 2069; x_wconf 87' lang='lat' dir='ltr'><strong>animadver-</strong></span> 
     </span>
     <span class='ocr_line' id='line_1_14' title="bbox 339 2114 1542 2200; baseline 0.002 -21"><span class='ocrx_word' id='word_1_111' title='bbox 339 2130 447 2200; x_wconf 40' lang='lat' dir='ltr'><strong>‚tunt</strong></span> <span class='ocrx_word' id='word_1_112' title='bbox 476 2114 511 2179; x_wconf 95' lang='lat' dir='ltr'><strong>id</strong></span> <span class='ocrx_word' id='word_1_113' title='bbox 543 2114 672 2197; x_wconf 88' lang='lat' dir='ltr'><strong>ipsum,</strong></span> <span class='ocrx_word' id='word_1_114' title='bbox 712 2115 804 2197; x_wconf 92' lang='lat' dir='ltr'><strong>quod</strong></span> <span class='ocrx_word' id='word_1_115' title='bbox 841 2115 987 2197; x_wconf 89' lang='lat' dir='ltr'><strong>populus</strong></span> <span class='ocrx_word' id='word_1_116' title='bbox 1025 2115 1195 2179; x_wconf 88' lang='lat' dir='ltr'><strong>Romanus</strong></span> <span class='ocrx_word' id='word_1_117' title='bbox 1230 2116 1350 2180; x_wconf 78' lang='lat' dir='ltr'><strong>classus</strong></span> <span class='ocrx_word' id='word_1_118' title='bbox 1378 2115 1542 2198; x_wconf 88' lang='lat' dir='ltr'><strong>praesidio</strong></span> 
     </span>
     <span class='ocr_line' id='line_1_15' title="bbox 369 2224 1544 2311; baseline 0.001 -21"><span class='ocrx_word' id='word_1_119' title='bbox 369 2226 594 2311; x_wconf 85' lang='lat' dir='ltr'><strong>navigantium</strong></span> <span class='ocrx_word' id='word_1_120' title='bbox 614 2225 789 2308; x_wconf 81' lang='lat' dir='ltr'><strong>disponere</strong></span> <span class='ocrx_word' id='word_1_121' title='bbox 812 2226 945 2307; x_wconf 88' lang='lat' dir='ltr'><strong>potuit,</strong></span> <span class='ocrx_word' id='word_1_122' title='bbox 970 2240 1003 2291; x_wconf 90' lang='lat' dir='ltr'><strong>et</strong></span> <span class='ocrx_word' id='word_1_123' title='bbox 1026 2226 1245 2307; x_wconf 88' lang='lat' dir='ltr'><strong>deprehensos</strong></span> <span class='ocrx_word' id='word_1_124' title='bbox 1267 2225 1301 2291; x_wconf 93' lang='lat' dir='ltr'><strong>in</strong></span> <span class='ocrx_word' id='word_1_125' title='bbox 1323 2224 1405 2290; x_wconf 89' lang='lat' dir='ltr'><strong>mari</strong></span> <span class='ocrx_word' id='word_1_126' title='bbox 1420 2226 1544 2309; x_wconf 86' lang='lat' dir='ltr'><strong>piratas</strong></span> 
     </span>
     <span class='ocr_line' id='line_1_16' title="bbox 369 2336 1542 2420; baseline 0.002 -19"><span class='ocrx_word' id='word_1_127' title='bbox 369 2336 507 2420; x_wconf 91' lang='lat' dir='ltr'><strong>punire,</strong></span> <span class='ocrx_word' id='word_1_128' title='bbox 530 2355 597 2401; x_wconf 89' lang='lat' dir='ltr'><strong>non</strong></span> <span class='ocrx_word' id='word_1_129' title='bbox 618 2336 833 2419; x_wconf 75' lang='lat' dir='ltr'><strong>improprio,</strong></span> <span class='ocrx_word' id='word_1_130' title='bbox 858 2337 917 2403; x_wconf 91' lang='lat' dir='ltr'><strong>sed</strong></span> <span class='ocrx_word' id='word_1_131' title='bbox 936 2356 975 2403; x_wconf 89' lang='lat' dir='ltr'><strong>ex</strong></span> <span class='ocrx_word' id='word_1_132' title='bbox 985 2336 1234 2420; x_wconf 87' lang='lat' dir='ltr'><strong>communijure</strong></span> <span class='ocrx_word' id='word_1_133' title='bbox 1245 2336 1426 2417; x_wconf 88' lang='lat' dir='ltr'><strong>accidisse,</strong></span> <span class='ocrx_word' id='word_1_134' title='bbox 1451 2338 1542 2419; x_wconf 91' lang='lat' dir='ltr'><strong>quod</strong></span> 
     </span>
     <span class='ocr_line' id='line_1_17' title="bbox 369 2446 1542 2532; baseline 0 -19"><span class='ocrx_word' id='word_1_135' title='bbox 369 2463 402 2513; x_wconf 89' lang='lat' dir='ltr'><strong>et</strong></span> <span class='ocrx_word' id='word_1_136' title='bbox 429 2448 509 2513; x_wconf 89' lang='lat' dir='ltr'><strong>aliae</strong></span> <span class='ocrx_word' id='word_1_137' title='bbox 539 2448 660 2513; x_wconf 90' lang='lat' dir='ltr'><strong>liberae</strong></span> <span class='ocrx_word' id='word_1_138' title='bbox 679 2461 790 2532; x_wconf 82' lang='lat' dir='ltr'><strong>gentes</strong></span> <span class='ocrx_word' id='word_1_139' title='bbox 809 2448 842 2512; x_wconf 90' lang='grc'><strong>111</strong></span> <span class='ocrx_word' id='word_1_140' title='bbox 861 2467 949 2513; x_wconf 89' lang='lat' dir='ltr'><strong>mare</strong></span> <span class='ocrx_word' id='word_1_141' title='bbox 967 2449 1099 2513; x_wconf 89' lang='lat' dir='ltr'><strong>habent.</strong></span> <span class='ocrx_word' id='word_1_142' title='bbox 1146 2448 1233 2512; x_wconf 90' lang='lat' dir='ltr'><strong>illud</strong></span> <span class='ocrx_word' id='word_1_143' title='bbox 1251 2447 1381 2513; x_wconf 87' lang='lat' dir='ltr'><strong>interim</strong></span> <span class='ocrx_word' id='word_1_144' title='bbox 1402 2446 1542 2513; x_wconf 88' lang='lat' dir='ltr'><strong>fatemur</strong></span> 
     </span>
     <span class='ocr_line' id='line_1_18' title="bbox 370 2558 1543 2643; baseline -0.002 -19"><span class='ocrx_word' id='word_1_145' title='bbox 370 2559 517 2642; x_wconf 90' lang='lat' dir='ltr'><strong>potuisse</strong></span> <span class='ocrx_word' id='word_1_146' title='bbox 544 2559 629 2624; x_wconf 89' lang='lat' dir='ltr'><strong>inter</strong></span> <span class='ocrx_word' id='word_1_147' title='bbox 656 2575 769 2643; x_wconf 84' lang='lat' dir='ltr'><strong>gentes</strong></span> <span class='ocrx_word' id='word_1_148' title='bbox 798 2560 927 2641; x_wconf 88' lang='lat' dir='ltr'><strong>aliquas</strong></span> <span class='ocrx_word' id='word_1_149' title='bbox 957 2559 1157 2637; x_wconf 90' lang='lat' dir='ltr'><strong>convenire,</strong></span> <span class='ocrx_word' id='word_1_150' title='bbox 1194 2574 1233 2624; x_wconf 89' lang='lat' dir='ltr'><strong>ut</strong></span> <span class='ocrx_word' id='word_1_151' title='bbox 1258 2558 1344 2641; x_wconf 88' lang='lat' dir='ltr'><strong>capti</strong></span> <span class='ocrx_word' id='word_1_152' title='bbox 1379 2558 1412 2623; x_wconf 93' lang='lat' dir='ltr'><strong>in</strong></span> <span class='ocrx_word' id='word_1_153' title='bbox 1445 2560 1543 2625; x_wconf 90' lang='lat' dir='ltr'><strong>maris</strong></span> 
     </span>
     <span class='ocr_line' id='line_1_19' title="bbox 370 2668 1543 2756; baseline -0.001 -20"><span class='ocrx_word' id='word_1_154' title='bbox 370 2672 430 2737; x_wconf 91' lang='lat' dir='ltr'><strong>bac</strong></span> <span class='ocrx_word' id='word_1_155' title='bbox 458 2686 515 2736; x_wconf 89' lang='lat' dir='ltr'><strong>aut</strong></span> <span class='ocrx_word' id='word_1_156' title='bbox 542 2671 597 2737; x_wconf 87' lang='lat' dir='ltr'><strong>illa</strong></span> <span class='ocrx_word' id='word_1_157' title='bbox 620 2686 710 2754; x_wconf 89' lang='lat' dir='ltr'><strong>parte</strong></span> <span class='ocrx_word' id='word_1_158' title='bbox 734 2672 834 2756; x_wconf 88' lang='lat' dir='ltr'><strong>hujus</strong></span> <span class='ocrx_word' id='word_1_159' title='bbox 857 2685 915 2735; x_wconf 89' lang='lat' dir='ltr'><strong>aut</strong></span> <span class='ocrx_word' id='word_1_160' title='bbox 936 2670 1027 2737; x_wconf 92' lang='lat' dir='ltr'><strong>illius</strong></span> <span class='ocrx_word' id='word_1_161' title='bbox 1047 2668 1247 2753; x_wconf 89' lang='lat' dir='ltr'><strong>reipublicae</strong></span> <span class='ocrx_word' id='word_1_162' title='bbox 1264 2670 1428 2755; x_wconf 85' lang='lat' dir='ltr'><strong>judicium</strong></span> <span class='ocrx_word' id='word_1_163' title='bbox 1452 2671 1543 2739; x_wconf 88' lang='lat' dir='ltr'><strong>subi·</strong></span> 
     </span>
     <span class='ocr_line' id='line_1_20' title="bbox 369 2780 1545 2867; baseline 0.002 -20"><span class='ocrx_word' id='word_1_164' title='bbox 369 2796 463 2864; x_wconf 90' lang='lat' dir='ltr'><strong>rent,</strong></span> <span class='ocrx_word' id='word_1_165' title='bbox 492 2798 593 2865; x_wconf 89' lang='lat' dir='ltr'><strong>atque</strong></span> <span class='ocrx_word' id='word_1_166' title='bbox 615 2782 661 2847; x_wconf 89' lang='lat' dir='ltr'><strong>ita</strong></span> <span class='ocrx_word' id='word_1_167' title='bbox 683 2783 724 2848; x_wconf 94' lang='lat' dir='ltr'><strong>ad</strong></span> <span class='ocrx_word' id='word_1_168' title='bbox 746 2782 1010 2848; x_wconf 87' lang='lat' dir='ltr'><strong>commoditatem</strong></span> <span class='ocrx_word' id='word_1_169' title='bbox 1034 2780 1282 2866; x_wconf 84' lang='lat' dir='ltr'><strong>distinguendae</strong></span> <span class='ocrx_word' id='word_1_170' title='bbox 1302 2781 1545 2867; x_wconf 87' lang='lat' dir='ltr'><strong>jurisdictionis</strong></span> 
     </span>
     <span class='ocr_line' id='line_1_21' title="bbox 370 2892 1622 2979; baseline -0.002 -22"><span class='ocrx_word' id='word_1_171' title='bbox 370 2893 403 2958; x_wconf 88' lang='lat' dir='ltr'><strong>in</strong></span> <span class='ocrx_word' id='word_1_172' title='bbox 435 2893 514 2959; x_wconf 91' lang='lat' dir='ltr'><strong>mari</strong></span> <span class='ocrx_word' id='word_1_173' title='bbox 546 2894 628 2960; x_wconf 85' lang='lat' dir='ltr'><strong>lines</strong></span> <span class='ocrx_word' id='word_1_174' title='bbox 659 2892 819 2959; x_wconf 89' lang='lat' dir='ltr'><strong>describi:</strong></span> <span class='ocrx_word' id='word_1_175' title='bbox 851 2892 944 2974; x_wconf 90' lang='lat' dir='ltr'><strong>quod</strong></span> <span class='ocrx_word' id='word_1_176' title='bbox 976 2892 1065 2976; x_wconf 91' lang='lat' dir='ltr'><strong>ipsos</strong></span> <span class='ocrx_word' id='word_1_177' title='bbox 1100 2893 1233 2976; x_wconf 90' lang='lat' dir='ltr'><strong>quidem</strong></span> <span class='ocrx_word' id='word_1_178' title='bbox 1261 2912 1329 2958; x_wconf 93' lang='lat' dir='ltr'><strong>eam</strong></span> <span class='ocrx_word' id='word_1_179' title='bbox 1352 2893 1416 2959; x_wconf 91' lang='lat' dir='ltr'><strong>sibi</strong></span> <span class='ocrx_word' id='word_1_180' title='bbox 1439 2895 1542 2979; x_wconf 88' lang='lat' dir='ltr'><strong>legem</strong></span> <span class='ocrx_word' id='word_1_181' title='bbox 1618 2948 1622 2955; x_wconf 88' lang='lat'><em>.</em></span> 
     </span>
     <span class='ocr_line' id='line_1_22' title="bbox 368 3002 1543 3089; baseline 0.001 -21"><span class='ocrx_word' id='word_1_182' title='bbox 368 3002 512 3071; x_wconf 87' lang='lat' dir='ltr'><strong>ferentes</strong></span> <span class='ocrx_word' id='word_1_183' title='bbox 544 3002 684 3089; x_wconf 81' lang='lat' dir='ltr'><strong>deligat,</strong></span> <span class='ocrx_word' id='word_1_184' title='bbox 717 3019 751 3070; x_wconf 90' lang='lat' dir='ltr'><strong>at</strong></span> <span class='ocrx_word' id='word_1_185' title='bbox 782 3003 864 3070; x_wconf 89' lang='lat' dir='ltr'><strong>alios</strong></span> <span class='ocrx_word' id='word_1_186' title='bbox 897 3004 1041 3086; x_wconf 90' lang='lat' dir='ltr'><strong>populos</strong></span> <span class='ocrx_word' id='word_1_187' title='bbox 1075 3022 1141 3069; x_wconf 91' lang='lat' dir='ltr'><strong>non</strong></span> <span class='ocrx_word' id='word_1_188' title='bbox 1177 3004 1277 3085; x_wconf 87' lang='lat' dir='ltr'><strong>item,</strong></span> <span class='ocrx_word' id='word_1_189' title='bbox 1300 3024 1409 3086; x_wconf 90' lang='lat' dir='ltr'><strong>neque</strong></span> <span class='ocrx_word' id='word_1_190' title='bbox 1434 3006 1543 3071; x_wconf 87' lang='lat' dir='ltr'><strong>locum</strong></span> 
     </span>
     <span class='ocr_line' id='line_1_23' title="bbox 369 3112 1545 3200; baseline 0.002 -20"><span class='ocrx_word' id='word_1_191' title='bbox 369 3114 510 3200; x_wconf 88' lang='lat' dir='ltr'><strong>alicujus</strong></span> <span class='ocrx_word' id='word_1_192' title='bbox 540 3114 709 3197; x_wconf 89' lang='lat' dir='ltr'><strong>proprium</strong></span> <span class='ocrx_word' id='word_1_193' title='bbox 742 3112 846 3193; x_wconf 85' lang='lat' dir='ltr'><strong>facit,</strong></span> <span class='ocrx_word' id='word_1_194' title='bbox 879 3113 994 3181; x_wconf 88' lang='lat' dir='ltr'><strong>sedin</strong></span> <span class='ocrx_word' id='word_1_195' title='bbox 1018 3134 1173 3198; x_wconf 88' lang='lat' dir='ltr'><strong>personas</strong></span> <span class='ocrx_word' id='word_1_196' title='bbox 1203 3115 1468 3181; x_wconf 85' lang='lat' dir='ltr'><strong>contrahentium</strong></span> <span class='ocrx_word' id='word_1_197' title='bbox 1490 3117 1545 3200; x_wconf 86' lang='lat' dir='ltr'><strong>jus</strong></span> 
     </span>
     <span class='ocr_line' id='line_1_24' title="bbox 369 3224 1544 3311; baseline 0.003 -21"><span class='ocrx_word' id='word_1_198' title='bbox 369 3225 542 3292; x_wconf 91' lang='lat' dir='ltr'><strong>constituit</strong></span> <span class='ocrx_word' id='word_1_199' title='bbox 560 3224 582 3290; x_wconf 83' lang='lat'><strong>².</strong></span> <span class='ocrx_word' id='word_1_200' title='bbox 627 3224 722 3311; x_wconf 89' lang='lat' dir='ltr'><strong>Quae</strong></span> <span class='ocrx_word' id='word_1_201' title='bbox 745 3224 938 3306; x_wconf 87' lang='lat' dir='ltr'><strong>distinctio,</strong></span> <span class='ocrx_word' id='word_1_202' title='bbox 963 3240 1001 3291; x_wconf 89' lang='lat' dir='ltr'><strong>ut</strong></span> <span class='ocrx_word' id='word_1_203' title='bbox 1022 3226 1162 3292; x_wconf 88' lang='lat' dir='ltr'><strong>naturali</strong></span> <span class='ocrx_word' id='word_1_204' title='bbox 1185 3226 1304 3291; x_wconf 87' lang='lat' dir='ltr'><strong>rationi</strong></span> <span class='ocrx_word' id='word_1_205' title='bbox 1327 3242 1544 3293; x_wconf 82' lang='lat' dir='ltr'><strong>consentanea</strong></span> 
     </span>
     <span class='ocr_line' id='line_1_25' title="bbox 370 3335 1543 3423; baseline 0.001 -21"><span class='ocrx_word' id='word_1_206' title='bbox 370 3350 442 3418; x_wconf 89' lang='lat' dir='ltr'><strong>est,</strong></span> <span class='ocrx_word' id='word_1_207' title='bbox 465 3335 510 3400; x_wconf 86' lang='lat' dir='ltr'><strong>ita</strong></span> <span class='ocrx_word' id='word_1_208' title='bbox 533 3335 858 3418; x_wconf 75' lang='lat' dir='ltr'><strong>Ulpiani⁴responso</strong></span> <span class='ocrx_word' id='word_1_209' title='bbox 883 3335 1026 3418; x_wconf 90' lang='lat' dir='ltr'><strong>quodam</strong></span> <span class='ocrx_word' id='word_1_210' title='bbox 1049 3337 1302 3419; x_wconf 89' lang='lat' dir='ltr'><strong>comprobatur,</strong></span> <span class='ocrx_word' id='word_1_211' title='bbox 1327 3338 1385 3418; x_wconf 92' lang='lat' dir='ltr'><strong>qui</strong></span> <span class='ocrx_word' id='word_1_212' title='bbox 1410 3354 1543 3423; x_wconf 83' lang='lat' dir='ltr'><strong>rogatus</strong></span> 
     </span>
     <span class='ocr_line' id='line_1_26' title="bbox 369 3444 1542 3529; baseline 0.002 -16"><span class='ocrx_word' id='word_1_213' title='bbox 369 3466 410 3513; x_wconf 90' lang='lat' dir='ltr'><strong>an</strong></span> <span class='ocrx_word' id='word_1_214' title='bbox 432 3446 573 3511; x_wconf 91' lang='lat' dir='ltr'><strong>duorum</strong></span> <span class='ocrx_word' id='word_1_215' title='bbox 604 3444 812 3529; x_wconf 88' lang='lat' dir='ltr'><strong>praediorum</strong></span> <span class='ocrx_word' id='word_1_216' title='bbox 844 3446 1081 3513; x_wconf 90' lang='lat' dir='ltr'><strong>maritimorum</strong></span> <span class='ocrx_word' id='word_1_217' title='bbox 1114 3448 1266 3514; x_wconf 91' lang='lat' dir='ltr'><strong>dominus</strong></span> <span class='ocrx_word' id='word_1_218' title='bbox 1288 3448 1380 3513; x_wconf 90' lang='lat' dir='ltr'><strong>alteri</strong></span> <span class='ocrx_word' id='word_1_219' title='bbox 1406 3468 1542 3529; x_wconf 90' lang='lat' dir='ltr'><strong>eorum,</strong></span> 
     </span>
     <span class='ocr_line' id='line_1_27' title="bbox 370 3556 1541 3641; baseline 0.003 -19"><span class='ocrx_word' id='word_1_220' title='bbox 370 3557 462 3640; x_wconf 89' lang='lat' dir='ltr'><strong>quod</strong></span> <span class='ocrx_word' id='word_1_221' title='bbox 495 3556 673 3637; x_wconf 87' lang='lat' dir='ltr'><strong>venderet,</strong></span> <span class='ocrx_word' id='word_1_222' title='bbox 707 3557 900 3623; x_wconf 88' lang='lat' dir='ltr'><strong>servitutem</strong></span> <span class='ocrx_word' id='word_1_223' title='bbox 935 3558 1099 3641; x_wconf 88' lang='lat' dir='ltr'><strong>potuisset</strong></span> <span class='ocrx_word' id='word_1_224' title='bbox 1131 3558 1321 3641; x_wconf 88' lang='lat' dir='ltr'><strong>imponere,</strong></span> <span class='ocrx_word' id='word_1_225' title='bbox 1345 3578 1387 3625; x_wconf 88' lang='lat' dir='ltr'><strong>ne</strong></span> <span class='ocrx_word' id='word_1_226' title='bbox 1409 3559 1486 3625; x_wconf 87' lang='lat' dir='ltr'><strong>inde</strong></span> <span class='ocrx_word' id='word_1_227' title='bbox 1510 3560 1541 3625; x_wconf 91' lang='lat' dir='ltr'><strong>in</strong></span> 
     </span>
    </p>
   </div>
   <div class='ocr_carea' id='block_1_3' title="bbox 371 3772 565 3786">
    <p class='ocr_par' dir='ltr' id='par_1_3' title="bbox 371 3772 565 3786">
     <span class='ocr_line' id='line_1_28' title="bbox 371 3772 565 3786; baseline -0.021 0"><span class='ocrx_word' id='word_1_228' title='bbox 371 3772 565 3786; x_wconf 64' lang='grc' dir='ltr'><strong>ιο--ο--ι</strong></span> 
     </span>
    </p>
   </div>
   <div class='ocr_carea' id='block_1_4' title="bbox 369 3914 1544 4521">
    <p class='ocr_par' dir='ltr' id='par_1_4' title="bbox 369 3914 1544 4521">
     <span class='ocr_line' id='line_1_29' title="bbox 403 3914 1544 3978; baseline 0.002 -13"><span class='ocrx_word' id='word_1_229' title='bbox 403 3916 448 3965; x_wconf 82' lang='grc'><strong>11.</strong></span> <span class='ocrx_word' id='word_1_230' title='bbox 474 3915 570 3965; x_wconf 86' lang='lat' dir='ltr'><strong>littora.</strong></span> <span class='ocrx_word' id='word_1_231' title='bbox 595 3914 620 3964; x_wconf 79' lang='lat' dir='ltr'><strong>ff.</strong></span> <span class='ocrx_word' id='word_1_232' title='bbox 645 3929 677 3964; x_wconf 81' lang='lat' dir='ltr'><strong>ne</strong></span> <span class='ocrx_word' id='word_1_233' title='bbox 701 3915 763 3975; x_wconf 86' lang='lat' dir='ltr'><strong>quid</strong></span> <span class='ocrx_word' id='word_1_234' title='bbox 789 3915 814 3963; x_wconf 88' lang='grc'><strong>111</strong></span> <span class='ocrx_word' id='word_1_235' title='bbox 839 3916 900 3964; x_wconf 89' lang='lat' dir='ltr'><strong>loco</strong></span> <span class='ocrx_word' id='word_1_236' title='bbox 925 3916 996 3976; x_wconf 88' lang='lat' dir='ltr'><strong>publ.</strong></span> <span class='ocrx_word' id='word_1_237' title='bbox 1023 3916 1068 3977; x_wconf 86' lang='lat' dir='ltr'><strong>[D.</strong></span> <span class='ocrx_word' id='word_1_238' title='bbox 1093 3928 1133 3978; x_wconf 70' lang='lat'><strong>43.</strong></span> <span class='ocrx_word' id='word_1_239' title='bbox 1160 3920 1183 3965; x_wconf 86' lang='lat'><strong>8.</strong></span> <span class='ocrx_word' id='word_1_240' title='bbox 1207 3916 1243 3978; x_wconf 80' lang='lat'><strong>3.]</strong></span> <span class='ocrx_word' id='word_1_241' title='bbox 1280 3914 1544 3968; x_wconf 78' lang='lat' dir='ltr'><strong>²1.insmae.n.de</strong></span> 
     </span>
     <span class='ocr_line' id='line_1_30' title="bbox 369 4005 1544 4071; baseline 0 -14"><span class='ocrx_word' id='word_1_242' title='bbox 369 4007 482 4067; x_wconf 82' lang='lat' dir='ltr'><strong>judiciis.</strong></span> <span class='ocrx_word' id='word_1_243' title='bbox 502 4008 546 4069; x_wconf 88' lang='lat' dir='ltr'><strong>[D.</strong></span> <span class='ocrx_word' id='word_1_244' title='bbox 566 4018 589 4061; x_wconf 83' lang='lat'><strong>5.</strong></span> <span class='ocrx_word' id='word_1_245' title='bbox 612 4019 632 4054; x_wconf 96' lang='grc'><strong>1.</strong></span> <span class='ocrx_word' id='word_1_246' title='bbox 650 4005 687 4069; x_wconf 83' lang='grc'><strong>9.]</strong></span> <span class='ocrx_word' id='word_1_247' title='bbox 708 4008 724 4053; x_wconf 94' lang='grc'><strong>1.</strong></span> <span class='ocrx_word' id='word_1_248' title='bbox 743 4007 842 4053; x_wconf 84' lang='lat' dir='ltr'><strong>Caesar.</strong></span> <span class='ocrx_word' id='word_1_249' title='bbox 861 4006 887 4053; x_wconf 81' lang='lat' dir='ltr'><strong>ff.</strong></span> <span class='ocrx_word' id='word_1_250' title='bbox 906 4009 937 4056; x_wconf 88' lang='lat' dir='ltr'><strong>dc</strong></span> <span class='ocrx_word' id='word_1_251' title='bbox 955 4008 1025 4067; x_wconf 89' lang='lat' dir='ltr'><strong>publ.</strong></span> <span class='ocrx_word' id='word_1_252' title='bbox 1045 4006 1090 4071; x_wconf 91' lang='lat' dir='ltr'><strong>[D.</strong></span> <span class='ocrx_word' id='word_1_253' title='bbox 1110 4020 1150 4069; x_wconf 82' lang='lat'><strong>39.</strong></span> <span class='ocrx_word' id='word_1_254' title='bbox 1169 4022 1193 4069; x_wconf 78' lang='lat'>4</span> <span class='ocrx_word' id='word_1_255' title='bbox 1215 4009 1265 4071; x_wconf 83' lang='lat' dir='ltr'><strong>rs.]</strong></span> <span class='ocrx_word' id='word_1_256' title='bbox 1287 4012 1326 4057; x_wconf 89' lang='lat' dir='ltr'><strong>Gl.</strong></span> <span class='ocrx_word' id='word_1_257' title='bbox 1346 4010 1370 4057; x_wconf 89' lang='lat' dir='ltr'><strong>in</strong></span> <span class='ocrx_word' id='word_1_258' title='bbox 1386 4013 1404 4058; x_wconf 86' lang='grc'><strong>1.</strong></span> <span class='ocrx_word' id='word_1_259' title='bbox 1414 4012 1544 4070; x_wconf 84' lang='lat' dir='ltr'><strong>quaedam.</strong></span> 
     </span>
     <span class='ocr_line' id='line_1_31' title="bbox 369 4095 1544 4160; baseline 0.001 -12"><span class='ocrx_word' id='word_1_260' title='bbox 369 4100 395 4148; x_wconf 81' lang='lat' dir='ltr'><strong>ff.</strong></span> <span class='ocrx_word' id='word_1_261' title='bbox 420 4102 451 4148; x_wconf 87' lang='lat' dir='ltr'><strong>de</strong></span> <span class='ocrx_word' id='word_1_262' title='bbox 476 4112 524 4146; x_wconf 86' lang='lat' dir='ltr'><strong>rer.</strong></span> <span class='ocrx_word' id='word_1_263' title='bbox 550 4098 604 4145; x_wconf 86' lang='lat' dir='ltr'><strong>div.</strong></span> <span class='ocrx_word' id='word_1_264' title='bbox 629 4095 675 4160; x_wconf 87' lang='grc'><strong>[1).</strong></span> <span class='ocrx_word' id='word_1_265' title='bbox 703 4110 723 4144; x_wconf 93' lang='grc'><strong>1.</strong></span> <span class='ocrx_word' id='word_1_266' title='bbox 749 4100 772 4144; x_wconf 87' lang='lat'><strong>8.</strong></span> <span class='ocrx_word' id='word_1_267' title='bbox 798 4096 833 4159; x_wconf 81' lang='lat' dir='ltr'><strong>a]</strong></span> <span class='ocrx_word' id='word_1_268' title='bbox 860 4109 885 4144; x_wconf 85' lang='lat' dir='ltr'><strong>cr</strong></span> <span class='ocrx_word' id='word_1_269' title='bbox 910 4097 946 4145; x_wconf 87' lang='lat' dir='ltr'><strong>ibi</strong></span> <span class='ocrx_word' id='word_1_270' title='bbox 970 4098 1022 4145; x_wconf 84' lang='lat' dir='ltr'><strong>Bal.</strong></span> <span class='ocrx_word' id='word_1_271' title='bbox 1040 4110 1064 4147; x_wconf 87' lang='lat' dir='ltr'><strong>ct</strong></span> <span class='ocrx_word' id='word_1_272' title='bbox 1084 4101 1124 4147; x_wconf 73' lang='grc'><strong>(11.</strong></span> <span class='ocrx_word' id='word_1_273' title='bbox 1143 4099 1168 4147; x_wconf 92' lang='grc'><strong>111</strong></span> <span class='ocrx_word' id='word_1_274' title='bbox 1187 4104 1209 4158; x_wconf 74' lang='lat'><strong>§-</strong></span> <span class='ocrx_word' id='word_1_275' title='bbox 1231 4114 1252 4148; x_wconf 90' lang='lat'><strong>1.</strong></span> <span class='ocrx_word' id='word_1_276' title='bbox 1272 4102 1331 4149; x_wconf 87' lang='grc'><strong>11151.</strong></span> <span class='ocrx_word' id='word_1_277' title='bbox 1351 4103 1382 4149; x_wconf 90' lang='lat' dir='ltr'><strong>dc</strong></span> <span class='ocrx_word' id='word_1_278' title='bbox 1402 4115 1451 4149; x_wconf 87' lang='lat' dir='ltr'><strong>rer.</strong></span> <span class='ocrx_word' id='word_1_279' title='bbox 1470 4102 1544 4151; x_wconf 84' lang='lat' dir='ltr'><strong>divis.</strong></span> 
     </span>
     <span class='ocr_line' id='line_1_32' title="bbox 371 4186 1544 4253; baseline 0.001 -15"><span class='ocrx_word' id='word_1_280' title='bbox 371 4192 404 4253; x_wconf 91' lang='grc'><strong>[1.</strong></span> <span class='ocrx_word' id='word_1_281' title='bbox 423 4204 446 4238; x_wconf 86' lang='lat' dir='ltr'><strong>a.</strong></span> <span class='ocrx_word' id='word_1_282' title='bbox 467 4190 501 4250; x_wconf 88' lang='lat' dir='ltr'><strong>r.]</strong></span> <span class='ocrx_word' id='word_1_283' title='bbox 520 4200 545 4236; x_wconf 88' lang='lat' dir='ltr'><strong>et</strong></span> <span class='ocrx_word' id='word_1_284' title='bbox 564 4188 590 4235; x_wconf 92' lang='lat' dir='ltr'><strong>in</strong></span> <span class='ocrx_word' id='word_1_285' title='bbox 609 4188 633 4234; x_wconf 87' lang='lat' dir='ltr'><strong>d.</strong></span> <span class='ocrx_word' id='word_1_286' title='bbox 651 4190 668 4234; x_wconf 93' lang='grc'><strong>1.</strong></span> <span class='ocrx_word' id='word_1_287' title='bbox 686 4187 782 4235; x_wconf 88' lang='lat' dir='ltr'><strong>littora.</strong></span> <span class='ocrx_word' id='word_1_288' title='bbox 816 4186 827 4219; x_wconf 78' lang='lat'><strong>³</strong></span> <span class='ocrx_word' id='word_1_289' title='bbox 846 4187 941 4235; x_wconf 78' lang='grc'><strong>1111111</strong></span> <span class='ocrx_word' id='word_1_290' title='bbox 960 4202 983 4237; x_wconf 89' lang='lat' dir='ltr'><strong>c.</strong></span> <span class='ocrx_word' id='word_1_291' title='bbox 1005 4202 1025 4237; x_wconf 88' lang='lat'><strong>1.</strong></span> <span class='ocrx_word' id='word_1_292' title='bbox 1044 4189 1069 4237; x_wconf 88' lang='lat' dir='ltr'><strong>in</strong></span> <span class='ocrx_word' id='word_1_293' title='bbox 1088 4204 1127 4250; x_wconf 88' lang='lat' dir='ltr'><strong>pr.</strong></span> <span class='ocrx_word' id='word_1_294' title='bbox 1147 4190 1173 4238; x_wconf 90' lang='grc'><strong>111</strong></span> <span class='ocrx_word' id='word_1_295' title='bbox 1191 4204 1214 4239; x_wconf 80' lang='lat' dir='ltr'><strong>a.</strong></span> <span class='ocrx_word' id='word_1_296' title='bbox 1232 4192 1284 4239; x_wconf 85' lang='lat' dir='ltr'><strong>cul.</strong></span> <span class='ocrx_word' id='word_1_297' title='bbox 1304 4192 1374 4251; x_wconf 87' lang='lat' dir='ltr'><strong>quib.</strong></span> <span class='ocrx_word' id='word_1_298' title='bbox 1396 4194 1544 4241; x_wconf 82' lang='lat' dir='ltr'><strong>modseud.</strong></span> 
     </span>
     <span class='ocr_line' id='line_1_33' title="bbox 369 4276 1544 4342; baseline 0.003 -13"><span class='ocrx_word' id='word_1_299' title='bbox 369 4281 449 4329; x_wconf 89' lang='lat' dir='ltr'><strong>amitt.</strong></span> <span class='ocrx_word' id='word_1_300' title='bbox 473 4280 547 4328; x_wconf 80' lang='lat' dir='ltr'><strong>Adde</strong></span> <span class='ocrx_word' id='word_1_301' title='bbox 570 4281 587 4325; x_wconf 96' lang='grc'><strong>1.</strong></span> <span class='ocrx_word' id='word_1_302' title='bbox 610 4276 709 4327; x_wconf 85' lang='lat' dir='ltr'><strong>unicam</strong></span> <span class='ocrx_word' id='word_1_303' title='bbox 734 4279 763 4325; x_wconf 90' lang='lat' dir='ltr'><strong>C.</strong></span> <span class='ocrx_word' id='word_1_304' title='bbox 786 4279 818 4325; x_wconf 84' lang='lat' dir='ltr'><strong>de</strong></span> <span class='ocrx_word' id='word_1_305' title='bbox 835 4278 959 4327; x_wconf 84' lang='lat' dir='ltr'><strong>classicis.</strong></span> <span class='ocrx_word' id='word_1_306' title='bbox 979 4280 1021 4341; x_wconf 87' lang='lat' dir='ltr'><strong>[C.</strong></span> <span class='ocrx_word' id='word_1_307' title='bbox 1043 4294 1081 4328; x_wconf 91' lang='grc'><strong>11.</strong></span> <span class='ocrx_word' id='word_1_308' title='bbox 1102 4280 1153 4342; x_wconf 59' lang='lat' dir='ltr'><strong>aa]</strong></span> <span class='ocrx_word' id='word_1_309' title='bbox 1174 4293 1199 4329; x_wconf 84' lang='lat' dir='ltr'><strong>et</strong></span> <span class='ocrx_word' id='word_1_310' title='bbox 1219 4284 1282 4341; x_wconf 76' lang='lat' dir='ltr'><strong>Ang.</strong></span> <span class='ocrx_word' id='word_1_311' title='bbox 1301 4282 1327 4329; x_wconf 91' lang='lat' dir='ltr'><strong>in</strong></span> <span class='ocrx_word' id='word_1_312' title='bbox 1346 4284 1363 4329; x_wconf 96' lang='grc'><strong>1.</strong></span> <span class='ocrx_word' id='word_1_313' title='bbox 1383 4296 1451 4331; x_wconf 84' lang='lat' dir='ltr'><strong>sanc.</strong></span> <span class='ocrx_word' id='word_1_314' title='bbox 1469 4284 1494 4331; x_wconf 80' lang='lat' dir='ltr'><strong>ff.</strong></span> <span class='ocrx_word' id='word_1_315' title='bbox 1514 4286 1544 4332; x_wconf 88' lang='lat' dir='ltr'><strong>de</strong></span> 
     </span>
     <span class='ocr_line' id='line_1_34' title="bbox 369 4352 1543 4437; baseline 0.002 -18"><span class='ocrx_word' id='word_1_316' title='bbox 369 4370 478 4428; x_wconf 85' lang='lat' dir='ltr'><strong>injuriis.</strong></span> <span class='ocrx_word' id='word_1_317' title='bbox 504 4369 547 4433; x_wconf 88' lang='grc'><strong>[1).</strong></span> <span class='ocrx_word' id='word_1_318' title='bbox 570 4380 611 4430; x_wconf 80' lang='lat'><strong>47.</strong></span> <span class='ocrx_word' id='word_1_319' title='bbox 632 4380 670 4416; x_wconf 85' lang='lat' dir='ltr'><strong>ro.</strong></span> <span class='ocrx_word' id='word_1_320' title='bbox 691 4366 741 4430; x_wconf 68' lang='lat'><strong>14]</strong></span> <span class='ocrx_word' id='word_1_321' title='bbox 778 4352 1106 4419; x_wconf 72' lang='grc'><strong>4’1.11111111011111111111.</strong></span> <span class='ocrx_word' id='word_1_322' title='bbox 1126 4386 1217 4421; x_wconf 86' lang='lat' dir='ltr'><strong>comm.</strong></span> <span class='ocrx_word' id='word_1_323' title='bbox 1235 4374 1320 4433; x_wconf 87' lang='lat' dir='ltr'><strong>praed.</strong></span> <span class='ocrx_word' id='word_1_324' title='bbox 1343 4370 1388 4437; x_wconf 86' lang='lat' dir='ltr'><strong>[D.</strong></span> <span class='ocrx_word' id='word_1_325' title='bbox 1406 4376 1430 4421; x_wconf 87' lang='lat'><strong>8.</strong></span> <span class='ocrx_word' id='word_1_326' title='bbox 1448 4387 1472 4435; x_wconf 78' lang='lat'><strong>4.</strong></span> <span class='ocrx_word' id='word_1_327' title='bbox 1494 4373 1543 4437; x_wconf 63' lang='lat' dir='ltr'><strong>ra]</strong></span> 
     </span>
     <span class='ocr_line' id='line_1_35' title="bbox 370 4458 804 4521; baseline -0.005 -14"><span class='ocrx_word' id='word_1_328' title='bbox 370 4463 443 4510; x_wconf 77' lang='lat' dir='ltr'><strong>Adde</strong></span> <span class='ocrx_word' id='word_1_329' title='bbox 461 4464 478 4508; x_wconf 95' lang='grc'><strong>1.</strong></span> <span class='ocrx_word' id='word_1_330' title='bbox 496 4459 590 4509; x_wconf 83' lang='lat' dir='ltr'><strong>caveri.</strong></span> <span class='ocrx_word' id='word_1_331' title='bbox 610 4460 640 4521; x_wconf 89' lang='lat'><strong>[1.</strong></span> <span class='ocrx_word' id='word_1_332' title='bbox 657 4460 695 4520; x_wconf 77' lang='grc'><strong>4.]</strong></span> <span class='ocrx_word' id='word_1_333' title='bbox 714 4473 746 4507; x_wconf 89' lang='lat' dir='ltr'><strong>eo</strong></span> <span class='ocrx_word' id='word_1_334' title='bbox 765 4458 804 4506; x_wconf 87' lang='lat' dir='ltr'><strong>tit.</strong></span> 
     </span>
    </p>
   </div>
   <div class='ocr_carea' id='block_1_5' title="bbox 0 0 1730 5434">
    <p class='ocr_par' dir='ltr' id='par_1_5' title="bbox 0 0 1730 5434">
     <span class='ocr_line' id='line_1_36' title="bbox 0 0 1730 5434; baseline 0 0"><span class='ocrx_word' id='word_1_335' title='bbox 0 0 1730 5434; x_wconf 95' lang='lat' dir='ltr'><strong> </strong></span> 
     </span>
    </p>
   </div>
  </div>
 </body>
</html>
