3450 5434
351 632 413 693 134
677 632 724 677 nn
748 631 841 696 Junn
868 628 1052 676 rannone.
1077 630 1207 679 cam

359 784 503 851 silentio.
549 784 615 849 Sed
648 798 681 851 et
711 783 824 851 multis
853 782 927 849 aliis
957 784 997 849 de
1020 783 1127 853 causis
1150 784 1280 851 evenire
1300 784 1384 853 idem
1406 803 1530 871 potest.

353 895 456 977 Saepe
479 895 564 960 enim
584 896 737 963 videmus
756 916 774 963 a
792 896 880 963 veris
900 894 1041 962 dominis
1061 895 1156 962 citari
1175 916 1314 979 omnes,
1337 898 1532 981 quicunque

351 1024 448 1089 super
472 1007 570 1073 rebus
592 1007 753 1090 possessis
776 1028 907 1073 movere
925 1007 1030 1073 velint
1049 1010 1333 1075 controversiam¹
1345 1056 1357 1091 ,
1382 1029 1450 1092 quo
1468 1011 1536 1077 sint

351 1117 414 1201 ipsi
433 1116 466 1183 in
486 1133 654 1201 posterum
674 1118 866 1187 securiores.
912 1116 1064 1185 Verum
1055 1118 1157 1204 agitur
1177 1134 1225 1187 est
1243 1120 1372 1203 privato
1392 1121 1426 1187 in
1445 1122 1535 1188 bello

350 1230 501 1311 praedam
524 1249 590 1293 non
614 1230 755 1295 excludi.
777 1230 865 1295 Nam
887 1244 920 1295 et
940 1230 1061 1296 bellum
1083 1230 1189 1313 illud,
1211 1232 1303 1314 quod
1323 1232 1535 1298 Abrahamus

352 1339 509 1406 adversus
531 1359 637 1425 regem
662 1341 959 1407 Chodorlomarum
984 1342 1121 1425 eJ'usque
1142 1342 1250 1409 socios
1262 1342 1404 1426 gessit',
1423 1343 1535 1427 priva·

352 1466 421 1516 tum
445 1470 511 1517 non
536 1450 638 1517 fuisse
669 1452 810 1536 probatu
841 1450 885 1517 sit
907 1451 1062 1533 difficile,
1087 1473 1126 1519 ex
1150 1473 1218 1535 quo
1240 1468 1347 1519 tamen
1371 1454 1425 1520 ille
1449 1454 1533 1521 nihil

352 1562 477 1629 veritus
506 1578 557 1628 est
587 1563 737 1646 praedam
769 1563 941 1629 abducere.
986 1562 1057 1629 Nec
1090 1564 1180 1630 aliud
1209 1564 1384 1631 dicendum
1419 1580 1469 1631 est
1492 1566 1533 1632 de

354 1673 438 1759 CaJ'o
458 1673 550 1758 Julio
572 1675 740 1741 Caesare⁸
760 1674 867 1741 adhuc
887 1648 1115 1755 adolescente,
1146 1676 1203 1758 qui
1225 1675 1344 1759 piratas
1367 1696 1386 1742 a
1408 1677 1534 1759 quibus

354 1799 467 1867 captus
482 1784 590 1851 fuerat
607 1785 734 1868 privata
750 1787 851 1851 classe
869 1800 1076 1868 persecutus,
1102 1787 1185 1852 bona
1204 1806 1316 1853 eorum
1335 1808 1396 1870 pro
1414 1788 1534 1871 praeda

354 1894 478 1961 divisit.
522 1896 646 1961 Idem
637 1916 670 1961 ιιι
694 1897 781 1962 bello
811 1896 943 1963 Octavii
970 1896 1160 1963 Antoniano
1188 1917 1254 1963 non
1277 1898 1386 1965 minus
1406 1914 1532 1965 certum

354 2021 413 2072 est.
459 2008 602 2089 Atque'
594 2023 640 2073 ιιι
658 2009 755 2090 plane
774 2022 813 2073 ut
832 2028 892 2074 nos
913 2007 1051 2075 dicimus
1072 2022 1185 2076 censet
1203 2009 1344 2076 Socinus
1363 2010 1532 2093 Nepos,
1498 2012 1513 2049 ⁴

355 2137 451 2199 quem
472 2118 566 2199 sequi
586 2118 716 2185 videtur
737 2116 875 2203 Ayala⁵
895 2118 1065 2201 Hispanus
1084 2120 1144 2185 hac
1161 2120 1370 2202 potissimum
1389 2122 1532 2203 ratione,

355 2229 446 2311 quod
470 2228 497 2293 si
521 2229 642 2295 bellum
674 2233 738 2295 tale
767 2231 893 2315 J‘ustum
927 2244 997 2330 est,
1025 2229 1120 2295 etiam
1141 2231 1216 2314 Jura
1239 2232 1316 2297 belli
1339 2247 1372 2297 et
1395 2233 1534 2299 effectus

354 2341 464 2405 locum
487 2341 606 2405 habere
629 2340 758 2407 debent
805 2341 945 2409 Constat
968 2361 1045 2426 ergo
1067 2341 1212 2423 acquiri:
1237 2344 1295 2409 sed
1315 2344 1372 2409 eui
1392 2344 1425 2409 in
1444 2346 1532 2410 bello

222 2458 340 2559 Jme·
355 2450 483 2533 privato
501 2450 683 2518 videamus.
710 2452 796 2518 Cum
817 2466 925 2517 autem
946 2452 994 2532 id,
1018 2454 1109 2535 quod
1130 2453 1197 2538 agit
1218 2454 1455 2537 principaliter,
1479 2455 1533 2521 sui

355 2562 494 2627 maxime
525 2582 622 2628 causa
650 2582 743 2647 agere
766 2564 961 2629 credendum
983 2563 1048 2644 sit,
1072 2564 1147 2631 dico
1166 2586 1273 2631 rerum
1293 2568 1380 2632 bello
1400 2566 1532 2650 privato

355 2686 521 2755 captarum
544 2673 712 2741 dominum
731 2673 801 2740 fieri
819 2694 914 2755 eum,
937 2674 994 2757 qui
1016 2674 1093 2741 belli
1117 2691 1231 2742 auctor
1253 2677 1296 2743 sit
1318 2677 1531 2761 principalis,

356 2784 501 2867 quoad'
488 2803 544 2869 Jus
570 2805 667 2851 suum
697 2802 894 2853 consecutus
923 2787 984 2852 sit:
1009 2787 1149 2870 quod'
1123 2808 1170 2853 src
1194 2788 1289 2853 etiam
1312 2789 1531 2872 interpretor,

355 2910 393 2961 ut
423 2896 451 2961 si
485 2896 591 2961 hostis
621 2897 716 2962 etiam
740 2897 814 2965 aliis
841 2898 981 2980 debeat,
1014 2897 1069 2963 ille
1090 2912 1197 2965 tamen
1227 2899 1259 2964 in
1278 2900 1396 2983 praeda
1414 2901 1532 2967 habeat

354 3007 606 3091 privilegium&
650 3008 794 3073 Primum
827 3008 912 3075 enim
945 3010 1060 3075 damrm
1091 3010 1201 3076 omnia
1233 3025 1265 3075 et
1294 3012 1458 3094 impensae
1490 3013 1533 3077 ad

355 3118 433 3183 belli
455 3132 679 3201 susceptorem
703 3134 873 3202 spectant,
898 3121 956 3203 qui
981 3120 1140 3187 scilicet'
1128 3141 1201 3205 Jure
1223 3121 1370 3205 gentium
1394 3122 1533 3190 auxilia-

354 3230 482 3296 toribus
505 3244 537 3294 et
559 3228 700 3296 subditis
732 3245 862 3297 tenetur
894 3232 935 3297 ad
956 3247 1084 3299 sumtus
1109 3246 1141 3297 et
1164 3231 1345 3314 dispendia.
1392 3234 1531 3300 Certum

355 3354 463 3405 autem
484 3354 533 3405 est
553 3360 592 3404 ex
615 3360 675 3422 eo,
700 3342 791 3423 quod
814 3362 830 3406 e
852 3341 1014 3408 debitoris
1036 3342 1219 3408 substantia
1248 3343 1427 3429 redigitur,
1456 3362 1533 3411 ante

356 3450 464 3516 omnia
495 3450 613 3516 deduci
644 3451 854 3535 quidquid
845 3474 878 3519 m
915 3455 1158 3521 exsecutionem
1193 3454 1422 3538 imputatur²z
1460 3458 1533 3540 ipsa

355 3562 507 3627 nimirum
528 3562 684 3629 suadente
703 3564 917 3645 necessitate,
941 3585 1014 3630 cum
1035 3564 1159 3647 alioqui
1178 3586 1219 3631 ne
1238 3567 1376 3633 alterurn
1395 3568 1531 3650 quidem

355 3674 514 3754 consequi
536 3674 711 3756 quisquam
733 3676 859 3758 possit,
883 3676 947 3741 nisi
970 3674 1065 3742 factis
1088 3677 1141 3742 his
1162 3677 1337 3743 sumtibus.
1362 3679 1532 3746 Praeterea

355 3784 385 3849 si
406 3784 534 3866 quod
523 3806 578 3870 Jus
610 3786 725 3851 crediti
757 3802 928 3870 susceptor
951 3787 1028 3853 belli
1051 3802 1125 3854 ante
1149 3788 1391 3855 exsecutionem
1414 3791 1532 3857 habuit

356 3895 512 3961 adversus
534 3917 608 3961 eum
631 3896 690 3978 qui
713 3897 894 3979 spoliatur,
922 3898 1018 3964 etiam
1041 3899 1076 3965 in
1098 3901 1162 3965 hoc
1186 3920 1260 3966 eum
1282 3899 1529 3983 praeferendum

356 4026 422 4073 non
452 4006 598 4073 dubitem
631 4009 777 4091 exemplo
809 4009 1003 4091 creditoris,
1027 4009 1084 4092 qui
1109 4026 1182 4076 ante
1205 4026 1349 4078 caeteros
1370 4013 1531 4098 vigilave-

390 4328 435 4375 11.
453 4328 619 4377 diffamaric.
634 4326 687 4377 de
680 4341 731 4389 mg
744 4340 852 4376 manum.
874 4326 915 4391 [C.
932 4340 956 4387 7.
978 4342 1015 4390 ¹4·
1035 4328 1070 4395 5.]
1107 4326 1200 4379 ²Gen.
1221 4345 1259 4393 14.
1292 4329 1386 4381 ’Plus
1402 4334 1475 4382 Caes.
1490 4331 1531 4398 [p.

356 4422 413 4477 708.
433 4432 455 4466 a.
475 4416 499 4467 1).
517 4418 552 4482 e.]
588 4418 679 4467 ⁴tom.
703 4431 726 4476 3.
749 4432 821 4467 cons.
844 4419 885 4468 68.
919 4418 1178 4479 ‘dejurebellll
1203 4435 1224 4471 r
1239 4436 1261 4471 c
1281 4438 1304 4471 2
1337 4422 1396 4473 ⁶V.
1414 4424 1480 4473 rnfra
1498 4427 1530 4475 ad

356 4511 445 4557 coroll.
480 4508 491 4542 ⁷
507 4511 573 4558 Bart.
588 4512 620 4559 de
638 4523 746 4570 repress.
762 4525 786 4573 9.
800 4524 825 4571 q.
843 4524 864 4558 r.
882 4512 913 4560 ad
927 4523 949 4568 3.
