3450 5434
494 664 541 711 DE
566 665 660 731 June
686 664 873 712 PRAEDAE.
899 666 981 713 GAP.
1006 666 1043 711 X.
1302 664 1361 726 147

179 818 326 884 -ritorum
345 814 441 882 etiam
459 834 555 898 saepe
573 817 684 883 habita
701 817 804 897 ratio,
827 817 916 884 sicut
934 817 1102 895 Marcius,
1127 816 1218 898 quod
1236 814 1365 883 fortiter

187 926 341 1010 fecisset,
364 947 404 992 ex
422 925 543 1010 praeda
561 927 737 994 Coriolana
755 928 896 994 donatus
916 943 965 995 est
983 947 1000 994 a
1017 925 1200 992 Postumio.
1224 925 1365 993 Utrovis

186 1038 287 1103 ruodo
305 1036 426 1104 divisio
446 1035 557 1115 fieret,
580 1036 699 1103 licebat
711 1038 898 1123 imperatori
910 1040 1068 1122 ἐξκίρετον,
1089 1038 1155 1101 lroc
1174 1050 1241 1113 est,
1261 1051 1364 1122 prae·

186 1152 321 1235 cipetum
353 1146 419 1215 sibi
449 1146 596 1230 accipere
629 1162 788 1230 quantum
808 1151 932 1227 vellet,
958 1163 996 1213 ut
1017 1147 1178 1213 Ocrisiartr
1201 1146 1364 1213 Comicu-

188 1260 293 1324 lanam
322 1258 397 1324 Rex
426 1258 563 1324 Tullius
586 1260 608 1323 ¹.
659 1258 830 1325 Fabricius
862 1259 950 1343 apud
980 1257 1263 1325 Halicarnasseum
1290 1257 1302 1294 ²
1329 1256 1363 1321 in

188 1367 336 1435 oratione
362 1367 404 1433 ad
433 1367 614 1452 Pyrrhum:
646 1372 758 1437 ἐκείνων
781 1374 955 1453 amaricat
983 1370 1046 1451 ἐξόν
1073 1390 1120 1451 μοι
1142 1373 1249 1450 λαβεῖν
1270 1367 1364 1437 balea

185 1481 361 1561 βουλοίμην,
380 1498 423 1542 ea
441 1480 493 1549 his
511 1498 597 1562 quae
615 1476 697 1542 bello
716 1492 817 1563 capta
836 1490 936 1543 erant
956 1477 1077 1543 licebat
1095 1478 1179 1541 mili
1198 1490 1361 1560 quantam

187 1586 303 1655 uellem
318 1590 477 1673 accipere.
523 1587 599 1654 Hoc
616 1587 929 1671 Isidorus³respicit
946 1603 1044 1671 agens
1062 1585 1102 1651 de
1120 1586 1194 1670 jure
1214 1585 1361 1651 militari:

189 1696 273 1761 Item
300 1696 452 1781 praedae
480 1697 599 1763 decisio
632 1712 663 1761 et
680 1711 745 1784 pro
763 1713 985 1784 personarum
1009 1696 1235 1782 qualitatibus
1257 1708 1288 1760 et
1311 1696 1363 1760 la·

187 1806 321 1871 boribus
327 1807 429 1891 justa
439 1806 559 1875 divisio
576 1827 616 1872 ac
628 1807 801 1892 Principis
807 1811 934 1891 portia.
959 1806 1163 1888 Tarquinius
1176 1806 1361 1888 Superbus,

188 1931 228 1981 ut
258 1916 347 1998 apud
377 1916 512 1982 Livium
533 1916 546 1952 ⁴
564 1931 635 1998 est,
669 1932 702 1983 et
734 1918 803 2000 ipse
837 1916 933 1983 ditari
966 1917 1123 1998 volebat,
1160 1930 1194 1981 et
1226 1915 1362 1981 delinire

187 2026 306 2109 praeda
337 2027 545 2110 popularium
578 2027 714 2093 animos.
760 2027 920 2093 Servilius
945 2034 958 2070 ⁸
984 2026 1017 2092 ln
1052 2024 1198 2092 oratione
1227 2044 1285 2108 pro
1317 2025 1361 2091 L.

187 2135 293 2202 Paulo
310 2136 394 2202 dicit
410 2156 486 2202 eunt
504 2136 622 2219 praeda
640 2136 809 2219 partienda
824 2156 859 2202 se
878 2137 1074 2220 locupletem
1089 2135 1195 2201 facete
1204 2134 1363 2218 potuisse.

188 2246 275 2312 Sunt
299 2260 407 2312 autem
435 2246 495 2328 qui
513 2245 524 2280 ⁸
544 2247 627 2312 hanc
656 2248 770 2330 potius
800 2247 1004 2330 imperatoris
1030 2245 1215 2329 portionem
1250 2264 1363 2309 manu·

187 2356 315 2422 blatum
335 2356 469 2422 nomine
488 2356 667 2441 significari
689 2358 805 2424 velint.
852 2357 1000 2423 Laudata
1018 2375 1098 2422 vero
1121 2355 1279 2437 imprimis
1302 2355 1363 2420 du·

188 2486 264 2531 cum
287 2466 505 2547 abstinentia,
535 2467 595 2549 qui
622 2471 679 2551 J'us
707 2486 804 2534 suurn
832 2466 1033 2533 remittentes
1058 2466 1207 2548 praedam
1229 2464 1363 2531 omuino

186 2576 476 2660 nonattigerunt,
500 2576 637 2657 mille,
662 2596 760 2659 quem
770 2578 871 2656 dico,
893 2575 1086 2657 Fabricius,
1110 2589 1143 2642 et
1155 2574 1266 2657 Scipio
1275 2574 1364 2639 victu

189 2686 388 2771 Carthagine
406 2689 430 2752 ².
475 2687 548 2751 Aut
579 2686 638 2769 qui
669 2686 798 2752 modice
820 2686 1026 2767 delibatum,
1050 2700 1089 2751 ut
1110 2684 1287 2767 Pompejus
1310 2702 1363 2748 or-

188 2810 287 2863 natur
318 2796 455 2861 Catonis
487 2797 596 2879 elogio
628 2796 716 2879 apud
737 2794 942 2877 Lucanum,
977 2793 1071 2876 quod
1102 2796 1196 2878 plura
1228 2792 1362 2858 retentis

188 2905 365 2972 intulisset.
410 2906 447 2971 ln
478 2906 641 2973 divisione
671 2908 782 2972 habita
804 2906 967 2973 interdum
991 2905 1074 2970 ratio
1097 2903 1301 2983 absentium,
1324 2916 1364 2967 ut

186 3016 341 3098 incepto
371 3016 510 3081 Anxure
539 3016 660 3082 Fabius
684 3018 870 3084 Ambustus
893 3015 1068 3083 constituit
1086 3018 1120 3097 ⁸,
1144 3026 1363 3098 congruenter

189 3125 415 3192 Hebraeorum
440 3126 607 3193 moribus:
630 3125 795 3193 interdum
814 3124 1034 3209 praesentium
1056 3122 1272 3206 quorumdam
1295 3141 1362 3187 non

188 3235 323 3317 habita,
346 3251 385 3301 ut
406 3236 594 3302 Minuciani
618 3236 783 3303 exercitus
802 3236 963 3303 dictatore
982 3235 1183 3301 Cincinnato
1192 3240 1216 3299 ⁹.
1261 3233 1364 3319 Quod

188 3359 298 3413 autem
327 3346 382 3429 jus
414 3346 448 3411 in
479 3345 657 3412 dividenda
687 3347 805 3429 praeda
835 3346 940 3413 veteri
967 3346 1133 3429 republica
1153 3343 1363 3425 imperatores

189 3456 333 3521 habuere
356 3455 390 3521 id
411 3470 524 3538 postea
545 3457 587 3522 ad
609 3456 780 3540 magistros
803 3456 943 3521 militurn
965 3456 1156 3521 translatum
1177 3474 1217 3518 ex
1238 3452 1364 3519 Codice

186 3565 393 3649 Justinianeo
405 3564 588 3649 ¹⁰apparet,
611 3566 669 3633 ubi
689 3587 707 3631 a
726 3580 891 3651 gestorum
914 3566 1136 3633 insinuatione
1146 3564 1365 3630 absolvuntur

189 3674 384 3741 donationes
405 3696 513 3742 rerum
535 3677 707 3743 mobilium
730 3679 784 3743 vel
804 3696 840 3744 se
858 3676 1083 3755 moventium,
1107 3694 1189 3757 quas
1218 3672 1363 3757 magistri

190 3784 332 3851 militum
360 3784 522 3852 militibus
549 3801 713 3869 praestant
739 3806 780 3852 ex
807 3784 923 3869 spoliis
948 3786 1117 3865 hostium,
1144 3783 1271 3849 sivein
1295 3782 1364 3865 ipsa

224 4076 234 4110 ¹
251 4078 330 4127 Dion.
353 4079 438 4128 lltllc.
461 4079 549 4139 Antiq.
573 4082 591 4129 l.
615 4093 640 4141 4
661 4078 698 4143 [p.
717 4080 775 4128 20⁶.
793 4092 832 4129 vt.
848 4077 902 4141 46.]
939 4074 994 4127 ¹ln
1012 4076 1100 4137 fragm.
1120 4074 1158 4141 [p.
1175 4086 1233 4135 747.
1251 4086 1291 4123 vs.
1308 4068 1362 4133 4r.]

190 4166 283 4229 'oria
301 4170 320 4217 l.
337 4180 361 4224 s.
378 4182 401 4218 c.
426 4180 450 4226 7.
475 4169 568 4218 citatur
586 4169 613 4218 in
631 4182 654 4219 c.
671 4168 712 4227 jus
729 4168 847 4218 militare.
867 4168 956 4231 [Decr.
975 4170 1043 4216 Grat.
1061 4182 1087 4227 p.
1108 4180 1129 4214 r.
1150 4178 1171 4214 r.
1192 4162 1244 4227 ro.]
1278 4160 1290 4194 ⁴
1306 4162 1365 4211 le.

190 4259 209 4306 1.
229 4270 251 4305 r.
271 4257 307 4321 [c.
325 4258 379 4322 aa]
415 4258 500 4309 ἰὴ.
517 4262 536 4308 1.
552 4272 594 4320 4⁵·
613 4260 649 4321 [c·
668 4258 720 4322 sa]
755 4257 844 4307 ‘Aac
860 4258 889 4307 lu
903 4258 974 4306 verr.
991 4268 1014 4313 s.
1029 4256 1093 4318 [Ap.
1107 4256 1187 4303 orell.
1201 4264 1239 4303 est
1255 4252 1365 4313 Pseudo-

191 4347 320 4398 Ateoniut
337 4348 365 4397 in
382 4362 430 4398 aet.
449 4350 689 4399 elevamentum
707 4354 729 4409 ς.
748 4348 818 4412 ¹⁵4]
852 4344 947 4397 il‘lut.
965 4350 996 4396 de
1014 4347 1074 4395 fort.
1095 4343 1134 4408 [p.
1150 4356 1192 4407 97.
1209 4341 1249 4406 c.]
1280 4341 1366 4391 ⁸le.

191 4441 210 4487 l.
225 4452 252 4500 4.
270 4439 308 4501 [c-
326 4440 380 4503 ao]
414 4439 523 4490 ’Idem
539 4441 557 4489 l.
575 4452 599 4497 s.
618 4437 654 4505 [c.
673 4440 726 4502 to]
763 4438 785 4473 ¹⁰
801 4441 819 4488 l.
835 4438 858 4489 ai
875 4438 933 4500 quia
950 4450 998 4499 pto
1016 4438 1121 4485 rederet.
1138 4437 1161 4494 5.
1173 4432 1282 4483 r.tlruill
1291 4434 1366 4482 etlam

194 4530 282 4577 morlo.
299 4530 330 4577 C.
347 4531 379 4579 de
396 4532 482 4579 donat.
502 4529 544 4594 [C.
563 4532 587 4578 8.
606 4542 646 4590 54
664 4530 704 4587 ³6.
721 4533 745 4588 5.
765 4542 787 4577 1.

1177 4616 1235 4678 10*
