3450 5434
355 614 418 695 336
655 629 700 676 nn
722 630 817 694 June
843 629 1029 676 attenuas.
1055 629 1135 676 cau.
1160 631 1223 678 xv,
1322 606 1327 611 ’

397 786 445 851 At
463 782 547 849 forte
566 799 717 848 manente
738 785 845 866 bello,
857 782 1085 869 redintegratis
1100 804 1174 850 cum
1194 788 1289 852 hoste
1300 787 1527 868 commerciis,

352 910 475 962 metuat
504 894 624 977 aliquis
653 914 694 960 ne
721 913 773 960 res
796 914 875 960 suae
896 896 954 960 hac
979 896 1018 962 de
1039 916 1136 961 causa
1157 896 1375 964 detineantur.
1421 899 1528 985 Quasi

352 1027 433 1073 vero
465 1027 531 1072 stou
564 1022 737 1088 antequam
770 1008 849 1072 haec
873 1005 989 1072 fierent
1015 1007 1099 1074 idem
1122 1007 1236 1074 fecerit
1252 1008 1447 1092 Hispanus,
1471 1024 1529 1076 aut

352 1139 441 1186 novo
476 1120 539 1185 hoc
567 1133 739 1201 praetextu
772 1133 875 1203 egeat.
929 1119 1100 1186 Praeterea
1133 1141 1200 1186 non
1235 1120 1314 1186 satis
1348 1121 1446 1187 video
1469 1141 1530 1188 cur

353 1232 550 1313 quisquam,
572 1231 627 1296 cui
646 1230 760 1297 Indica
779 1229 961 1314 negotiatio
983 1245 1109 1298 tantum
1131 1231 1227 1298 affert
1247 1247 1280 1297 et
1301 1233 1378 1315 plus
1399 1233 1432 1297 in
1457 1233 1528 1300 dies

352 1357 496 1409 ostentat
524 1343 735 1426 compendii,
759 1344 890 1408 aiteram
914 1342 1001 1409 illam
1025 1343 1117 1409 malit
1141 1359 1193 1410 tot
1212 1345 1369 1427 periculis
1397 1361 1430 1410 et
1450 1347 1530 1412 hos-

351 1454 434 1519 tium
457 1454 599 1520 malitiae
628 1455 816 1520 obnoxiam.
861 1454 1099 1537 Autdenique
1121 1455 1265 1522 eundum
1287 1471 1448 1540 nonest,
1472 1474 1530 1524 aut

350 1579 421 1630 tum
449 1565 579 1632 demum
612 1566 754 1632 eundum
786 1581 858 1646 est,
883 1585 957 1632 cum
982 1566 1122 1649 Hispani
1141 1567 1338 1635 Batavorum
1361 1568 1527 1634 mercibus

350 1697 459 1743 carere
482 1696 548 1744 non
570 1692 736 1760 poterunt·
781 1677 913 1766 Quodsi
936 1692 1043 1746 tamen
1076 1678 1117 1744 ad
1146 1694 1290 1746 veterem
1310 1678 1431 1746 redibit
1452 1699 1527 1761 per·

351 1787 487 1871 fidiam,
510 1808 577 1854 non
600 1790 680 1854 haec
698 1789 932 1857 mercatoribus
955 1790 1117 1858 scribetur
1143 1791 1237 1872 dica,
1261 1790 1354 1873 quod
1373 1791 1523 1874 praedam

350 1901 540 1984 possideant
570 1901 667 1984 (quis
694 1900 780 1966 enim
814 1901 956 1983 partitus
986 1902 1053 1982 sit,
1089 1902 1167 1984 quis
1188 1916 1302 1968 contra
1324 1902 1526 1968 recusaverit

350 2012 418 2078 illic
440 2012 514 2078 sciri
536 2032 603 2079 non
624 2015 769 2098 potest),
792 2013 851 2078 sed
874 2013 966 2095 quod
990 2028 1103 2078 contra
1125 2014 1271 2080 edictum
1294 2013 1379 2097 regis
1403 2013 1524 2096 Hispa-

349 2123 422 2189 niae
454 2143 528 2189 cum
559 2123 649 2191 Indis
676 2123 932 2209 negotiationem
966 2124 1179 2190 exercuerint.
1224 2123 1318 2211 Quid
1346 2124 1459 2190 enim?
1484 2143 1524 2190 an

350 2234 513 2301 nescimus
536 2237 576 2300 ab
600 2235 749 2318 Hispano
768 2235 952 2319 proscripta
974 2255 1043 2302 esse
1064 2236 1195 2302 nomina
1217 2255 1350 2315 eorum,
1366 2234 1426 2318 qui
1445 2235 1523 2302 ltuic

349 2360 546 2412 mercaturae
575 2345 732 2429 praefecti
761 2347 866 2413 sunt?
906 2368 1013 2430 neque
1046 2363 1115 2412 tum
1148 2367 1310 2413 caraccam
1343 2363 1521 2430 ceperant;

349 2459 409 2524 sed
438 2472 566 2523 tantum
600 2458 648 2524 illi
680 2458 798 2542 capital
825 2459 934 2525 visum
967 2474 1019 2524 est
1039 2479 1112 2525 cum
1135 2458 1226 2524 Indis
1249 2461 1413 2525 celebrare
1434 2477 1524 2523 com-

349 2570 490 2652 mercia,
524 2587 561 2636 ut
595 2589 692 2654 quam
716 2590 854 2654 poenam
875 2572 916 2636 de
938 2569 1129 2636 hominibus
1151 2589 1281 2636 sumere
1298 2589 1365 2634 non
1386 2569 1521 2652 potuit,

203 2685 418 2784 sspffl'·3²²ffl
460 2703 525 2764 qua
557 2681 695 2748 maxime
727 2681 838 2765 potuit
873 2681 1052 2766 Ignominia
1084 2681 1338 2748 adumbravcrit.
1404 2683 1521 2763 Atque

202 2793 336 2894 gffll:
349 2793 445 2860 etiam
476 2795 613 2878 praedae
645 2793 751 2876 ipsius
778 2794 935 2876 nomine,
971 2793 997 2858 si
1032 2791 1202 2858 tnanifeste
1235 2792 1360 2877 inJ'usta
1390 2792 1454 2874 sit,
1485 2809 1523 2858 ut

198 2911 224 2960 P·
240 2902 261 2946 ¹·
347 2905 434 2972 forte
466 2905 623 2989 Hispanis
653 2905 759 2971 videri
779 2905 924 2987 poterit,
948 2923 1015 2971 non
1038 2904 1113 2970 illos
1138 2905 1297 2972 duntaxat
1324 2905 1427 2970 teneri
1462 2902 1522 2987 qui

347 3031 584 3100 perceperunt,
617 3017 676 3082 sed
706 3035 819 3082 omnes
842 3031 994 3082 auctores
1014 3030 1113 3100 atque
1133 3035 1308 3096 suasores,
1332 3017 1520 3098 etquidem

347 3127 381 3193 in
412 3129 578 3209 solidum,
613 3143 711 3193 etex
742 3130 854 3212 regula
876 3127 1124 3194 restitutionum
1156 3143 1188 3193 et
1208 3127 1521 3211 jurisconsultorum

347 3240 541 3306 auctoritate
559 3255 758 3307 monstratur
781 3253 806 3306 ¹.
854 3240 1003 3323 Hispano
1028 3238 1130 3325 igitur
1150 3238 1319 3324 judicante
1339 3258 1413 3305 cum
1437 3238 1522 3306 nilril

345 3351 390 3417 sit
409 3350 633 3434 impunitum,
658 3371 725 3417 non
745 3367 796 3417 est
813 3371 873 3419 cur
894 3351 969 3434 quis
993 3353 1056 3416 hoc
1078 3370 1180 3416 unum
1203 3351 1304 3435 magis
1326 3369 1424 3432 quant
1449 3371 1523 3416 cae-

347 3477 414 3527 tera
447 3461 624 3528 formidet:
660 3463 741 3544 quin
774 3462 808 3527 in
841 3484 880 3530 eo
902 3463 1015 3547 potius
1035 3461 1270 3542 laborandum,
1303 3481 1344 3526 ne
1363 3462 1405 3527 ad
1428 3460 1520 3526 illum

346 3593 503 3655 umquam
530 3573 686 3639 arbitrum
718 3575 882 3641 veniatur.
929 3574 987 3641 Sin
1013 3591 1121 3641 autem
1141 3574 1287 3659 judicem
1307 3573 1522 3658 imaginamur

347 3704 414 3750 non
445 3684 594 3767 hostem,
627 3685 685 3751 sed
718 3701 867 3769 pacatum
903 3686 1044 3768 aliquem
1077 3685 1261 3769 Principem
1293 3687 1521 3768 populumne,

346 3796 488 3880 primum
514 3816 619 3863 vanus
640 3812 689 3863 est
717 3796 771 3862 ille
787 3812 915 3876 metus,
939 3817 1014 3863 cum
1038 3796 1281 3882 pignerationes
1301 3797 1372 3864 sive
1394 3816 1522 3880 repres-

349 3909 448 3974 saliae
468 3927 647 3990 numquam
671 3908 891 3974 concedantur
912 3928 1021 3974 earum
1045 3928 1151 3973 rerum
1174 3907 1299 3992 gratia,
1329 3927 1413 3988 quae
1437 3908 1522 3973 inter

347 4021 505 4086 bellantes
532 4034 621 4085 actae
654 4035 740 4085 sunt.
796 4019 842 4086 Et
874 4019 1030 4102 quamdiu
1054 4020 1176 4084 bellum
1202 4018 1362 4103 injustum
1386 4033 1522 4084 nonest

347 4133 546 4198 deciaratum
586 4132 718 4214 (contra
757 4131 946 4197 Batavicum
980 4146 1086 4197 autem
1120 4150 1215 4196 nemo
1248 4129 1521 4214 pronuntiavit),

382 4394 466 4457 ¹Jolt.
483 4395 567 4455 Lupus
593 4395 624 4441 de
642 4393 720 4440 bello.
738 4392 797 4450 §.si
822 4391 887 4440 bene
912 4394 1035 4440 atlvortas.
1070 4391 1147 4439 Willt.
1174 4391 1263 4438 lllattlr.
1291 4389 1316 4436 in
1348 4403 1367 4435 t.
1395 4403 1448 4448 req.
1475 4387 1519 4436 sub

350 4486 434 4534 finem.
453 4491 542 4533 sumtu.
561 4486 624 4532 Ros.
644 4484 670 4530 in
687 4499 713 4531 v.
731 4485 836 4531 bellum.
854 4497 880 4529 n.
898 4483 920 4528 6.
