3450 5434
477 650 524 701 DE
548 649 643 732 dum
668 649 856 698 Pannonis.
882 649 964 697 CAP.
988 649 1045 697 111.
1308 647 1350 713 35

171 813 216 879 ris
234 812 286 879 sui
305 826 429 894 partem
449 807 483 876 in
502 827 540 875 eo
551 819 822 888 consumserunt,
847 820 886 871 ut
894 804 1036 888 praemia
1044 803 1205 885 fortibus,
1228 822 1349 887 poenas

171 922 298 1011 ignavis
319 923 543 988 decernerent.
589 919 635 986 Et
654 915 921 1002 quandoquidem
938 918 993 1002 jus
1016 917 1202 982 Romanum
1221 914 1349 999 imperii

170 1033 394 1122 magnitudine
414 1048 446 1100 et
471 1032 686 1101 diuturnitate
703 1027 975 1114 perfectissimum
994 1027 1110 1094 merito
1128 1028 1289 1109 habetur,
1313 1027 1347 1093 in

171 1168 210 1214 eo
235 1147 263 1214 si
289 1145 584 1233 jurisprudentium
614 1142 828 1210 auctoritates
857 1141 1077 1208 Caesarumve
1094 1138 1347 1206 constitutiones

169 1257 388 1342 requirimus,
413 1257 530 1343 integri
551 1270 678 1324 exstant
694 1253 784 1320 tituli
802 1253 841 1318 de
860 1252 1000 1337 captivis
1019 1269 1050 1318 et
1064 1251 1289 1338 postliminio,
1307 1251 1347 1316 de

170 1391 204 1437 re
229 1369 379 1448 militari,
402 1368 442 1435 de
467 1367 651 1450 veteranis,
676 1364 787 1433 etalii
815 1361 874 1448 qui
898 1364 1038 1432 militum
1062 1363 1234 1450 privilegia
1258 1382 1346 1430 com-

170 1481 380 1566 prehendunt
396 1491 426 1544 ¹:
450 1480 477 1548 si
501 1478 699 1546 Pontificum
721 1477 816 1544 etiam
834 1479 963 1544 decreta
978 1476 1171 1560 respicimus
1189 1475 1221 1559 ²,
1244 1477 1347 1542 multa

170 1609 249 1660 sunt
271 1594 324 1661 vel
350 1593 391 1659 ab
416 1591 495 1675 ipsis
521 1591 627 1673 edita,
649 1593 704 1658 vel
730 1611 747 1656 e
772 1605 920 1656 veterum
937 1588 1132 1673 scriptorum
1149 1587 1247 1655 dictis
1266 1606 1346 1655 con·
1375 1610 1377 1613 ’

170 1704 322 1786 cinnatu,
345 1725 429 1787 quae
445 1704 524 1770 satis
543 1703 661 1771 diserte
679 1704 839 1789 bellorum
856 1701 1017 1786 justitiam
1036 1702 1211 1768 declarant.
1243 1699 1344 1767 Nunc

172 1817 214 1883 ad
235 1815 364 1885 divinas
386 1815 596 1884 auctoritates
608 1815 795 1882 veniamus:
820 1813 913 1897 quod
924 1812 1057 1895 quidem
1070 1831 1173 1898 genus
1184 1811 1344 1897 probandi
1356 1810 1512 1923 {mega

173 1943 223 1996 est
247 1930 386 2015 ὢτεχνον,
409 1950 473 1994 non
494 1949 534 1994 ex
553 1941 630 1993 arte
642 1929 860 2012 proveniens,
883 1926 941 1993 sed
957 1941 1065 1992 tamen
1084 1928 1182 2012 longe
1202 1917 1501 1992 certissi·¹⁸'¹¹·⁴'¹·¹·

172 2061 273 2107 mum.
324 2040 374 2107 Ut
397 2040 482 2107 enim
508 2060 565 2124 per
590 2051 760 2120 naturam,
784 2037 829 2104 ita
852 2057 911 2121 per
929 2036 1121 2122 scripturam
1143 2038 1208 2104 Dei
1226 2041 1347 2108 volun·

173 2168 223 2220 tas
238 2152 336 2220 nobis
352 2151 576 2238 significatur,
601 2169 685 2233 quae
704 2165 774 2231 est,
798 2149 847 2216 uti
872 2150 1035 2232 diximus,
1055 2150 1206 2236 justitiae
1224 2172 1347 2222 norma.

173 2265 263 2331 Bella
296 2281 404 2333 autem
436 2280 474 2331 ut
493 2263 657 2331 voluntati
678 2281 755 2329 suae
773 2262 986 2347 congruentia
1007 2263 1099 2330 Deus
1125 2264 1298 2348 imperavit
1314 2266 1348 2346 ⁸,

175 2378 327 2460 ultraque
343 2397 379 2444 se
399 2391 566 2445 auctorem
584 2388 616 2442 et
637 2376 815 2462 adiutorem
837 2373 848 2408 ¹
866 2373 1035 2458 professus
1059 2391 1122 2442 est:
1154 2395 1349 2461 cognomen-

173 2503 244 2555 tum
266 2489 361 2555 etiam
383 2488 631 2575 Bellipotentis,
653 2502 690 2553 ut
704 2487 863 2574 majestati
876 2507 953 2554 suae
961 2488 1160 2556 conveniens
1168 2489 1304 2574 agnovit
1320 2494 1349 2555 ⁶:

175 2619 243 2683 quo
262 2615 389 2684 spectat
411 2614 443 2667 et
458 2600 542 2667 iilud
558 2599 599 2666 ad
616 2599 839 2665 Abrahamum
853 2598 950 2683 primi
969 2600 1146 2666 sacerdotis
1165 2604 1348 2682 oraculum,

177 2710 247 2776 Deo
267 2711 423 2778 tradente
443 2715 547 2777 hostes
567 2715 691 2780 uenisse
709 2714 745 2775 in
766 2712 833 2796 ejus
856 2723 1053 2796 potestatem
1069 2708 1105 2775 ⁸:
1130 2726 1164 2777 et
1180 2711 1351 2795 prudentis

176 2821 317 2888 feminae
341 2828 439 2890 ¹von
460 2823 500 2890 ad
520 2842 644 2907 regem:
663 2821 801 2908 praelia
822 2821 962 2888 Domini
974 2821 1173 2909 praeliaris.
1207 2823 1277 2889 Imo
1298 2825 1352 2889 vel

176 2934 240 3000 hoc
264 2953 390 3016 unum,
414 2933 507 3017 quod
525 2933 721 3017 reipublicae
736 2955 754 2999 a
769 2953 803 2998 se
822 2933 991 2999 institutae
1010 2933 1100 2999 istud
1117 2934 1210 3016 quasi
1231 2934 1352 3017 praesi-

177 3045 267 3111 dium
291 3047 373 3115 deus
392 3045 590 3130 apposuit¹,
607 3045 685 3111 satis
707 3045 831 3112 evincit
848 3046 975 3130 justum
995 3065 1065 3113 esse
1083 3060 1116 3112 et
1128 3045 1258 3129 quoties
1269 3047 1352 3116 ratio

177 3156 288 3224 eadem
311 3173 380 3240 est,
404 3157 539 3225 caeteris
562 3157 715 3242 gentibus
734 3156 937 3225 imitandum.
965 3159 1096 3226 Rursus
1114 3175 1147 3224 et
1166 3159 1250 3226 illud
1269 3159 1353 3226 inter

177 3269 326 3336 homines
338 3289 404 3336 non
416 3270 548 3337 insanos
564 3283 714 3336 constare
729 3268 891 3351 arbitror,
916 3291 989 3336 eum
1011 3271 1069 3354 qui
1079 3271 1199 3339 actioni
1211 3271 1353 3355 cuipiam

177 3383 266 3466 leges
276 3381 489 3465 praescribit,
509 3381 668 3448 actionem
682 3381 783 3465 ipsam
793 3401 860 3448 non
871 3381 1071 3468 improbare,
1092 3384 1199 3450 Deum
1211 3404 1352 3467 praeser-

177 3493 255 3576 tim,
274 3493 332 3576 qui
345 3493 428 3559 nihil
439 3491 577 3576 frustra,
593 3493 678 3559 nihil
685 3514 850 3578 perperam
861 3492 969 3562 faciat.
993 3495 1135 3562 Modum
1148 3511 1256 3562 autem
1267 3497 1354 3564 mili-

176 3605 241 3672 tiae
258 3625 315 3690 per
333 3605 464 3673 Mosem
484 3606 576 3671 Deus
587 3605 689 3671 edixit
700 3611 732 3686 ¹,
746 3605 931 3688 iterumque
942 3627 1002 3690 per
1014 3606 1140 3674 Christi
1150 3609 1354 3676 ante-ambu-

179 3718 287 3783 lonem
298 3717 332 3784 in
343 3717 444 3785 Novo
456 3717 600 3784 Foedere
611 3713 645 3784 ¹⁰.
670 3717 723 3784 Ex
733 3737 801 3800 quo
819 3720 894 3784 loco
906 3717 1173 3803 Augustinus¹¹,
1198 3725 1227 3786 si
1240 3719 1354 3786 Chris-

215 4024 223 4057 ¹
241 4028 274 4076 de
290 4025 366 4074 mitit.
381 4037 480 4076 tetram.
494 4038 520 4075 et
535 4028 566 4077 de
582 4038 657 4077 castr.
671 4039 729 4087 pec.
744 4026 776 4089 [1.
790 4040 813 4074 a.
834 4039 872 4076 11.
886 4038 912 4076 et
926 4027 957 4075 D.
969 4041 1012 4090 49.
1028 4028 1080 4090 17.]
1099 4040 1124 4077 et
1142 4029 1169 4077 tn
1182 4041 1280 4090 poster.
1289 4031 1354 4079 cod

180 4117 263 4167 multi.
298 4114 309 4148 ¹
327 4129 402 4166 causa
419 4130 459 4176 2³·
475 4131 522 4179 per
535 4129 615 4167 totam
630 4130 654 4166 et
670 4131 694 4168 c.
708 4116 749 4176 ius
764 4120 886 4167 naturale.
903 4118 990 4180 [Decr.
1007 4120 1074 4168 Grat.
1089 4133 1115 4180 p.
1134 4133 1156 4169 r.
1172 4120 1231 4168 dist.
1252 4133 1275 4169 1.
1285 4121 1354 4184 c.7.]

181 4208 266 4272 ¹Jud.
287 4222 325 4257 20.
350 4211 388 4258 18.
404 4221 429 4256 et
448 4211 509 4257 Sam.
533 4222 553 4257 1.
571 4221 610 4267 2³·
627 4223 651 4257 2.
665 4221 690 4257 et
707 4223 731 4258 a.
748 4221 772 4265 s.
790 4223 828 4272 19·
847 4225 873 4259 v.
889 4210 946 4272 Joh.
963 4212 995 4259 de
1009 4210 1082 4272 Lign.
1099 4210 1126 4258 in
1141 4222 1213 4260 tract.
1230 4211 1355 4260 debello.

180 4312 206 4348 c.
228 4312 265 4349 11.
288 4299 327 4362 [in
348 4300 452 4349 Oceano
472 4299 548 4362 Jurit.
569 4302 623 4349 vol.
645 4300 683 4348 16.
701 4313 727 4360 p.
750 4301 821 4363 tyn]
855 4298 923 4350 ⁴1¹⁸.
950 4303 987 4349 18.
1004 4315 1042 4351 vs.
1057 4313 1097 4359 3⁵·
1114 4314 1139 4350 et
1152 4303 1191 4350 Ps.
1208 4315 1261 4364 ¹44
1276 4301 1302 4351 in
1316 4316 1355 4364 pr.

181 4389 290 4440 ‘Exod
310 4402 349 4447 15.
365 4403 389 4449 s.
424 4389 518 4440 ‘Gen
544 4403 582 4452 14
607 4403 649 4441 ao.
683 4387 774 4440 ⁷Sam.
796 4405 819 4441 r.
835 4403 877 4449 25·
894 4395 934 4441 28.
968 4392 1091 4442 ¹Paasim
1109 4392 1136 4441 in
1155 4393 1262 4443 historia
1277 4407 1357 4445 sacra.

181 4477 341 4530 ¹Dentre.
357 4493 396 4531 ro.
431 4480 453 4513 ¹⁰
469 4483 532 4532 Luc.
549 4492 572 4539 s.
589 4493 627 4544 14
663 4480 683 4514 ¹¹
701 4482 728 4532 in
742 4495 783 4544 ep.
800 4493 823 4540 s.
838 4485 870 4534 ad
888 4485 1006 4533 Marcell.
1024 4484 1124 4532 citatur
1142 4483 1170 4533 in
1190 4498 1214 4534 c.
1236 4499 1276 4544 2³.
1289 4501 1314 4548 q.
1334 4501 1356 4537 r.

181 4585 205 4620 c.
219 4585 242 4621 a.
259 4571 347 4635 [Dece.
365 4573 435 4622 Grae.
452 4587 478 4634 p.
496 4573 532 4635 a]

1142 4665 1181 4748 3*
