3450 5434
498 640 544 687 DE
568 642 662 706 June
688 640 871 687 rhamnus.
901 643 981 689 CAl'.
1007 643 1070 688 ΧΗ.
1307 647 1368 709 223

195 794 358 879 pediatur.
405 793 496 860 Ante
528 796 626 861 aedes
653 794 756 880 igitur
777 814 864 861 meas
889 811 947 863 aut
968 795 1167 879 praetorium
1191 812 1229 863 ut
1251 796 1369 880 piscari

194 906 337 990 aliquem
361 904 576 989 prohibeam,
599 921 794 990 usurpatum
818 907 952 988 quidem
976 922 1048 988 est,
1073 908 1130 973 sed
1153 909 1246 975 nullo
1273 909 1368 993 J‘ure:

193 1017 276 1083 adeo
298 1016 432 1101 quidem
454 1032 493 1083 ut
514 1016 681 1101 Ulpianus
701 1018 709 1051 ¹
729 1033 894 1083 contemta
919 1040 954 1085 ea
978 1018 1216 1102 usurpatione,
1240 1021 1268 1087 si
1293 1020 1369 1102 quis

195 1127 429 1211 prohibeatur,
452 1128 647 1213 injuriarum
670 1128 758 1194 dicat
777 1128 828 1211 agi
847 1148 957 1212 posse.
982 1130 1057 1196 Hoc
1076 1130 1257 1213 Imperator
1275 1130 1369 1196 Leo²

194 1238 313 1323 (cujus
344 1238 474 1323 legibus
503 1257 570 1305 non
601 1238 745 1324 utimur)
777 1255 892 1305 eontra
921 1240 1006 1325 juris
1038 1239 1195 1307 rationem
1228 1241 1370 1307 mutavit

193 1349 370 1431 voluitque
399 1352 538 1434 πρόθυρα,
571 1351 635 1417 hoc
668 1366 721 1416 est
742 1350 909 1417 vestibula
932 1352 1117 1431 maritima,
1153 1370 1266 1418 eorum
1298 1372 1368 1419 esse

195 1460 350 1543 propria,
375 1459 434 1542 qui
457 1478 545 1525 oram
568 1460 751 1526 habitarent
772 1461 887 1543 ibique
908 1481 964 1529 eos
984 1465 1040 1549 jus
1060 1462 1208 1546 piscandi
1230 1463 1367 1529 habere:

194 1572 289 1653 quod
318 1585 426 1637 tamen
449 1570 492 1637 ita
516 1573 693 1654 procedere
724 1573 856 1655 voluit,
891 1588 929 1639 ut
960 1574 1062 1657 septis
1096 1574 1293 1657 quibusdam
1318 1594 1368 1640 re·

193 1682 405 1764 moratoriis,
438 1700 521 1763 quas
546 1686 663 1769 iuoxie
686 1683 805 1751 Graeci
828 1700 972 1767 vocant,
997 1687 1091 1751 loeus
1114 1687 1169 1751 ille
1192 1704 1368 1770 occupare-

195 1809 251 1860 tur
270 1794 300 1858 ⁸:
324 1792 513 1861 existimans
534 1792 690 1861 nimirum
711 1815 778 1861 non
810 1794 907 1878 fore,
930 1812 971 1862 ut
997 1796 1073 1878 quis
1096 1796 1247 1881 exiguam
1271 1796 1367 1863 maris

193 1904 379 1988 portionem
402 1904 495 1971 alteri
517 1904 701 1987 invideret,
736 1906 796 1989 qui
819 1907 890 1990 ipse
914 1922 987 1974 toto
1009 1906 1089 1974 mari
1112 1908 1153 1973 ad
1176 1907 1366 1990 piscandum

192 2014 431 2081 admitteretur.
478 2015 577 2081 Certe
604 2031 643 2082 ut
670 2016 747 2098 quis
775 2037 923 2103 magnam
953 2017 1051 2085 maris
1070 2035 1218 2101 partem,
1242 2017 1367 2085 etiamsi

192 2126 321 2209 possit,
353 2126 498 2210 publicis
529 2126 730 2195 utilitatibus
763 2128 902 2213 eripiat,
938 2150 1004 2195 non
1028 2130 1213 2197 tolerandae
1236 2144 1285 2195 est
1307 2129 1367 2195 int-

192 2236 384 2321 probitatis:
416 2238 450 2303 in
483 2258 580 2320 quam
608 2239 726 2306 merito
753 2239 805 2306 vir
834 2254 968 2308 sanctus
988 2240 1000 2276 ⁴
1020 2240 1199 2307 invehitur.
1244 2242 1366 2327 Spatia

193 2352 300 2414 muris
333 2350 397 2413 sibi
427 2348 604 2418 uindicaui
626 2351 712 2435 jure
744 2354 906 2437 utuucipii
916 2398 928 2433 ‚
946 2354 1154 2437 pisciumque
1167 2353 1257 2437 jura
1280 2354 1366 2417 sicut

190 2459 474 2542 vernaculorum,
496 2460 683 2527 conditione
704 2462 768 2526 sibi
789 2466 923 2531 seruitii
943 2463 1364 2549 subsectacommemoruut.

192 2571 284 2651 Istc,
307 2574 443 2657 iuquit,
466 2575 558 2637 sinus
581 2574 686 2637 muris
709 2593 797 2637 meus
820 2588 892 2655 cst,
915 2572 974 2639 ille
996 2573 1151 2639 alterius.
1195 2572 1366 2641 Dividunt

191 2680 352 2747 clementa
382 2684 447 2748 sibi
472 2694 632 2769 potentes.
677 2682 741 2748 Est
771 2683 875 2769 igitur
907 2704 993 2749 mare
1025 2685 1059 2749 in
1089 2703 1224 2751 numero
1255 2704 1364 2750 earum

192 2812 324 2873 rerum,
348 2813 431 2875 quae
460 2794 492 2859 in
515 2793 712 2861 commercio
735 2813 802 2861 non
825 2810 925 2876 sunt,
950 2796 1014 2861 hoc
1038 2810 1109 2875 est,
1133 2814 1218 2876 quae
1241 2794 1364 2877 proprii

189 2904 275 2988 juris
298 2904 368 2971 lieri
389 2924 456 2971 non
480 2921 621 2988 possunt
638 2910 661 2970 ⁸.
707 2906 827 2986 Unde,
850 2920 987 2972 censent
1010 2905 1228 2984 eruditiores,
1252 2904 1365 2986 sequi:

191 3031 269 3096 tur,
301 3015 329 3081 si
359 3031 447 3083 recte
480 3031 513 3081 et
542 3015 674 3100 proprie
697 3018 893 3099 loquamur,
917 3019 1040 3084 nullam
1064 3017 1161 3084 maris
1184 3033 1308 3101 partem
1332 3016 1365 3082 in

192 3126 359 3193 territorio
391 3127 507 3211 populi
531 3128 673 3213 alicujus
696 3146 793 3211 posse
816 3128 960 3195 censeri:
984 3129 1077 3211 quod
1099 3128 1207 3213 ipsum
1231 3129 1366 3197 Placen-

190 3237 283 3304 tinus
313 3238 454 3305 sensisse
485 3237 643 3319 videtur,
675 3258 750 3305 cunt
785 3238 870 3306 dixit
898 3260 984 3306 mare
1007 3240 1053 3306 ita
1076 3258 1146 3306 esse
1169 3258 1364 3321 commune,

191 3364 231 3414 ut
253 3348 288 3413 in
309 3349 435 3415 nulllus
458 3349 605 3415 dominio
628 3349 759 3417 sitnisi
782 3350 888 3418 solius
903 3350 992 3432 Dei,
1016 3352 1365 3437 etJohannesFaber⁸

191 3479 268 3526 cum
290 3480 377 3525 mare
401 3460 518 3526 asserit
539 3460 689 3527 relictum
712 3461 746 3527 in
770 3481 833 3528 suo
851 3462 924 3547 jure
946 3478 979 3528 et
999 3482 1069 3531 esse
1089 3463 1274 3547 primaev0,
1298 3484 1366 3546 quo

192 3570 302 3637 omnia
334 3586 425 3635 erant
452 3572 649 3639 communia.
694 3572 836 3655 Alioqui
859 3573 945 3640 nihil
966 3574 1158 3656 differrent,
1182 3594 1266 3657 quae
1289 3589 1367 3642 sunt
1416 3644 1423 3661 .

192 3681 339 3748 omnium
363 3683 572 3764 communia,
595 3684 636 3749 ab
659 3683 713 3749 his
736 3704 821 3766 quae
836 3684 972 3768 publica
983 3686 1114 3768 proprie
1127 3685 1305 3767 dicuntur,
1328 3700 1367 3753 ut

190 3813 279 3859 mare
302 3814 321 3857 a
342 3793 489 3859 flumine.
535 3794 673 3859 Flumen
705 3797 852 3878 populus
885 3814 1045 3877 occupare
1077 3795 1212 3879 potuit,
1246 3811 1283 3861 ut
1316 3796 1365 3862 in-

190 3905 322 3969 clusum
345 3902 470 3970 finibus
492 3903 585 3987 suis,
608 3924 697 3971 mare
720 3924 787 3971 non
808 3904 930 3989 potuit.
956 3904 1140 3973 Territoria
1162 3922 1269 3973 autem
1290 3922 1366 3973 sunt

227 4188 234 4220 ¹
254 4189 279 4236 d.
296 4184 314 4235 l.
332 4186 487 4243 injuriarum.
502 4192 524 4247 ς.
542 4188 563 4237 si
583 4189 640 4249 quis
658 4202 706 4238 me.
727 4188 771 4252 [D.
788 4203 830 4251 47.
852 4204 890 4238 ro.
911 4202 949 4247 13.
967 4192 990 4248 5.
1007 4188 1044 4253 7.]
1081 4186 1091 4221 ²
1109 4190 1178 4242 Nor.
1195 4188 1235 4245 56.
1268 4188 1279 4221 ⁸
1297 4190 1366 4239 Nor.

191 4278 285 4327 Leonis
315 4291 369 4326 102.
396 4290 451 4335 10³·
476 4293 531 4340 104.
555 4281 586 4326 V.
609 4280 696 4329 Culte.
721 4282 830 4329 Obiere.
850 4284 869 4330 l.
896 4294 934 4341 14
961 4294 982 4328 t.
1020 4278 1031 4311 ⁴
1054 4281 1174 4328 Hexaem.
1195 4282 1213 4327 l.
1238 4292 1260 4335 ⁵·
1285 4294 1307 4327 r.
1328 4293 1367 4328 10.

190 4369 323 4416 ‘Donelh
340 4371 358 4416 l.
376 4383 400 4428 4.
418 4381 442 4417 c.
464 4369 489 4417 ό.
522 4368 583 4419 “ad
605 4371 629 4418 d.
655 4374 677 4429 ς.
700 4370 824 4419 littorum.
847 4373 907 4419 lust.
931 4372 962 4418 de
985 4383 1033 4418 rer.
1056 4370 1110 4419 div.
1135 4370 1167 4432 [l.
1192 4384 1216 4418 a.
1241 4384 1262 4418 r.
1284 4374 1306 4429 ς.
1329 4371 1365 4433 5.]

191 4460 267 4508 Adde
286 4458 378 4506 lidia
397 4460 415 4507 l.
434 4454 532 4513 ἀξίωσις.
551 4460 576 4508 n.
594 4461 627 4507 ad
645 4462 661 4508 l.
680 4462 765 4509 Rhod.
784 4461 829 4521 [D.
850 4474 888 4522 14·
908 4474 931 4509 α.
948 4460 985 4523 9.]
