3450 5434
514 669 562 715 uu
584 668 678 736 June
703 667 887 716 rannone.
912 668 991 716 cnr.
1016 666 1067 716 χι.
1314 654 1374 737 169

199 826 349 911 praedam
369 822 464 908 copia
485 822 557 888 visa
578 825 627 889 est
645 824 814 904 sufficere,
836 836 1003 889 contemta
1024 822 1078 888 illa
1098 842 1183 905 quae
1206 823 1291 890 inter
1309 845 1375 892 me·

201 936 322 1005 diocris
342 935 500 1002 bonitatis
519 935 671 1002 homines
692 955 733 1001 ne
745 934 927 1003 hostilitate
938 934 1069 1017 quidem
1084 934 1212 1001 tollitur
1223 936 1375 1003 beneficii

199 1048 353 1116 memoria
384 1062 417 1113 et
446 1046 538 1113 taciti
571 1044 713 1113 foederis
736 1046 916 1131 religione,
940 1066 1039 1113 naves
1067 1066 1180 1112 omnes
1207 1046 1289 1113 nihil
1312 1050 1374 1115 tale

199 1159 398 1245 sperantium
419 1158 672 1242 comprehensae
690 1172 769 1224 sunt
786 1177 845 1240 per
863 1178 975 1223 omnes
998 1156 1176 1241 Hispaniae
1197 1154 1313 1241 portus
1343 1173 1375 1225 et

199 1270 405 1338 Lusitaniam
417 1269 576 1349 maxime,
600 1288 682 1351 quas
693 1269 810 1335 deinde
822 1268 935 1335 Batavi
946 1268 1082 1337 summis
1094 1269 1208 1352 pretiis
1219 1270 1375 1337 redimere

199 1383 411 1469 cogebantur.
457 1381 552 1446 Gens
571 1399 744 1447 numerosa
762 1398 823 1445 nec
843 1379 908 1445 alio
930 1395 1023 1447 sueta
1042 1380 1155 1445 vivere
1176 1400 1272 1462 quam
1293 1399 1376 1445 mer-

200 1494 288 1559 cium
320 1491 503 1557 mutatione
535 1506 612 1574 post
642 1505 706 1555 tam
738 1490 854 1575 iugens
889 1489 1118 1572 dispendium,
1144 1492 1234 1573 quod
1257 1492 1375 1556 multas

200 1604 323 1688 optime
341 1601 538 1668 constitutas
570 1601 687 1668 domos
707 1600 858 1667 funditus
878 1602 1017 1682 evertit,
1051 1601 1132 1683 quid
1163 1600 1283 1668 faceret
1311 1600 1375 1667 nisi

200 1731 240 1782 ut
268 1715 426 1799 jacturam
467 1712 565 1779 novis
605 1712 768 1777 mercandi
810 1712 1010 1779 utilitatibus
1040 1711 1197 1778 sarciret?
1253 1712 1375 1778 Allccti

202 1846 316 1892 rursus
349 1823 463 1888 Batavi
496 1824 607 1889 eadem
645 1823 802 1907 patientia
842 1838 939 1905 atque
970 1824 1064 1888 etiarn
1096 1823 1269 1907 praemiis,
1306 1840 1375 1890 tum

202 1938 280 2020 quia
301 1938 486 2006 recentibus
508 1935 578 2002 suis
598 1934 631 1999 in
654 1933 832 2000 Lusitanos
861 1932 1043 1999 benefactis
1071 1934 1280 2000 confidebant
1301 1950 1377 2018 post
1479 2000 1484 2011 ,

202 2050 340 2132 aliquod
367 2048 523 2132 temporis
552 2046 692 2129 spatium
717 2046 845 2110 easdem
866 2046 897 2110 in
920 2044 1050 2111 fraudes
1071 2046 1266 2113 inciderunt.
1312 2047 1376 2111 Ite-

203 2181 359 2243 tumque,
383 2160 568 2240 iterumque
582 2158 644 2222 hoc
654 2156 793 2240 contigit
806 2156 938 2222 alterius
950 2156 1056 2242 gentis
1067 2156 1219 2240 perfidia,
1243 2157 1376 2223 alterius

203 2269 424 2353 simplicitate.
470 2268 634 2354 Egregius
655 2266 800 2349 denique
821 2267 887 2331 illis
910 2281 1090 2350 proventus
1111 2266 1195 2333 hinc'
1208 2267 1375 2349 constitit,

203 2403 278 2448 curn
311 2381 443 2447 alternis
476 2380 570 2445 armis
603 2378 739 2445 insidias
772 2380 917 2443 locarent
952 2394 984 2444 et
1018 2380 1148 2462 rapinas
1176 2394 1375 2445 exercerent.

203 2494 375 2561 Exhausta
395 2492 429 2557 in
453 2493 540 2557 hune
562 2490 696 2556 modum
719 2489 850 2555 Batavia
875 2488 951 2573 (vix
975 2490 1058 2555 enim
1088 2491 1262 2573 quisquam
1287 2488 1376 2572 fuit,

204 2605 263 2688 qui
295 2623 362 2670 non
391 2605 466 2687 plus
497 2601 552 2667 isti
575 2600 753 2666 violentiae
775 2620 873 2682 quam
898 2601 1052 2666 omuibus
1070 2600 1247 2685 naufragiis
1267 2601 1377 2685 impu·

204 2731 288 2782 taret
296 2718 329 2801 ,)
353 2714 497 2780 nondum
522 2712 672 2779 aviditati
700 2726 756 2777 aut
775 2710 960 2777 crudelitati
980 2710 1149 2778 satisfecit.
1194 2712 1281 2778 Nam
1300 2727 1378 2796 post

203 2829 319 2912 longas
346 2824 508 2909 spoliandi
533 2822 643 2902 vices,
669 2842 743 2887 eum
770 2822 836 2907 jam
863 2820 1038 2904 Philippus
1063 2822 1110 2887 ΙΙΙ
1141 2840 1276 2907 regnum
1305 2834 1458 2888 sus-Anno
1473 2838 1534 2893 ¹⁵9⁸·

204 2937 346 3021 cepisset
367 2951 401 3003 et
429 2933 633 3002 incredibilis
656 2933 764 2999 denuo
796 2932 975 2998 multitudo
1007 2932 1048 2997 ad
1069 2948 1244 2999 mercatum
1268 2933 1378 3001 allice·
1457 2920 1458 2923 ¹

204 3064 309 3128 retur,
329 3061 460 3131 accepta
480 3045 543 3112 fide
562 3044 695 3129 publica
715 3043 809 3109 liberi
828 3059 1030 3110 commeatus
1048 3045 1089 3110 ab
1109 3044 1298 3111 Archiduce
1317 3047 1377 3111 Al·

204 3159 321 3239 berto,
346 3176 430 3239 quae
452 3171 508 3223 aut
531 3176 597 3221 non
620 3169 687 3221 erat
708 3170 886 3237 revocata,
919 3170 976 3221 aut
1003 3171 1090 3222 certe
1114 3176 1180 3221 non
1204 3169 1376 3239 antequam

206 3267 356 3335 homines
386 3268 452 3351 jam
485 3266 566 3333 mari
607 3266 822 3333 adventantes
854 3269 976 3334 nullam
1019 3283 1161 3334 mutatae
1194 3268 1378 3335 voluntatis

206 3380 325 3445 habere
355 3394 504 3462 poteraut
533 3378 706 3459 notitiam,
738 3393 871 3462 repente
901 3380 1038 3445 barbaro
1061 3394 1093 3444 et
1115 3382 1210 3463 plane
1241 3382 1376 3446 Mithri·

207 3490 314 3557 datico
347 3490 454 3556 edicto
486 3510 586 3557 naves
617 3510 806 3573 mercesque
836 3490 1043 3574 publicatae,
1073 3510 1209 3559 excussa
1231 3490 1377 3558 omnium

207 3601 395 3667 institorum
424 3600 616 3685 ratiocinia,
649 3602 799 3668 homines
821 3602 884 3687 ipsi
908 3604 1053 3687 (tantum
1077 3618 1127 3668 est
1149 3603 1270 3669 crimen
1300 3603 1379 3669 His·

205 3712 301 3795 panis
331 3727 388 3777 aut
418 3712 573 3795 prodesse
605 3728 662 3779 aut
694 3712 813 3797 fidere)
846 3713 1008 3797 compacti
1032 3713 1064 3779 in
1089 3734 1270 3796 carcerem,
1294 3715 1377 3797 rapti

205 3825 256 3890 ad*
276 3822 458 3906 supplicia,
492 3825 595 3888 marita
628 3824 729 3889 millia
762 3824 891 3889 addicta
924 3824 1032 3890 remis.
1081 3824 1126 3891 Et
1159 3844 1246 3891 nune
1281 3825 1377 3891 etiam

205 3934 356 4000 homines
384 3932 497 3999 Batavi
532 3933 566 4000 in
596 3934 759 4001 classibus
790 3931 981 4019 Hispanicis
1011 3935 1131 4001 eisdem
1161 3936 1378 4020 compedibus

206 4045 329 4127 quibus
348 4022 456 4112 sicarii
476 4060 508 4111 et
526 4045 693 4127 latrones,
718 4041 899 4113 Christiani
920 4045 1003 4112 inter
1022 4046 1150 4113 'fureas
1168 4061 1201 4112 et
1218 4046 1376 4129 Mauros,

205 4171 400 4223 mercatores
421 4154 484 4239 ipsi
506 4156 591 4222 inter
608 4156 729 4239 piratas
750 4157 852 4224 vineti
875 4172 1082 4240 tenerentur,
1105 4158 1168 4224 nisi
1190 4156 1377 4223 felicissima

205 4266 366 4333 libertatis
387 4266 479 4349 dies,
504 4266 570 4349 qua
593 4269 634 4334 ad
656 4268 865 4351 Neoportum
877 4286 1058 4355 pugnatum
1072 4284 1141 4351 est,
1167 4268 1375 4336 Franciscum

205 4380 400 4445 Meudozam
422 4379 629 4463 Arragonum
654 4379 901 4461 Admirantem,
927 4397 958 4446 et
968 4396 1047 4447 tunc
1059 4381 1147 4446 bello
1156 4380 1376 4464 praepositum

206 4492 239 4557 in
261 4510 379 4558 manus
388 4490 550 4557 dedisset:
576 4510 644 4573 quo
659 4491 796 4577 pignore
807 4493 941 4558 redemti
954 4492 1045 4559 cives
1057 4492 1186 4574 inedia,
1210 4492 1376 4576 vinculis,
1470 4536 1474 4545 ι
