3450 5434
569 634 615 678 nn
640 635 733 700 June
759 634 944 680 PRAEDAE.
969 622 1048 680 can.
1075 634 1154 680 xnr.
1384 622 1446 698 283

276 802 347 852 tuta
364 801 414 852 est
432 787 645 853 conscientia.
692 787 848 852 Omittam
866 786 1073 855 notissimum
1092 787 1229 854 Davidis
1245 790 1447 869 exemplum,

276 898 333 978 qui
356 912 470 963 contra
494 899 623 963 Saiilem
647 917 680 964 se
700 897 844 964 defendit
868 913 900 964 et
924 899 1057 964 Lobnae
1079 897 1246 978 civitatis,
1282 919 1365 980 quae
1390 900 1448 982 Jo-

275 1007 354 1074 rami
375 1028 409 1074 se
428 1028 530 1092 regno
551 1007 709 1074 subduxit
721 1012 743 1073 ¹.
777 1008 828 1072 De
851 1009 1041 1074 Abrabamo
1063 1008 1146 1089 quid
1169 1009 1305 1075 dicent?
1340 1011 1447 1092 Aper-

276 1117 399 1185 tissime
419 1133 557 1185 testatur
578 1118 690 1189 divina
711 1118 849 1184 historia
869 1139 1003 1204 regnum
1029 1119 1190 1186 Sodomae
1216 1135 1247 1184 et
1265 1119 1447 1186 vicinarum

277 1229 428 1310 urbium,
461 1250 536 1294 cunr
557 1230 730 1295 duodecim
751 1250 809 1312 per
833 1249 935 1296 annos
959 1232 1020 1298 sub
1044 1229 1168 1296 ditione
1188 1229 1328 1296 fuissent
1357 1231 1448 1296 Cho·
1486 1251 1490 1268 ·

276 1340 450 1408 dorlomari
482 1340 697 1407 Elamitarum
728 1341 837 1424 regis,
868 1342 907 1405 ab
932 1341 1078 1425 ejusdem
1108 1340 1244 1423 imperio
1269 1339 1448 1420 defecisse,

277 1471 361 1533 quae
384 1471 482 1517 causa
505 1451 667 1517 Elamitae
688 1451 843 1518 movendi
875 1451 909 1518 in
939 1451 1114 1518 Sodomam
1136 1449 1212 1516 suit.
1258 1451 1320 1516 Vir
1348 1452 1450 1536 igitur

276 1561 503 1629 sanctissimus
524 1563 702 1628 rebellibus
721 1582 815 1645 opem
836 1563 940 1641 tulit,
973 1581 1081 1646 regem
1109 1561 1260 1636 subditos
1281 1581 1359 1630 suos
1377 1563 1451 1646 jure

277 1673 466 1756 punientem
497 1672 670 1754 impediit,
703 1672 732 1737 ei
764 1693 799 1738 se
833 1673 976 1754 denique
1009 1673 1097 1738 bello
1125 1672 1326 1753 immiscuit,
1359 1673 1450 1754 quod
1553 1695 1555 1700 ¹

276 1785 366 1848 nulla
386 1803 484 1852 causa
504 1782 633 1848 defendi
655 1783 811 1865 poterat?
858 1783 915 1849 An
939 1782 1023 1849 illud
1044 1783 1193 1849 Thomae
1217 1780 1228 1816 ²
1248 1782 1359 1849 verius
1378 1765 1449 1863 est,

191 1957 194 1961 .
277 1914 353 1959 curn
385 1895 533 1978 tyrannis
561 1913 628 1960 non
655 1894 700 1961 sit
726 1895 852 1978 justum
875 1893 1041 1978 regimen,
1064 1893 1187 1976 quippe
1211 1894 1303 1975 quod
1323 1894 1363 1959 ad
1383 1894 1449 1976 pri-

278 2019 388 2070 vatum
410 2023 477 2070 non
498 2005 539 2070 ad
561 2004 730 2088 publicum
750 2007 873 2071 bonum
897 2003 1089 2085 ordinetur,
1110 2007 1182 2090 ejus
1207 2005 1449 2086 perturbatores

278 2113 360 2180 falso
382 2115 553 2183 seditionis
584 2114 791 2182 insimulari?
821 2114 925 2200 magis
958 2115 1043 2182 enim
1074 2129 1246 2198 tyrannum
1270 2133 1341 2181 esse
1364 2115 1449 2181 sedi·

189 2276 193 2280 <
278 2225 424 2307 tiosunr,
446 2225 503 2308 qui
526 2225 560 2290 in
585 2229 711 2309 populo
739 2225 803 2292 sibi
832 2226 984 2310 subjecto
1007 2225 1189 2291 discordias
1211 2240 1244 2291 et
1272 2226 1450 2292 seditiones

277 2336 400 2417 nutrit,
421 2351 460 2402 ut
480 2337 586 2402 tutius
608 2337 767 2402 dominari
786 2337 915 2420 possit?
949 2335 1096 2420 Tyranni
1120 2351 1228 2402 autem
1251 2356 1369 2402 nomen
1382 2357 1448 2404 non

279 2447 345 2515 illis
362 2462 488 2512 tantum
509 2443 707 2529 convenire,
738 2448 796 2528 qui
820 2447 991 2529 imperium
1013 2447 1076 2513 sibi
1098 2447 1281 2514 indebitum
1304 2467 1361 2529 per
1381 2447 1448 2512 vim

278 2573 456 2641 usurpant,
481 2559 538 2623 sed
554 2573 587 2623 et
599 2558 657 2639 qui
669 2557 816 2642 legitimo
829 2557 965 2640 imperio
977 2578 1034 2640 per
1055 2556 1122 2624 uim
1141 2558 1369 2639 abutuntur',
1385 2558 1448 2623 hoc

279 2669 397 2737 estubi
409 2669 527 2734 vitium
539 2684 667 2736 estnon
679 2690 718 2735 ex
730 2684 820 2751 parte
838 2669 947 2748 tituli,
960 2668 1016 2735 sed
1036 2689 1076 2733 ex
1092 2685 1180 2750 parte
1194 2668 1360 2749 exercitii,
1373 2690 1448 2751 pro-

280 2780 413 2845 batione
425 2799 491 2845 non
504 2779 639 2865 indiget.
668 2779 917 2845 Panormitanus
930 2779 1026 2844 etiam
1040 2781 1079 2845 de
1092 2780 1178 2862 Papa
1200 2794 1232 2844 et
1251 2779 1449 2861 Imperatore

279 2890 400 2971 tradit,
432 2911 498 2955 non
512 2911 550 2955 eo
564 2891 636 2974 ipso
649 2893 741 2973 quod
760 2893 881 2957 bellum
895 2890 1042 2970 faciunt,
1066 2890 1161 2956 etiam
1186 2889 1395 2956 inferioribus
1415 2890 1450 2955 id

279 3003 401 3069 bellum
420 3003 547 3086 justum
566 3001 695 3082 videri,
719 3022 793 3067 cum
808 3017 839 3066 et
851 3001 914 3085 ipsi
928 3022 1061 3085 peccare
1072 3000 1223 3084 possint,
1247 3001 1305 3066 sed
1326 3000 1449 3082 requiri

280 3127 317 3177 ut
339 3131 437 3178 causa
458 3112 565 3178 subsit
584 3109 607 3177 ⁴.
652 3113 772 3195 Neque
803 3132 880 3196 ergo
913 3112 1060 3178 dicemus
1082 3127 1203 3178 temere
1235 3111 1448 3196 rejiciendum

280 3224 442 3307 Principis
465 3223 635 3306 imperium
656 3238 714 3288 aut
733 3238 852 3288 tantam
877 3224 999 3288 adrem
1018 3222 1152 3305 quasvis
1171 3224 1305 3306 injurias
1323 3223 1449 3289 suffice·

280 3335 405 3400 re:sed
418 3350 450 3401 et
461 3352 596 3414 omnes,
610 3333 668 3416 qui
691 3333 725 3399 id
747 3353 892 3416 unquam
913 3332 1083 3416 fecerunt,
1106 3334 1292 3400 rebellionis
1314 3333 1449 3400 crimine

280 3445 442 3529 obstringi
458 3459 661 3533 constanter
691 3445 874 3528 negandum
906 3460 964 3510 est.
1020 3446 1105 3511 Sunt
1133 3444 1217 3510 eninr
1242 3445 1449 3528 exceptiones
1461 3488 1531 3536 Nava
1545 3487 1581 3534 d,

280 3556 431 3637 aliquot,
465 3575 602 3637 quarum
625 3555 680 3620 hic
704 3556 784 3621 duas
814 3555 1041 3638 proponimus.
1087 3555 1181 3621 Prior
1212 3556 1273 3620 sit:
1320 3543 1570 3640 rempu·‘'⁰'⁶“'⁰·

280 3667 397 3732 blicam
422 3666 631 3748 universam,
667 3666 795 3731 etiamsi
816 3679 930 3748 posset
952 3666 1064 3746 aliquo
1088 3667 1185 3731 modo
1210 3666 1243 3731 in
1264 3667 1447 3752 Principem

279 3797 435 3860 peccare,
466 3778 618 3842 rebellem
651 3792 758 3842 tamen
791 3775 856 3841 dici
889 3794 955 3840 non
988 3795 1083 3858 posse
1104 3782 1126 3840 ⁵.
1172 3775 1328 3859 Princeps
1363 3778 1447 3843 enim

281 3903 331 3954 est
361 3909 419 3971 per
451 3901 484 3952 et
514 3902 646 3970 propter
677 3887 933 3969 rempublicam,
966 3905 1032 3952 non
1074 3886 1258 3969 respublica
1297 3908 1355 3970 per
1393 3903 1450 3954 aut

266 4013 414 4081 'propter
444 3997 626 4080 Principem
655 3993 678 4064 ⁸.
729 3998 774 4062 Et
805 3996 879 4063 ideo
911 3997 1101 4064 rebellionis
1134 3997 1349 4077 damnantur,
1391 3997 1448 4080 qui

314 4219 322 4251 ¹
341 4223 405 4267 Sam.
422 4220 468 4267 lib.
487 4233 509 4267 1.
526 4233 572 4280 per
587 4231 679 4268 totum.
697 4221 793 4267 Chron.
808 4233 830 4266 a.
844 4233 868 4266 c.
887 4231 926 4266 21.
943 4219 1006 4267 Gen.
1025 4232 1063 4280 14.
1087 4215 1098 4249 ¹
1115 4221 1213 4266 Summa
1226 4232 1249 4267 2.
1266 4232 1289 4266 α.
1303 4232 1346 4279 42.
1363 4231 1409 4266 art.
1424 4233 1448 4268 2.

282 4313 314 4359 ad
332 4311 442 4360 tertium.
475 4308 571 4359 ⁸Bart.
595 4310 707 4358 intraret.
725 4312 757 4359 de
775 4322 824 4370 tyr.
843 4323 868 4357 n.
887 4321 926 4368 αῖ.
960 4309 971 4344 ⁴
989 4310 1015 4358 in
1036 4323 1058 4357 c.
1072 4309 1143 4357 olim.
1158 4311 1189 4357 de
1203 4321 1263 4358 rest.
1280 4312 1346 4369 spol.
1360 4309 1448 4370 [Decr.

281 4403 351 4451 Grat.
367 4415 395 4461 p.
413 4414 436 4449 a.
454 4415 478 4449 a.
496 4413 534 4459 ιε.
555 4401 608 4463 rm]
628 4399 688 4450 silv.
705 4401 731 4449 in
746 4415 773 4451 v.
789 4403 896 4450 Bellum.
916 4414 937 4449 1.
952 4415 978 4449 n.
993 4414 1018 4461 4.
1051 4399 1110 4448 ⁶V.
1124 4401 1199 4460 Vasq.
1213 4414 1237 4447 c.
1252 4403 1292 4449 82.
1305 4414 1330 4448 n.
1343 4401 1369 4449 6.
1384 4411 1409 4448 et
1424 4415 1449 4463 9.

279 4489 424 4551 ⁸Vasq.c.
445 4505 564 4541 r.n.1o.
