3450 5434
521 637 568 682 DE
592 636 685 703 June
711 636 897 682 PRAEDAE.
923 636 1005 681 CAP·
1030 638 1081 683 xl.
1330 637 1386 699 191

218 792 327 857 inulti.
350 792 453 879 Quod
473 809 552 856 vcro
575 808 663 854 nunc
686 790 791 855 dicam
814 794 948 871 nesci0,
973 808 1012 855 an
1035 809 1101 855 non
1116 790 1212 855 etiam
1225 790 1392 855 crudelius

218 903 271 969 sit.
293 903 456 969 Undecim
480 902 645 983 reliquos,
670 921 811 982 quorum
833 900 961 965 scilicet
979 919 1065 965 mors
1084 902 1281 978 occultanda
1301 918 1389 980 erat,

216 1034 257 1081 ne
286 1014 406 1098 prioris
434 1014 474 1079 ad
502 1015 645 1096 legatum
674 1012 837 1078 mendacii
869 1012 1160 1089 convincerentur,
1195 1028 1233 1077 ut
1266 1013 1390 1079 intuitu

218 1126 313 1191 etiam
343 1140 376 1190 et
402 1123 627 1191 misericordia
656 1122 826 1188 hominum
857 1121 1063 1201 fraudarent,
1096 1138 1193 1187 nocte
1222 1124 1328 1188 media
1358 1124 1392 1189 in

149 1219 153 1225 ’
218 1236 303 1301 idem
326 1235 409 1300 illud
433 1235 549 1311 littus,
573 1234 606 1298 in
630 1234 722 1315 quod
745 1247 921 1315 conspecto
944 1232 1034 1315 pacis
1058 1232 1152 1317 signo
1176 1234 1391 1312 advenerant,

217 1348 349 1412 vinctos
366 1347 555 1429 producunt
578 1361 611 1411 et
631 1344 719 1409 saxis
742 1360 897 1409 oneratos
921 1344 953 1409 in
978 1364 1063 1409 mare
1087 1347 1298 1426 provolvunt.
1346 1347 1393 1411 At

219 1459 290 1540 illi,
323 1458 412 1523 sicut
445 1456 602 1522 credibile
625 1471 696 1537 est,
725 1474 798 1520 cum
820 1456 886 1539 jam
911 1456 1056 1520 ultimam
1079 1457 1228 1521 tellurem
1252 1456 1393 1539 pedibus

219 1572 403 1647 calcarent,
429 1583 486 1632 aut
518 1568 604 1635 inter
635 1569 741 1633 undas
770 1566 975 1633 semianimes
998 1569 1228 1645 volverentur,
1261 1586 1327 1633 non
1355 1582 1393 1632 ut
1463 1614 1467 1619 -

218 1681 319 1747 vitam
339 1679 547 1760 obtinerent,
573 1698 656 1760 quae
676 1678 793 1744 merito
817 1677 948 1743 cunctis
967 1677 1157 1745 dulcissima
1176 1692 1245 1758 est,
1269 1697 1334 1743 non
1356 1693 1394 1744 ut

218 1794 332 1858 saltem
360 1792 483 1873 optima
503 1791 535 1856 iu
556 1792 659 1873 patria
687 1792 867 1874 conjugum
888 1789 1093 1870 libertlmque
1112 1789 1264 1857 manibus
1282 1805 1392 1855 tumu-

218 1908 379 1981 larentur,
403 1902 459 1969 scd
484 1920 585 1966 uuum
608 1902 672 1967 hoc
694 1899 867 1966 deficiente
883 1900 948 1983 jam
969 1900 1112 1983 spiritu,
1130 1920 1171 1965 ne
1189 1900 1247 1966 diu
1268 1886 1392 1965 tantum

220 2016 328 2078 scelus
357 2015 492 2094 lateret,
517 2013 743 2079 inclamabant.
790 2012 933 2077 Audivit
956 2012 1071 2091 Deus,
1100 2012 1254 2078 audivere
1279 2028 1311 2077 et
1333 2014 1393 2078 ho·

218 2126 334 2189 mines.
378 2127 426 2189 Ae
459 2124 599 2207 primum
633 2125 787 2189 Sinenses
816 2138 934 2189 nautae
958 2139 1101 2204 quatuor
1123 2123 1314 2189 Bnntamum
1339 2124 1394 2189 ad-

218 2234 388 2301 venientes
420 2235 555 2315 omnia,
588 2250 626 2299 ut
657 2234 745 2299 faeta
777 2249 892 2317 erant,
928 2235 1198 2300 renuntiaverunt
1229 2255 1299 2301 cum
1323 2235 1394 2301 aliis

219 2346 356 2443 multis,
377 2362 447 2411 tum
469 2347 650 2429 Lacmoni,
675 2367 770 2429 quem
796 2362 870 2412 ante
892 2346 1157 2425 nominavimus,
1183 2347 1309 2412 bomini
1334 2347 1393 2412 im·

219 2458 333 2541 primis
351 2458 488 2541 potenti.
524 2459 582 2523 llle
604 2458 743 2523 Batavos
766 2457 922 2537 edocuit,
947 2472 979 2522 et
996 2457 1094 2522 simul
1107 2456 1191 2523 fama
1203 2478 1261 2540 per
1277 2458 1391 2543 Javam

218 2588 399 2653 omnesque
430 2570 530 2635 Indos
561 2569 718 2635 latissime
748 2584 900 2652 evagata:
936 2568 994 2633 ubi
1018 2568 1101 2635 illud
1124 2556 1389 2652 'vulgatissimum

221 2696 310 2763 erat,
335 2681 493 2763 quosdam
517 2681 758 2769 Hellandorum
776 2701 795 2744 a
815 2678 984 2745 Lusitanis
1003 2693 1115 2744 eontra
1137 2678 1233 2745 iidem
1255 2700 1394 2763 suspen·

222 2793 279 2858 dio
298 2795 363 2878 jam
383 2792 588 2873 destinatos,
613 2812 650 2858 ea
670 2810 752 2857 voce
775 2810 859 2871 quae
883 2788 1022 2871 intelligi
1044 2805 1180 2871 posset,
1204 2790 1395 2857 Lusitanica

221 2903 400 2984 nimirum,
432 2918 582 2985 precatus
616 2921 774 2968 memores
801 2900 853 2967 sui
886 2900 1039 2983 supplicii
1060 2902 1244 2983 populares
1288 2901 1336 2967 Ita
1357 2918 1395 2967 ut

220 3014 294 3081 Indi
334 3010 448 3080 omncs
482 3014 652 3079 atrocitate
683 3012 836 3080 facinoris
872 3011 1049 3091 commoti,
1087 3031 1162 3076 cum
1195 3011 1393 3079 Wibrandus

220 3125 418 3193 Warwicius
439 3146 478 3191 eo
501 3126 669 3205 venisset,
693 3124 846 3207 indignos
867 3123 948 3188 caeli
970 3123 1121 3205 lucisque
1144 3138 1278 3207 aspectu
1299 3124 1393 3189 Bata-

220 3256 283 3305 vos
309 3236 474 3316 dicerent,
498 3236 533 3302 ui
556 3238 652 3301 talem
677 3233 846 3317 perfidiam
872 3234 969 3319 digne
993 3234 1239 3301 ulciscerentur.
1264 3236 1338 3301 Nec
1362 3235 1396 3301 id

220 3348 312 3415 satis.
358 3348 494 3415 Testem
526 3349 620 3413 Deus
651 3347 684 3411 in
717 3346 858 3412 Batavos
889 3346 1094 3427 transmisit,
1124 3346 1183 3428 qui
1206 3346 1267 3412 ista
1285 3347 1395 3413 omnia

220 3460 338 3545 partim
362 3460 431 3542 ipse
452 3458 561 3538 vidit,
584 3457 701 3540 partim
724 3478 764 3524 ex
787 3457 867 3539 ipsis
890 3456 1057 3525 Lusitanis
1080 3458 1140 3539 qui
1166 3456 1334 3542 fecerant,
1356 3479 1395 3525 ex

221 3571 295 3636 aliis
316 3570 374 3652 qui
398 3569 570 3649 viderant,
593 3583 684 3634 certo
706 3570 821 3634 auditu
845 3568 1001 3651 percepit.
1026 3568 1058 3635 Is
1078 3584 1150 3649 est,
1176 3588 1273 3650 quem
1298 3570 1396 3636 modo

220 3682 388 3759 dicebam,
412 3680 579 3746 Martinus
602 3679 735 3762 Apios,
760 3679 819 3761 qui
843 3699 929 3748 unus
947 3699 964 3744 e
981 3678 1156 3744 miserabili
1184 3680 1280 3745 turba
1301 3700 1395 3763 prae-

220 3809 270 3859 ter
299 3812 420 3875 pueros
452 3793 536 3858 duos
568 3810 727 3855 armorum
759 3789 1004 3873 septendecim,
1026 3789 1092 3873 jam
1115 3790 1311 3872 damnatus,
1330 3792 1395 3875 jam

221 3904 429 3987 productus,
462 3902 669 3969 sacerdotum
698 3902 932 3966 Lusitanorum
965 3899 1137 3983 precibus:
1172 3902 1263 3982 quod
1293 3922 1398 3986 genus

222 4016 301 4081 alias
332 4014 463 4081 Batavis
495 4013 756 4080 inimicissimum
788 4028 859 4093 est,
893 4026 930 4077 ut
962 4027 995 4076 et
1025 4012 1078 4077 hic
1109 4014 1248 4077 caeleste
1272 4012 1397 4077 benefi-

222 4127 310 4192 cium
340 4125 435 4190 liceat
463 4144 658 4210 agnoscere:
683 4143 750 4189 non
774 4138 946 4205 servatus,
971 4124 1028 4189 sed
1053 4139 1159 4189 tamen
1183 4123 1305 4189 dilatus
1334 4137 1395 4190 est.

221 4239 402 4304 Malaccam
436 4236 511 4303 inde
535 4250 568 4302 et
590 4237 739 4303 Malacca
756 4235 867 4333 §oam
889 4236 1055 4316 mittitur,
1081 4234 1137 4301 ubi
1161 4255 1234 4299 cum
1257 4235 1398 4301 reniten-

223 4350 315 4415 tibus
338 4347 461 4414 frustra
483 4347 728 4431 magistratibus
749 4367 766 4411 a
786 4348 935 4429 praeside
953 4346 1053 4414 vitam
1074 4347 1297 4428 impetrasset,
1321 4367 1397 4430 pro-

174 4442 180 4459 ’
224 4459 333 4526 fectus
357 4460 391 4524 in
415 4457 643 4538 Lusitaniam,
668 4448 808 4542 llajonae
829 4459 863 4524 in
884 4458 1049 4524 Callaecia
1073 4476 1200 4523 rursum
1222 4458 1397 4533 detinetur.
