3450 5434
353 642 391 703 88
637 654 684 700 ns
707 651 800 717 Junu
827 650 1011 699 aurnuns.
1035 652 1116 699 cnr.
1141 652 1230 699 vrrt.

353 808 438 876 enim
468 822 518 873 est
547 806 638 889 quod
665 820 779 873 vetant
808 806 904 890 jura,
928 803 1073 887 privatos
1102 806 1222 873 habere
1245 824 1388 873 carceres
1408 818 1430 875 ².
1474 808 1525 874 Ut

351 936 430 985 vero
460 916 614 985 contiuua
635 918 681 1016 sit
699 916 816 1003 Judicii
838 915 974 1000 penuria
995 915 1170 999 dupliciter
1196 916 1385 1003 contingere
1404 919 1525 985 volunt

352 1030 504 1095 doctores
522 1026 557 1110 ²,
574 1029 648 1114 jure
668 1042 702 1094 et
720 1028 820 1094 facto.
859 1028 963 1112 Jure,
987 1027 1015 1093 si
1038 1046 1134 1095 nemo
1156 1028 1189 1095 in
1209 1030 1267 1095 illo
1288 1032 1361 1096 loco
1371 1028 1525 1113 iurisdic-

352 1139 474 1206 tionem
505 1140 645 1220 habeat,
669 1139 759 1221 quod
787 1138 945 1205 interris
973 1139 1108 1206 desertis
1138 1153 1171 1205 et
1201 1139 1319 1206 insulis
1341 1154 1374 1206 et
1402 1156 1524 1206 occano

354 1265 387 1315 et
407 1249 513 1315 sicubi
533 1264 689 1315 terrarum
718 1249 788 1315 sine
808 1250 976 1333 republica
1004 1248 1154 1333 vivitur,
1177 1250 1299 1333 poterit
1324 1250 1524 1335 contingere.

353 1361 479 1442 Facto,
502 1361 610 1427 ubils
631 1360 672 1426 ad
694 1379 791 1443 quetn
810 1359 997 1445 jurisdictio
1019 1360 1161 1443 pertinet
1180 1377 1237 1427 aut
1256 1382 1274 1427 a
1296 1358 1438 1429 subditis
1456 1378 1525 1429 non

355 1471 509 1553 auditur,
530 1486 588 1537 aut
608 1470 790 1556 cognitioni
811 1489 879 1537 uon
899 1486 994 1538 vacat
1011 1468 1034 1538 ⁸.
1080 1471 1144 1539 His
1166 1472 1296 1539 casibus
1318 1492 1357 1539 eo
1380 1471 1445 1539 iere
1467 1473 1526 1539 de·

353 1582 508 1662 venitur,
531 1601 600 1664 quo
620 1582 747 1649 inloco
767 1596 952 1663 reserant,
976 1596 1149 1665 antequam
1171 1578 1354 1667 respublica
1377 1596 1410 1649 et
1435 1582 1526 1667 judi-

355 1692 405 1757 cia
425 1692 673 1760 instituerentur
690 1691 727 1773 ⁴,
748 1707 789 1759 ut
808 1707 895 1759 recte
918 1692 998 1759 dicit
1023 1694 1207 1761 Castrensis
1227 1698 1250 1761 ⁸.
1295 1690 1395 1761 Tunc
1416 1708 1525 1759 autem

358 1804 537 1869 secundum
571 1822 629 1871 sex
660 1805 819 1871 dantum
848 1805 960 1888 leges,
993 1822 1075 1886 quas
1104 1804 1200 1871 initio
1230 1806 1423 1888 posuimus,
1443 1805 1530 1871 inter

356 1915 506 1981 homines
528 1916 701 2001 agebatur:
724 1914 802 1981 hinc
823 1932 919 1981 omne
940 1915 995 1999 jus
1018 1929 1051 1980 et
1069 1915 1153 1999 juris
1175 1915 1317 1998 quisque
1328 1915 1384 1981 sui
1393 1930 1527 1981 exsecu-

356 2040 426 2091 tor:
450 2026 542 2107 quod
562 2025 753 2093 naturaliter
774 2023 963 2109 contingere
985 2026 1127 2093 diximus
1154 2041 1186 2091 et
1208 2025 1382 2093 animantia
1403 2039 1525 2092 caetera

356 2154 418 2201 nos
438 2136 558 2201 docent
576 2138 600 2203 ⁸.
644 2134 710 2202 Ista
729 2134 830 2221 igitur
851 2136 960 2217 specie
982 2154 1049 2203 non
1070 2154 1105 2203 se
1133 2137 1290 2203 duntaxat
1310 2154 1428 2219 resque
1451 2154 1527 2204 suas

201 2268 345 2315 rorans...
356 2246 464 2327 tueri,
486 2246 545 2311 sed
566 2260 600 2313 et
620 2265 672 2312 res
700 2265 888 2329 recuperare
911 2246 1062 2329 quamvis
1084 2246 1276 2333 longissimo
1299 2247 1471 2315 intervallo
1494 2262 1527 2313 et

357 2377 398 2424 ex
417 2375 452 2423 re
471 2356 630 2423 debitoris
653 2356 716 2422 sibi
734 2358 861 2423 solvere
883 2356 1007 2423 licebit.

399 2466 526 2533 Tribus
550 2466 652 2552 igitur
678 2486 719 2533 ex
743 2466 851 2533 causis
875 2486 1005 2548 earum,
1033 2488 1115 2551 quas
1139 2485 1236 2552 supra
1252 2480 1396 2551 quatuor
1413 2486 1528 2535 nume·

356 2577 521 2669 ravimus,
564 2577 728 2661 privatum
758 2577 880 2644 bellum
908 2580 1034 2663 justum
1062 2577 1141 2645 oriri
1168 2596 1265 2663 posse
1299 2579 1384 2645 inter
1415 2596 1528 2646 ornnes

356 2704 503 2755 constare
530 2688 641 2756 video.
687 2688 808 2755 Restat
825 2704 962 2772 quarta,
996 2708 1036 2755 ex
1062 2686 1233 2756 maleficio.
1280 2690 1326 2757 Et
1347 2690 1428 2756 haec
1447 2710 1527 2772 qua·

355 2815 452 2867 tenus
479 2801 521 2866 ad
545 2800 785 2867 restitutionem
805 2800 891 2883 parti
913 2802 1017 2867 laesae
1037 2799 1215 2867 faciendam
1234 2814 1361 2867 tantum
1382 2800 1529 2885 obligat,

357 2910 439 2994 quin
466 2929 564 2979 causa
591 2931 662 2978 esse
688 2910 794 2994 possit
823 2912 911 2996 justa
941 2910 1019 2977 belli
1039 2910 1158 2994 privati
1180 2910 1340 2977 neminem
1362 2926 1446 2995 puto
1468 2911 1529 2977 du·

355 3022 545 3088 bitaturum.
568 3020 642 3087 Nec
661 3021 747 3087 enim
765 3021 874 3086 minus
891 3021 975 3105 juris
995 3021 1075 3087 mihi
1096 3036 1146 3089 est
1163 3022 1206 3088 ob
1225 3021 1376 3087 damnum
1396 3022 1528 3102 dutum,

357 3146 516 3213 quantum
536 3130 672 3195 interest
690 3130 840 3216 exigere,
863 3150 961 3213 quarn
982 3146 1040 3199 aut
1059 3152 1127 3198 rem
1147 3151 1250 3198 rneam
1270 3146 1326 3197 aut
1344 3132 1409 3198 alio
1428 3131 1527 3198 modo

356 3241 498 3309 debitam
521 3258 703 3323 reposcere.
723 3240 778 3307 De
798 3260 839 3307 eo
859 3239 1024 3309 difficilius
1044 3256 1094 3309 est
1113 3256 1280 3323 statuere,
1301 3262 1342 3310 an
1362 3244 1432 3309 ullo
1450 3258 1528 3309 casu

359 3428 547 3440 ——u—un

391 3546 400 3578 ¹
419 3548 449 3595 C.
467 3548 498 3595 de
518 3546 586 3607 priv.
607 3558 675 3596 carc.
691 3546 772 3596 inhib.
790 3544 836 3609 [C.
854 3559 880 3609 9.
902 3542 938 3609 5.]
957 3555 1004 3593 ιοι.
1023 3543 1064 3593 tit.
1081 3546 1147 3593 Bart.
1166 3546 1191 3593 d.
1213 3546 1283 3594 loco.
1318 3541 1330 3576 ¹
1346 3546 1412 3595 liert.
1436 3547 1468 3595 de
1489 3558 1528 3594 re·

356 3651 436 3700 prcrs.
455 3639 487 3687 ad
504 3638 584 3698 quint.
604 3638 631 3687 ln
648 3652 671 3687 a.
688 3638 771 3700 princ.
794 3637 857 3687 silv.
881 3637 908 3686 ln
931 3650 957 3685 v.
980 3636 1103 3697 Repress.
1122 3637 1142 3697 5.
1161 3648 1184 3693 5.
1216 3634 1316 3684 ⁸Bald.
1337 3635 1364 3683 in
1381 3636 1406 3684 d.
1424 3636 1441 3684 1.
1461 3648 1483 3683 r.
1497 3634 1528 3683 C.

356 3730 424 3778 unde
439 3728 474 3777 vl.
493 3729 536 3791 [C.
551 3730 575 3777 s.
586 3742 611 3790 4
628 3728 664 3791 ι.]
682 3742 707 3777 ιι.
722 3740 764 3791 45.
797 3727 809 3761 ⁴
824 3742 877 3789 urg.
890 3730 908 3776 l.
924 3740 948 3775 a.
968 3727 988 3787 5.
1000 3737 1059 3786 post
1078 3726 1141 3788 orig.
1158 3726 1185 3775 d.
1199 3726 1231 3775 de
1247 3724 1311 3787 orig.
1327 3722 1377 3783 jur.
1395 3725 1440 3787 [D.
1465 3738 1486 3773 r.
1505 3738 1529 3773 ι.

357 3833 381 3869 a.
402 3822 424 3877 ς.
446 3818 498 3883 ι5.]
532 3817 543 3850 ⁵
561 3820 593 3867 ad
609 3820 627 3867 l.
641 3832 675 3868 ex
691 3822 742 3869 lsoc
760 3818 816 3877 jure
832 3818 859 3867 ff.
881 3820 913 3867 de
927 3815 988 3874 just.
1010 3828 1035 3865 et
1053 3815 1117 3873 jure.
1137 3815 1180 3881 [D.
1202 3830 1223 3865 ι.
1243 3828 1265 3865 ι.
1286 3816 1321 3878 5.]
1340 3828 1365 3864 et
1382 3827 1454 3865 cons.
1472 3826 1529 3878 599.

356 3908 503 3970 priusquam
521 3906 577 3966 jara
597 3908 697 3958 flerent.
729 3906 776 3958 ⁸1.
797 3923 819 3959 ι.
836 3910 858 3971 ς.
877 3918 935 3958 cunt
952 3904 1053 3956 arietes.
1068 3906 1094 3956 ff.
1110 3906 1132 3956 sl
1152 3908 1294 3967 quadrupes
1317 3906 1361 3968 [D.
1377 3919 1402 3968 9.
1423 3919 1445 3954 r.
1468 3906 1527 3967 ις

359 3997 409 4063 ιι.]
429 4000 506 4049 Mart.
518 3999 597 4049 laud.
613 4000 737 4049 debello.
754 4012 779 4060 q.
795 4010 817 4056 5.
835 3999 862 4047 ln
878 3996 938 4048 fine.
955 3996 1023 4047 Bart.
1040 3998 1072 4047 ad
1089 3998 1113 4046 d.
1126 3998 1144 4045 l.
1162 4006 1195 4045 ex
1209 3998 1261 4046 lroc
1277 3995 1331 4054 jure
1351 3996 1395 4059 [D.
1413 4008 1434 4045 r.
1455 4008 1476 4045 ι.
1491 3996 1527 4058 5.]

356 4101 381 4139 et
400 4088 437 4138 lbi
454 4091 505 4153 Jtr.
524 4104 550 4139 u.
572 4093 613 4149 ³⁸·
634 4091 674 4139 Gl.
690 4091 717 4138 ln
734 4092 752 4138 l.
773 4090 795 4139 sl
809 4089 882 4139 alius.
899 4090 921 4151 ς.
937 4088 1086 4139 bellissime.
1103 4088 1128 4136 n.
1141 4089 1212 4148 quod
1228 4086 1256 4135 vl
1273 4098 1315 4135 aut
1337 4088 1409 4138 clam.
1428 4084 1472 4148 [D.
1489 4098 1530 4149 ⁴³·

358 4194 399 4242 u„
414 4192 438 4240 7.
452 4185 473 4240 5.
486 4181 523 4243 5.]
541 4182 607 4229 liare
625 4180 651 4229 in
667 4182 685 4229 1.
698 4182 794 4230 hostes.
811 4179 838 4229 ff.
854 4181 887 4229 de
903 4191 969 4241 capt.
988 4180 1032 4242 [D.
1050 4191 1093 4240 49.
1112 4188 1151 4234 rs.
1168 4176 1221 4239 aa]
1241 4176 1295 4225 lnn.
1312 4176 1338 4225 ln
1356 4189 1379 4225 c.
1395 4174 1530 4237 postulasti

356 4274 388 4320 de
403 4271 463 4321 foro
477 4284 561 4332 comp.
580 4271 721 4333 [nectem.
735 4283 759 4319 ι.
775 4282 800 4319 ι.
817 4268 868 4334 14]
888 4281 914 4319 et
931 4270 957 4319 ln
973 4272 998 4320 d.
1016 4282 1039 4318 c.
1054 4268 1125 4319 ollru.
1142 4280 1168 4317 ιι.
1184 4281 1209 4330 9.
1222 4265 1304 4324 cajet.
1319 4268 1351 4315 ad
1361 4266 1451 4315 Tuom
1468 4280 1492 4314 s.
1506 4278 1530 4315 a.

358 4376 383 4423 q.
402 4362 443 4411 66.
460 4373 507 4411 art.
526 4374 549 4419 5.
567 4363 599 4411 ad
614 4372 671 4410 tert.
688 4362 748 4409 Pan.
763 4361 791 4410 ln
805 4374 830 4410 c.
848 4360 919 4409 olim.
938 4375 963 4410 n.
984 4372 1024 4421 95.
1041 4358 1103 4409 Silv.
1121 4358 1148 4408 in
1163 4370 1189 4407 v.
1207 4358 1309 4408 Furtum
1323 4370 1350 4419 q.
1367 4366 1406 4415 ιγ.
1420 4366 1446 4406 et
1462 4356 1489 4405 ln
1504 4368 1530 4405 v.

356 4452 454 4501 Bellum
472 4466 497 4501 ι.
519 4456 541 4511 ς.
561 4464 601 4509 ls-
617 4453 649 4500 V.
666 4452 789 4501 Menoch.
806 4450 901 4500 Arbltr.
915 4450 969 4509 iud.
982 4460 1078 4512 quaest.
1093 4462 1153 4499 caru
1169 4449 1225 4505 5ιό.
1241 4448 1286 4497 ubi
1302 4447 1424 4509 plurimus
1441 4448 1531 4507 ullegtt

360 4544 495 4603 theologos
513 4554 539 4590 et
553 4540 616 4599 juris
631 4542 772 4591 consutos.
