3450 5434
359 644 402 706 90
654 642 701 690 ult
724 640 818 707 Jeme
842 640 1027 689 lunanum.
1052 639 1135 687 CAP·
1159 637 1243 685 vlu.

359 811 396 863 ut
418 796 529 878 dicat,
560 798 613 860 ita
640 816 673 859 se
699 798 743 861 u's
763 795 909 879 fecisse,
936 791 1207 880 quemadmodum
1228 790 1291 855 tibi
1308 792 1443 875 priores
1465 791 1530 874 ipsi

349 907 518 991 fecissent.
563 905 713 971 Vocatus
735 905 867 987 quidem
890 904 954 971 Dei
976 905 1041 971 hoc
1064 903 1111 969 illi
1134 900 1316 985 praestitit,
1340 913 1379 967 ut
1397 898 1530 983 publica

356 1030 519 1100 potestate
549 1035 634 1099 opus
665 1034 732 1082 non
760 1016 915 1082 haberet:
948 1015 1006 1081 sed
1036 1013 1165 1081 interim
1195 1027 1283 1079 recte
1311 1031 1346 1077 se
1369 1010 1531 1078 adversus

358 1142 471 1211 gentes
492 1126 640 1211 gentium
667 1129 742 1212 jure
764 1126 921 1193 defendit.
967 1126 1040 1191 Lex
1062 1124 1162 1209 igitur
1184 1123 1240 1191 illa
1260 1140 1344 1205 quae
1365 1118 1532 1188 maleficos

356 1238 474 1321 punire
494 1238 611 1323 jubet,
642 1256 717 1303 curn
747 1258 790 1303 ex
817 1238 892 1321 jure
910 1251 1045 1303 naturae
1067 1234 1137 1300 sive
1159 1233 1305 1320 gentium
1332 1229 1531 1310 descendat,

357 1347 448 1413 civili
468 1348 624 1413 societate
644 1362 677 1412 et
697 1348 769 1432 lege
791 1346 1036 1429 estantiquior.
1081 1345 1183 1432 Quod
1202 1365 1220 1412 a
1240 1344 1351 1411 divina
1371 1342 1532 1425 scriptura

357 1477 425 1526 non
456 1458 588 1525 videtur
617 1457 780 1539 alienum,
811 1458 846 1523 in
877 1478 942 1540 qua
970 1471 1047 1541 post
1075 1456 1187 1524 orbem
1207 1455 1432 1534 submersum,
1455 1472 1531 1519 cum

358 1569 392 1634 in
416 1589 481 1634 una
503 1568 602 1635 domo
629 1568 787 1651 reliquiae
815 1583 926 1635 essent
949 1566 1076 1653 generis
1095 1565 1252 1648 humani,
1275 1564 1442 1631 civitatem
1463 1582 1530 1630 non

357 1678 480 1760 video,
501 1681 608 1763 legem
630 1678 752 1761 video,
776 1699 861 1761 quae
881 1676 1040 1745 maleficia
1062 1677 1171 1761 puniri
1195 1678 1290 1762 jubet
1310 1676 1340 1741 ¹:
1367 1671 1434 1759 Qui
1452 1695 1532 1741 sun·

354 1792 490 1875 guinem
508 1791 648 1855 hominis
668 1786 810 1875 effudit,
823 1803 890 1875 par
908 1790 1068 1859 hominem
1090 1790 1227 1874 sanguis
1249 1788 1319 1869 ejus
1334 1784 1531 1874 effunditur.

358 1899 432 1965 Nec
448 1898 535 1965 forte
556 1898 640 1965 illud
656 1898 975 1982 praetermittendum
996 1912 1061 1976 est,
1082 1898 1174 1981 quod
1196 1900 1250 1963 lex
1272 1897 1333 1965 ista
1354 1896 1446 1965 alteri
1464 1894 1531 1981 legi

358 2008 552 2093 subiicitur,
574 2026 658 2091 quae
682 2009 802 2077 bestias
821 2010 966 2077 humano
987 2008 1063 2075 usui
1087 2007 1230 2091 addicit,
1255 2008 1332 2092 quia
1355 2026 1429 2075 cum
1452 2028 1531 2089 poe-

358 2138 472 2186 narum
493 2118 653 2205 originem
676 2118 855 2202 exquirunt
875 2118 1069 2205 theologi¹‚
1087 2120 1147 2185 hac
1168 2119 1409 2202 comparatione
1429 2132 1531 2185 utun-

358 2244 436 2311 tur,
463 2244 502 2295 ut
528 2229 640 2297 dicant
665 2228 847 2314 indigniora
874 2230 983 2297 omnia
1010 2230 1195 2316 digniorum
1218 2230 1334 2297 usibus
1356 2228 1530 2296 destinari:

359 2340 404 2405 ita
430 2339 552 2407 bestias
572 2359 768 2423 quamquam
785 2362 804 2407 a
823 2341 898 2408 Deo
915 2356 1058 2424 creatas,
1087 2356 1126 2407 ut
1150 2356 1277 2421 essent,
1305 2341 1405 2406 homo
1424 2354 1531 2405 tamen

358 2466 446 2517 recte
470 2450 645 2533 interficit,
673 2454 785 2518 velut
810 2452 852 2518 ad
873 2472 969 2523 usum
998 2465 1105 2519 vertat
1126 2467 1290 2535 tamquam
1313 2471 1395 2532 sua,
1418 2452 1472 2517 vel
1493 2463 1533 2515 ut

359 2562 455 2627 tollat
474 2575 640 2644 tamquam
663 2562 781 2645 noxia,
816 2582 955 2645 quorum
984 2577 1161 2646 utrumque
1184 2581 1222 2628 eo
1242 2581 1311 2645 quo
1332 2560 1400 2627 dixi
1422 2560 1533 2643 Scrip-

358 2686 450 2738 turae
483 2674 558 2739 loco
593 2670 793 2756 exprimitur.
839 2672 996 2740 Similiter
1024 2675 1144 2740 volunt
1176 2674 1362 2757 deploratae
1391 2670 1531 2737 malitiae

359 2782 507 2850 homines
529 2784 592 2849 hoc
624 2783 697 2867 ipso
729 2784 821 2866 quod
841 2786 923 2851 tales
951 2798 1050 2865 sunt,
1074 2784 1168 2867 quasi
1192 2780 1304 2851 divina
1326 2784 1532 2864 humanaque

359 2892 500 2981 imagine
529 2910 650 2977 exuta,
682 2894 725 2961 ad
753 2894 940 2961 inferiorern
970 2894 1117 2961 ordinem
1147 2894 1277 2961 detrudi
1305 2894 1406 2977 inque
1428 2895 1532 2959 bono·

358 3025 431 3071 rum
454 3024 549 3071 usum
570 3004 713 3071 ordinari
734 3019 767 3070 et
783 3005 1026 3087 quodammodo
1043 3025 1083 3071 ex
1099 3005 1249 3089 personis
1267 3024 1317 3071 res
1335 3003 1427 3087 fieri,
1450 3024 1532 3087 quae

360 3130 393 3181 et
413 3115 591 3181 secundum
620 3130 767 3181 naturam
796 3114 967 3183 servitutis
999 3116 1092 3201 origo
1125 3130 1193 3183 est:
1225 3115 1298 3181 tolli
1328 3135 1403 3201 ergo
1436 3133 1532 3198 posse

359 3238 430 3291 tum
462 3244 504 3291 ne
537 3238 701 3307 noceant,
736 3238 806 3291 tum
840 3240 879 3292 ut
911 3226 952 3292 ad
985 3229 1167 3310 exemplum
1201 3226 1277 3293 usui
1310 3226 1395 3293 sint:
1441 3224 1533 3309 quod

360 3335 486 3401 Seneca
507 3341 519 3377 ⁸
541 3335 648 3417 dixit,
682 3350 721 3401 ut
750 3334 979 3403 documentum
1011 3341 1155 3403 omnium
1184 3340 1274 3417 siut,
1307 3350 1339 3401 et
1371 3339 1430 3421 qui
1462 3338 1531 3403 riri

360 3444 539 3512 noluerunt
565 3445 740 3533 prodesse,
772 3461 878 3513 morte
910 3462 999 3513 certe
1031 3467 1143 3514 eorum
1177 3447 1364 3533 respublica
1397 3460 1531 3512 utatur.

360 3557 461 3643 Quod
483 3556 568 3623 enim
588 3557 629 3623 de
650 3557 818 3640 republica
849 3558 952 3640 dicit,
985 3559 1069 3624 idem
1101 3558 1141 3623 de
1172 3557 1384 3631 universitate
1407 3557 1532 3642 generis

360 3667 492 3733 humani
527 3668 775 3755 intelligendum
808 3670 873 3754 jam
908 3668 1216 3736 demonstrabimus.
1263 3667 1444 3734 Bestiarum
1477 3687 1531 3733 ex-

361 3780 469 3861 emplo
501 3778 542 3845 ad
571 3782 761 3847 nocentium
791 3800 914 3864 poenas
944 3780 1040 3847 etiam
1073 3777 1315 3846 Democritus*
1340 3779 1468 3861 utitur,
1491 3779 1532 3845 de

357 3889 432 3975 jure
465 3890 605 3956 naturali
638 3892 819 3975 disputans.
873 3892 923 3959 Ita
956 3891 1041 3957 enim
1072 3891 1133 3957 ait:
1167 3897 1249 3962 mu
1276 3896 1306 3961 δὲ
1341 3893 1417 3977 ζῴων
1444 3893 1532 3978 φόνου

358 4000 411 4070 tuti
438 4004 481 4084 uit
512 4002 601 4088 Φόνου
624 4002 677 4072 ὧδε
706 4005 781 4089 ἔχει.
811 4007 853 4073 τὰ
878 4004 1028 4073 diradantur
1054 4004 1104 4072 uui
1137 4004 1255 4071 utram
1282 4006 1390 4071 aaran
1409 4006 1531 4086 dubet

358 4114 473 4203 urrisun
494 4114 631 4198 καὶπρὸς
651 4118 786 4184 adcurrit
806 4120 890 4184 τοῦτο
911 4116 995 4199 ἔρδειν
1014 4120 1130 4198 μᾶλλον
1148 4114 1165 4193 ἢ
1181 4115 1236 4197 μή.
1280 4110 1335 4177 De
1352 4108 1533 4177 occidendis

394 4426 403 4459 ¹
422 4429 486 4477 Gen.
503 4443 528 4491 9.
551 4431 576 4477 6.
610 4429 728 4481 ’Tbom
751 4445 774 4481 a.
796 4446 819 4481 a.
838 4446 865 4493 q.
885 4432 926 4494 64.
945 4444 990 4483 art.
1011 4446 1032 4481 1.
1050 4445 1075 4482 et
1094 4433 1130 4483 ibi
1146 4432 1227 4491 cajet.
1261 4430 1272 4464 ⁸
1290 4432 1375 4481 deira
1397 4434 1414 4482 1.
1432 4446 1453 4481 r.
1467 4446 1490 4482 c.
1507 4432 1532 4481 6.

359 4515 371 4548 ⁴
388 4531 428 4578 ap.
446 4518 516 4567 stob.
535 4518 573 4582 [in
590 4521 665 4571 florii.
681 4526 699 4572 l.
713 4536 754 4585 44.
771 4537 796 4572 n.
814 4523 866 4588 16.]
