3450 5434
343 667 373 706 Vl
822 661 1008 705 PRAEFATIO.

340 839 474 913 iudicare
496 851 610 911 posset,
631 837 795 896 accuratius
818 835 1050 910 investigandum
1072 836 1168 894 fuisse.
1210 835 1279 894 Post
1304 835 1513 908 Visseringium

342 945 379 1002 V.
406 944 454 1001 Cl.
482 943 522 1000 R.
552 942 688 1000 Fruinius
715 941 814 999 Grotii
842 941 948 998 librum
978 942 1112 1015 perlegit.
1161 941 1239 998 Huic
1268 942 1347 997 nulla
1366 937 1513 997 dubitatio

341 1059 488 1121 supererat
516 1058 545 1104 et
579 1045 811 1103 Commentarius
832 1046 954 1102 omnino
971 1043 1099 1102 edendus
1116 1060 1175 1102 esse
1196 1041 1361 1101 videbatur.
1411 1043 1513 1116 ltaque

341 1151 411 1208 mihi
432 1151 573 1223 persuasit
593 1160 627 1206 ut
649 1148 786 1208 editionis
808 1165 906 1208 curam
928 1150 1111 1223 susciperem.
1152 1148 1216 1222 Ego
1237 1165 1253 1204 a
1275 1163 1305 1205 re
1326 1148 1435 1204 alienus
1453 1163 1512 1204 non

340 1271 436 1324 eram,
457 1252 505 1312 sed
527 1256 644 1312 illorum
666 1267 831 1329 temporum
852 1254 991 1312 historiae
1008 1268 1068 1310 non
1090 1255 1213 1310 multum
1233 1267 1338 1326 operae
1359 1248 1514 1318 dederam,

341 1374 406 1416 cum
434 1368 528 1415 tamen
556 1359 671 1427 omnia,
692 1375 766 1432 quae
787 1355 894 1416 editori
915 1356 951 1415 de
973 1357 1069 1431 operis
1089 1357 1202 1428 origine
1223 1366 1253 1413 et
1274 1355 1424 1429 scriptoris
1444 1370 1513 1412 con·

340 1463 405 1519 silio
425 1459 604 1519 observanda
625 1475 736 1533 essent,
757 1478 793 1519 eo
817 1463 1009 1535 pertinerent.
1042 1461 1082 1518 At
1104 1459 1242 1517 Fruinius
1260 1457 1289 1516 id
1311 1459 1381 1515 mihi
1404 1461 1512 1516 nullam

342 1565 500 1622 molestiam
527 1576 693 1623 creaturum
721 1565 817 1635 dixit,
846 1583 913 1624 cum
939 1566 1001 1638 ipse
1027 1563 1094 1621 libri
1123 1564 1271 1621 historiam
1301 1564 1514 1636 compositurus

342 1679 414 1726 esset
436 1670 466 1726 in
487 1672 643 1742 opusculo,
664 1668 744 1743 quod
765 1671 796 1727 in
816 1668 910 1728 diario
928 1670 1050 1742 Belgico
1073 1668 1158 1728 edere
1184 1666 1362 1736 intenderet,
1388 1665 1515 1741 indeque

342 1788 396 1846 ego
417 1773 531 1842 omnia,
551 1773 656 1846 quibus
679 1773 749 1830 mihi
771 1771 807 1830 ad
828 1774 1037 1846 praefationem
1057 1790 1132 1849 opus
1153 1785 1244 1844 esset,
1265 1772 1380 1830 haurire
1394 1787 1515 1846 possem.

343 1876 445 1949 ltaque
466 1863 602 1934 editionis
621 1891 718 1934 curam
741 1876 833 1933 libens
855 1878 977 1950 suscepi.

382 1978 485 2038 Codex
517 1981 607 2052 ipsius
633 1981 761 2038 auctoris
782 1996 869 2038 manu
892 1981 1019 2054 scriptus
1040 1992 1070 2038 et
1091 1982 1173 2055 prelo
1194 1989 1309 2053 paratus
1337 1988 1412 2036 erat:
1443 1977 1513 2035 mihi

341 2085 465 2142 ulterius
496 2085 570 2141 nihil
602 2081 764 2141 faciendum
791 2083 870 2151 fuit,
898 2100 984 2158 quam
1016 2094 1049 2142 ut
1074 2082 1121 2140 edi
1149 2099 1294 2152 curarem,
1320 2099 1394 2156 quae
1425 2083 1515 2155 scrip·

342 2197 391 2245 tor
418 2187 479 2260 ipse
509 2185 632 2245 editioni
660 2185 840 2245 destinasset.
889 2187 953 2245 Hac
975 2188 1005 2245 iu
1033 2203 1174 2261 requam
1202 2187 1431 2244 accuratissimus
1456 2201 1515 2243 esse

343 2289 441 2349 studui
468 2301 497 2348 et
524 2291 597 2348 nihil
619 2291 748 2362 mutavi:
769 2293 894 2348 multum
916 2307 1020 2364 operae
1039 2288 1106 2348 dedi
1124 2301 1159 2348 ut
1179 2292 1243 2348 loca
1263 2309 1279 2348 a
1298 2291 1406 2348 Grotio
1427 2290 1515 2346 citata

342 2395 372 2452 in
395 2395 570 2468 scriptorum
593 2394 674 2452 libris
697 2396 894 2468 perquirerem
916 2406 946 2452 et
967 2394 1145 2452 conferrem:
1166 2393 1216 2451 sed
1237 2411 1296 2451 non
1312 2410 1409 2451 omnes
1425 2392 1515 2449 libros

342 2495 377 2554 ad
398 2515 513 2556 manum
535 2498 633 2556 habui.
674 2499 736 2571 lpse
757 2496 868 2570 aliquid
888 2509 1027 2556 annotare
1048 2500 1184 2556 consulto
1202 2498 1300 2567 omisi,
1314 2508 1514 2570 praeterquam

343 2602 438 2660 sicubi
467 2603 498 2660 in
525 2613 610 2660 textu
638 2600 748 2675 aliquid
774 2599 904 2673 diesset,
930 2605 978 2659 vel
999 2605 1096 2660 locum
1116 2602 1244 2674 aliquem
1264 2601 1359 2657 minus
1381 2609 1515 2656 accurate

345 2707 430 2763 citari
451 2717 613 2780 appareret.
642 2709 724 2786 Quae
745 2723 803 2764 non
826 2707 855 2763 in
878 2707 941 2779 ipso
962 2704 1073 2763 codice·
1084 2709 1239 2778 leguntur,
1256 2701 1303 2761 sed
1325 2721 1340 2760 a
1357 2719 1402 2760 me
1418 2701 1516 2760 addita

344 2821 432 2878 sunt,
460 2811 545 2869 uncis
571 2811 687 2869 inclusi.
727 2811 842 2870 Auctor
870 2810 1043 2869 documenta
1064 2809 1202 2884 quaedam
1223 2818 1290 2882 post
1309 2811 1445 2865 volumen
1466 2805 1515 2863 ad-

342 2915 433 2988 jicere
460 2913 645 2984 intendebat,
670 2913 719 2972 sed
746 2931 778 2972 ea
806 2916 836 2972 in
862 2913 963 2981 codice
991 2925 1021 2972 et
1047 2914 1155 2973 chartis
1179 2912 1239 2986 eius
1263 2910 1515 2969 desiderabantur:

348 3018 484 3076 Fruinius
510 3021 606 3074 omnia
631 3019 831 3091 conquisivit,
859 3018 976 3090 Belgice
1000 3021 1047 3074 vel
1073 3017 1245 3074 Germanice
1262 3017 1388 3088 scripta:
1409 3030 1462 3086 ego
1483 3013 1512 3070 in

344 3120 480 3178 Latinum
514 3137 672 3178 sermonem
703 3121 836 3178 converti
858 3131 888 3178 et
908 3121 1022 3178 veniam
1043 3136 1059 3177 a
1080 3119 1240 3178 lectoribus
1261 3130 1346 3192 peto,
1367 3119 1389 3174 si
1407 3118 1515 3175 oratio·

346 3225 390 3281 nis
422 3225 563 3297 elegantia
594 3228 718 3283 multum
749 3242 765 3282 a
793 3225 953 3282 Latinitate
979 3224 1078 3282 Grotii
1099 3222 1204 3282 distare
1224 3221 1363 3280 viderint.
1404 3221 1514 3278 Textui

347 3329 527 3403 praemittam
561 3339 671 3401 partem
701 3343 821 3398 eorum,
851 3345 925 3403 quae
956 3327 1092 3387 Fruinius
1127 3330 1157 3386 in
1188 3326 1280 3386 diario
1312 3326 1430 3399 Belgico
1460 3321 1514 3401 (de

345 3431 429 3490 Gids.
448 3434 534 3492 1868.
561 3432 630 3490 Oct.
657 3447 692 3489 en
719 3429 818 3510 Nov.)
839 3430 876 3490 de
893 3433 989 3506 operis
1009 3434 1123 3506 origine
1143 3444 1172 3490 et
1193 3432 1313 3490 historia
1334 3431 1514 3504 composuit:

345 3537 368 3593 si
398 3537 447 3609 qui
477 3536 521 3593 his
550 3551 608 3593 non
636 3536 769 3593 contenti
792 3539 875 3609 plura
896 3535 982 3594 eade
1003 3552 1035 3595 re
1055 3552 1232 3611 cognoscere
1250 3536 1389 3610 cupiunt,
1409 3551 1458 3592 eos
1478 3532 1514 3592 ad

345 3641 438 3714 ipsum
460 3639 573 3697 Fruinii
590 3655 663 3712 opus
681 3640 810 3698 remitto.

385 3741 432 3802 Ad
460 3743 538 3801 hunc
567 3740 642 3800 diem
667 3745 774 3802 nemini
803 3744 987 3814 innotuerat,
1008 3763 1065 3820 qua
1083 3761 1113 3803 re
1133 3744 1270 3805 inductus
1290 3745 1413 3804 Grotius
1433 3761 1514 3818 prae·

344 3849 452 3904 clarum
484 3862 557 3919 opus
579 3864 660 3905 suum
689 3846 725 3905 de
747 3848 810 3922 jure
831 3848 900 3907 belli
922 3865 955 3906 ac
975 3852 1054 3923 pacis
1074 3851 1303 3923 conscripsisset.
1344 3849 1430 3906 Brevi
1448 3859 1514 3922 post

344 3950 440 4024 fugam
466 3965 481 4008 e
498 3965 631 4020 carcere,
653 3951 784 4026 Parisiis,
805 3954 892 4011 unius
912 3954 980 4010 anni
998 3965 1028 4011 et
1045 3970 1205 4027 paucorum
1223 3953 1363 4011 mensium
1384 3964 1514 4025 tempore

344 4065 439 4112 toturn
468 4054 624 4113 absolvisse
650 4071 715 4114 eum
741 4056 902 4115 constabat.
949 4058 1101 4131 Nusquam
1128 4073 1157 4114 se
1177 4057 1246 4115 huic
1267 4067 1437 4130 argumento
1456 4056 1513 4130 jam

344 4160 423 4232 prius
452 4159 599 4217 intentum
624 4158 711 4218 fuisse
737 4171 1019 4218 commemoraverat.
1067 4161 1099 4219 ln
1124 4162 1255 4234 epistolis
1279 4159 1314 4218 ad
1344 4161 1450 4218 amicos
1477 4175 1514 4218 eo

343 4263 467 4321 consilio
494 4263 640 4335 scripsisse
659 4279 688 4320 se
707 4261 838 4334 dixerat,
862 4275 896 4321 ut
917 4264 1061 4322 feritatem
1080 4263 1116 4321 ad
1136 4265 1212 4327 bella
1233 4281 1287 4338 pro
1308 4264 1405 4323 lubitu
1424 4265 1513 4322 susci-

344 4364 463 4439 pienda,
484 4383 539 4439 pro
559 4366 655 4424 lubitu
675 4366 816 4440 gerenda,
837 4364 959 4424 sedaret.
984 4367 1073 4426 Nunc
1088 4366 1202 4427 demum
1219 4369 1353 4442 apparuit
1374 4368 1512 4426 Grotium

344 4487 409 4529 cum
432 4469 482 4543 Jus
502 4469 574 4528 belli
595 4487 628 4527 ac
643 4471 723 4544 pacis
744 4469 958 4542 conscriberet,
979 4487 1052 4545 opus
1072 4470 1107 4529 ad
1126 4488 1240 4531 manum
1259 4472 1390 4532 habuisse
1410 4486 1440 4532 et
1456 4471 1513 4532 fre·
