3450 5434
269 616 284 633 ⁸
333 614 392 677 168
646 634 694 681 un
716 634 810 701 juna
835 634 1020 682 nunaunt.
1045 634 1125 682 cnr.
1151 634 1201 681 xr.

171 802 317 901 Anneium.
330 782 501 853 commoda
518 784 702 854 defendere.
728 788 907 871 Postquam
928 808 1008 855 vero
1027 788 1174 873 Philippi
1196 786 1367 872 imperium
1387 785 1508 869 Belgae

168 857 317 969 sauia?
331 896 527 980 rejecerant,
559 898 713 965 Lusitani
746 916 979 983 susceperant,
1012 900 1056 966 ita
1088 913 1126 966 ut
1149 913 1258 965 essent
1279 896 1372 963 alteri
1396 894 1509 961 alteris

171 976 210 1021 ’¹⁹³'
330 1008 479 1074 hostium
500 1010 596 1090 loco,
620 1008 723 1076 eidem
746 1011 964 1078 nihilominus
984 1010 1126 1077 Ordines
1140 1026 1257 1096 rogatu
1269 1006 1508 1074 Lusitanorum

331 1118 417 1185 intra
447 1138 527 1186 suos
559 1119 640 1185 lines
670 1122 889 1187 habitantium
921 1136 978 1187 aut
1009 1136 1224 1187 mercaturam
1259 1118 1510 1197 exercentium,

331 1244 364 1295 et
394 1230 473 1312 quia
504 1232 673 1315 Belgarum
707 1230 861 1297 intererat
891 1233 1087 1298 commercia
1118 1234 1205 1299 bello
1240 1251 1306 1299 non
1331 1228 1511 1313 impediri,

332 1340 392 1406 sed
418 1340 523 1407 foveri
552 1341 747 1423 securitate,
779 1342 931 1426 superius
951 1344 1035 1409 illud
1055 1342 1250 1428 rescriptum
1272 1340 1512 1407 confirmarunt

332 1451 533 1536 gratiamque
566 1452 632 1518 illis
658 1454 743 1538 J'uris
776 1452 887 1520 bellici
916 1456 1074 1521 hactenus
1097 1454 1271 1535 fecerunt,
1295 1469 1332 1519 ut
1355 1450 1510 1518 Lusitani

332 1562 522 1646 quicunque
552 1566 677 1630 vellent
707 1565 793 1630 inter
814 1565 930 1651 Belgas
951 1580 1025 1632 tuto
1051 1580 1257 1646 commeatu,
1281 1562 1511 1643 habitatione,

173 1688 476 1753 Anno15ts.mercatu
507 1690 700 1757 uterentur,
732 1674 800 1742 vita
831 1676 998 1759 rebusque
1029 1676 1142 1743 salvis.
1189 1676 1255 1742 Sed
1286 1696 1360 1742 cum
1394 1694 1512 1741 rursus

174 1751 275 1875 κέ
285 1767 319 1797 ““
332 1785 510 1868 Lusitani,
537 1787 739 1853 conscicntia
761 1786 874 1853 eorum
899 1808 983 1871 quae
1006 1788 1123 1855 Batavi
1148 1808 1166 1853 a
1188 1806 1246 1852 sua
1270 1802 1364 1871 gente
1393 1784 1511 1867 inique

331 1893 558 1977 patiebantur,
590 1896 757 1979 prioribus
788 1897 956 1981 rescriptis
988 1916 1055 1964 non
1078 1898 1159 1964 satis
1180 1896 1405 1978 confiderent,
1429 1915 1511 1961 con-

333 2000 546 2071 limrationem
577 2007 814 2091 impetrarunt,
848 2029 909 2073 nec
941 2008 975 2073 hi
1003 2024 1130 2075 tantum
1164 2008 1222 2092 qui
1254 2010 1287 2075 in
1320 2007 1428 2092 Belgis
1451 2008 1514 2073 sed

333 2115 447 2197 etqui
479 2116 558 2182 alibi
589 2118 794 2201 habitarent,
827 2134 865 2185 ut
887 2118 1014 2185 scilicet
1036 2135 1249 2187 mercaturam
1273 2140 1348 2185 cum
1376 2118 1512 2203 Belgis,

239 2244 243 2249 ·
333 2224 392 2308 qui
424 2227 486 2293 sub
518 2225 681 2293 Ordinum
723 2244 831 2295 essent
872 2230 1031 2313 imperio,
1073 2212 1127 2297 vel
1163 2250 1203 2297 ex
1236 2230 1305 2314 ipsa
1337 2228 1511 2295 Lusitania

331 2351 408 2403 tuto
435 2352 693 2420 commutarent,
724 2338 814 2404 aditu
838 2354 871 2405 et
892 2340 982 2405 exitu
1012 2354 1163 2424 patente:
1188 2361 1255 2423 quo
1279 2340 1326 2406 illi
1345 2338 1512 2407 beneficio

335 2468 441 2531 usque
460 2449 501 2514 ad
519 2449 805 2533 interdictionem,
830 2466 863 2516 et
883 2466 1024 2533 quatuor
1043 2468 1119 2536 post
1137 2450 1399 2518 interdictionem
1419 2470 1513 2516 men·-

176 2586 246 2634 am
259 2596 320 2643 1392.
334 2560 427 2628 sibus
438 2559 636 2629 fruerentur.
660 2562 825 2629 Effectum
838 2562 955 2629 deinde
968 2578 1018 2629 est
1029 2564 1213 2630 liberaliore
1224 2562 1511 2646 interpretatione,

171 2638 307 2765 {22³²
335 2687 374 2738 ut
395 2672 447 2738 his
476 2673 641 2757 rescriptis
670 2673 768 2741 etiam
795 2673 843 2739 illi
873 2673 1108 2741 Lusitanorum
1131 2673 1510 2758 comprehenderentur,

335 2784 394 2867 qui
422 2784 624 2869 Antverpiae
658 2800 714 2851 aut
744 2785 778 2851 in
808 2784 882 2850 aliis
913 2784 1017 2870 Belgii
1040 2785 1201 2868 urbibus,
1226 2803 1309 2868 quas
1332 2784 1511 2851 adversarii

336 2910 470 2978 tenent,
502 2896 595 2963 sedes
625 2894 743 2963 fixere:
774 2896 820 2962 ita
838 2912 945 2963 tamen
968 2911 1007 2962 ut
1026 2896 1101 2963 inde
1120 2896 1152 2962 in
1174 2896 1324 2982 regiones
1345 2894 1511 2961 Ordinum

336 3006 522 3073 commercii
541 3007 643 3091 gratia
662 3008 895 3087 adventantes,
920 3022 1019 3090 atque
1040 3007 1151 3074 itidem
1175 3006 1223 3072 illi
1247 3006 1417 3088 vicissim,
1450 3007 1512 3088 qui

337 3117 414 3183 hinc
445 3118 479 3182 in
507 3117 659 3183 adversas
686 3134 793 3201 partes
823 3137 944 3184 merces
978 3120 1173 3198 eveherent,
1201 3117 1399 3203 singularem
1422 3137 1513 3184 com·

178 3246 323 3344 Annodrsoo.
336 3242 462 3292 meatus
473 3228 715 3310 permissionem
728 3230 884 3295 haberent
893 3230 1137 3314 impetrandam.
1157 3229 1342 3296 Posteriore
1352 3228 1513 3311 rescripto

178 3301 274 3425 Ῠῖζηζ
287 3314 310 3346 ²
337 3337 434 3403 etiarn
454 3338 538 3404 illud
557 3360 742 3422 expressum
765 3356 837 3422 est,
861 3355 899 3407 ut
919 3341 1052 3408 Brasilia
1072 3340 1104 3405 in
1124 3340 1265 3407 Batavos
1275 3360 1397 3405 merces
1407 3354 1514 3405 traus-

336 3448 414 3515 vehi
455 3464 602 3532 possent.
657 3452 707 3517 Ita
744 3451 810 3517 illis
839 3452 981 3519 Batavos
1012 3452 1100 3519 adire
1130 3452 1324 3519 volentibus
1363 3450 1514 3533 undique

335 3559 515 3642 provisum.

197 3698 280 3748 Am,
295 3698 324 3746 γ,
380 3670 501 3738 Merito
532 3692 609 3739 sane
631 3688 665 3739 et
682 3675 756 3758 jure
787 3674 1031 3757 quodammodo
1063 3692 1124 3740 suo
1147 3672 1261 3739 Batavi
1286 3675 1399 3756 quales
1419 3694 1455 3739 se
1475 3673 1511 3738 in

337 3783 411 3849 illos
440 3782 690 3867 praestiterant,
721 3788 802 3851 tales
831 3785 907 3853 illos
935 3784 968 3852 in
990 3805 1031 3853 se
1047 3800 1281 3868 speraverunt:
1305 3785 1446 3851 maxime
1469 3804 1512 3851 ex

337 3915 404 3978 quo
429 3894 664 3979 navigantibus
693 3896 726 3961 in
757 3894 962 3963 Lusitaniam
990 3896 1093 3979 prima
1123 3896 1343 3980 experimenta
1361 3897 1510 3983 ejusdcm

178 4022 249 4121 ,ξω
263 4024 324 4079 1382·
337 4006 511 4090 aequitatis
551 4004 647 4071 fidem
688 4004 843 4072 fecerant.
890 4006 999 4074 Nemo
1039 4006 1246 4073 existimabat
1274 4010 1350 4091 plus
1379 4008 1513 4074 Batavis

178 4090 191 4120 ‘
215 4090 277 4137 Μ’
336 4118 535 4185 obstiturum
559 4115 746 4201 Philippum
765 4117 933 4184 dominum
946 4118 1204 4201 Lusitanorum,
1227 4139 1326 4202 quam
1339 4118 1511 4185 Lusitanis

336 4230 421 4295 idem
442 4228 613 4297 obstiterat
643 4228 748 4296 hostis
778 4228 987 4296 batavorum.
1035 4231 1083 4296 lta
1107 4250 1182 4297 cum
1205 4231 1328 4297 credita
1349 4231 1511 4297 securitas

336 4362 483 4427 magnam
514 4339 634 4407 laceret
669 4339 800 4406 navium
837 4339 1080 4424 frequentiam,
1119 4342 1335 4424 hominesque
1369 4342 1510 4427 benigne

336 4453 510 4538 aliquoties
538 4451 666 4537 excepti
697 4453 790 4518 nullo
819 4472 909 4519 novo
938 4452 1112 4519 interdicto
1142 4467 1349 4534 arcerentur,
1382 4452 1441 4520 ubi
1469 4454 1511 4521 ad
