3450 5434
553 656 600 703 na
624 656 718 724 June
745 656 1114 705 pannormiam.
1358 643 1418 722 189

249 831 319 876 cem
340 830 413 876 cum
438 810 559 893 scapha
579 810 619 876 ad
640 824 757 878 terram
779 812 959 893 accedens,
980 814 1021 877 ab
1040 812 1158 879 incolis
1170 811 1328 878 ostentari
1341 832 1419 877 con·

249 922 347 1005 spicit
375 937 454 987 nota
483 921 573 1005 pacis
606 921 759 1008 insignia.
806 923 879 989 Hac
901 922 1022 989 fiducia
1043 943 1218 1007 progresso
1242 923 1419 989 Lusitano-

249 1056 324 1101 tum
350 1035 423 1119 ejus
453 1033 519 1099 loci
551 1013 737 1116 praefect‘us
768 1034 914 1107 occurrit
948 1034 1113 1118 (Domino
1148 1034 1251 1100 Paulo
1283 1033 1417 1122 nomen)

248 1162 367 1213 armata
387 1164 462 1211 cum
485 1164 608 1227 manu,
630 1165 728 1227 quam
744 1146 786 1210 ad
805 1145 840 1210 id
860 1162 991 1228 tempus
1012 1146 1045 1211 in
1058 1145 1256 1211 monasterio
1269 1166 1328 1213 seu
1341 1146 1418 1214 fano

249 1258 390 1340 quodam
413 1256 448 1321 in
464 1238 576 1322 littore
598 1255 664 1323 sito
687 1258 925 1323 occultaverat.
972 1256 1166 1341 Interrogati
1189 1277 1292 1340 pauca
1316 1258 1349 1323 in
1372 1256 1419 1324 fa-

246 1387 326 1435 num
349 1368 533 1450 rapiuntur.
579 1367 776 1433 Adveniunt
796 1386 836 1431 eo
856 1367 1060 1448 mandarini,
1090 1370 1154 1434 hoc
1183 1384 1232 1433 est
1250 1384 1418 1436 senatores

249 1479 427 1558 Sinenses‚
445 1479 646 1563 exploraturi
667 1483 727 1564 qui
742 1480 886 1543 homines
898 1499 975 1543 suas
992 1494 1105 1543 terras
1117 1483 1310 1547 inviserent.
1335 1480 1420 1547 Res·

247 1592 372 1675 pondct
401 1590 511 1673 Apius
541 1590 724 1655 Hellandos
753 1611 817 1654 esse
836 1603 1059 1670 mercatores,
1084 1591 1281 1676 negotiandi
1295 1596 1418 1678 gratia

247 1704 391 1781 recisse,
424 1702 513 1787 quod
535 1723 577 1766 ex
603 1704 684 1787 ipsis
706 1702 847 1767 naribus
870 1704 1027 1765 mercium
1046 1700 1180 1786 plenis,
1204 1705 1234 1766 si
1257 1705 1418 1789 introspi-

247 1832 321 1878 cere
341 1812 481 1895 liberet,
507 1814 588 1877 'turo
612 1812 810 1877 disceretur.
857 1812 976 1876 Etiam
1002 1810 1122 1876 literas
1145 1834 1167 1877 a
1190 1813 1349 1899 Principe
1372 1814 1420 1879 ad

248 1944 355 2010 regern
390 1922 552 1989 Sinarum
584 1922 752 1988 attulisse.
797 1922 892 2008 Quae
927 1941 1003 1987 cum
1041 1921 1187 2005 diceret,
1223 1923 1419 1991 circumfusa

247 2036 482 2103 Lusitanorum
508 2035 689 2102 multitudo
712 2033 861 2116 undique
887 2034 1084 2100 obturbabat
1113 2035 1267 2101 convitiis
1296 2040 1419 2101 calum-

213 2220 218 2225 ,
248 2146 403 2229 niisque‚
433 2146 478 2213 ita
510 2163 548 2214 ut
570 2147 750 2213 mandarini
774 2147 935 2213 incertum
966 2166 999 2211 re
1026 2164 1139 2229 parum
1164 2146 1346 2227 intellecta,
1378 2168 1418 2215 an

249 2259 345 2325 etiam
367 2259 601 2325 Lusitanorum
626 2259 722 2327 donis
742 2258 890 2341 corrupti
913 2257 1134 2324 abscederent.
1178 2259 1330 2325 Lusitani
1351 2275 1418 2325 tor·

248 2369 366 2437 mentis
395 2370 587 2452 inquirunt:
611 2386 814 2453 compertum
845 2369 940 2435 nihil.
988 2368 1154 2435 Omnibus
1183 2371 1280 2436 simul
1302 2392 1319 2436 e
1340 2369 1418 2437 fano

248 2480 281 2547 in
312 2482 494 2547 custodiam
523 2482 637 2548 tractis
667 2479 852 2567 gravissimi
885 2480 1057 2562 compedes
1090 2480 1275 2565 affiguntur.
1319 2481 1418 2547 Unde

248 2594 282 2659 in
302 2606 430 2659 antrum
452 2592 571 2678 deiecti
595 2593 794 2659 horrendum
816 2590 957 2676 caligine
979 2606 1011 2656 et
1034 2593 1197 2672 squalore.
1230 2592 1316 2658 Cum
1331 2592 1421 2657 Nec·

246 2702 323 2771 liius
345 2702 499 2782 interim,
523 2704 606 2786 quid
628 2703 769 2770 reditum
799 2721 933 2768 suorum
960 2717 1143 2767 moraretur
1162 2704 1331 2788 ambigens
1352 2724 1419 2769 me·

247 2828 435 2895 tuensque,
473 2814 624 2896 scapham
657 2814 810 2897 majorem
846 2814 977 2877 alteram
1015 2814 1183 2895 explorare
1218 2812 1418 2896 profundunt

244 2924 357 3008 jubet:
382 2944 450 3006 quo
475 2923 609 3007 cognito
627 2943 728 2990 naves
747 2924 885 3007 propius
908 2924 1021 2991 urbem
1045 2923 1308 2991 admoverentur.
1354 2926 1420 2991 Sed

248 3035 371 3120 scapha
391 3055 505 3119 parurn
529 3054 664 3118 compos
680 3050 878 3116 ventorum,
901 3035 1026 3117 quique
1046 3035 1173 3100 inerant
1194 3035 1343 3103 homines
1357 3057 1419 3104 nu·

247 3166 338 3212 mero
368 3166 487 3212 novem
520 3162 552 3211 ct
574 3146 659 3212 inter
682 3165 739 3212 eos
763 3147 985 3232 gubernator,
1009 3167 1027 3211 a
1050 3147 1220 3213 Lusitanis
1249 3148 1418 3233 intercipi-

247 3274 362 3336 untur.
408 3257 515 3325 Adest
547 3258 739 3341 quaesitor,
764 3278 862 3340 quem
896 3257 944 3324 illi
966 3260 1154 3325 auditorem
1174 3276 1304 3326 vocant.
1349 3262 1420 3327 Itur

247 3369 290 3435 ad
309 3370 469 3435 eculeum.
493 3368 622 3435 Rumor
643 3369 728 3435 inter
747 3369 827 3436 haec
850 3370 1049 3449 Cantonem‚
1068 3370 1208 3437 vicinam
1231 3371 1418 3439 sinensium

246 3480 386 3561 urbem,
402 3477 555 3545 affertur:
579 3494 734 3546 externos
746 3483 890 3546 homines
902 3486 1013 3547 missos
1025 3504 1041 3547 e
1053 3483 1193 3549 nauibus
1205 3488 1241 3547 r'n
1253 3497 1383 3549 terram
1397 3507 1419 3549 a

247 3588 427 3656 Lusitanis
448 3593 674 3677 apprehensos.
700 3591 785 3675 Ejus
806 3592 852 3658 rei
867 3592 969 3677 gratia
981 3591 1167 3675 praefectus
1181 3594 1418 3676 Cantonensis‚

246 3699 301 3766 cui
334 3702 469 3784 Capado
501 3722 619 3768 nomen
653 3719 744 3785 erat,
776 3705 882 3769 multo
906 3703 1063 3769 comitatu
1087 3702 1248 3788 irejubet
1270 3707 1362 3772 etad
1385 3726 1419 3773 se

246 3812 396 3895 captivos
417 3813 587 3880 adducere.
635 3814 700 3879 Hic
723 3834 799 3879 cum
822 3813 974 3879 Lusitani
997 3828 1188 3881 tenerentur
1217 3820 1323 3899 neque
1342 3838 1419 3901 pos-

245 3924 360 3989 tulatis
383 3924 532 3992 resistere
554 3925 734 4006 auderent,
759 3925 800 3990 ad
828 3922 964 3990 fraudes
987 3940 1020 3990 et
1042 3944 1119 3991 suas
1142 3942 1227 3993 artes
1251 3948 1285 3994 se
1308 3932 1419 3994 confe-

245 4050 332 4102 runt.
356 4036 456 4103 Omni
479 4057 497 4102 e
520 4038 617 4103 turba
637 4057 693 4102 sex
713 4036 862 4103 homines
883 4050 1037 4121 separant
1055 4037 1188 4122 linguae
1207 4039 1335 4120 omnis,
1355 4040 1419 4105 nisi

244 4147 368 4230 patriae
399 4147 552 4233 ignaros,
594 4164 709 4232 utpote
744 4168 783 4215 ex
812 4149 944 4216 nautica
978 4150 1087 4232 plebe.
1135 4149 1293 4215 Caeteros
1326 4152 1418 4235 (nam

244 4261 358 4342 plures
391 4259 495 4326 fuisse
530 4260 728 4327 dissimulari
763 4280 876 4344 sparso
908 4261 974 4346 jam
1008 4280 1138 4327 rumore
1171 4280 1238 4327 non
1273 4266 1418 4349 poterat)

245 4369 405 4453 proximis
436 4370 554 4439 diebus
585 4372 650 4436 alvi
682 4372 849 4454 profluvio
874 4372 1008 4455 periisse
1031 4370 1246 4439 mentiuntur.
1292 4374 1341 4439 At
1362 4394 1419 4441 sex

245 4481 293 4546 illi
317 4482 358 4548 ad
379 4482 479 4568 legati
500 4483 720 4549 Cantonensis
739 4484 893 4567 prostrati
913 4482 1031 4566 pedes,
1052 4502 1124 4549 cum
1145 4504 1202 4566 per
1212 4484 1417 4569 interpretem
