3450 5434
344 624 408 685 244
643 622 690 666 nrt
714 619 808 685 Jorr
833 619 1019 666 rnnnnnr.
1043 621 1123 667 cnr.
1148 620 1215 667 xrr.

343 792 570 845 contractuum
599 776 817 857 universalis,
849 780 1116 858 ἡμετωβλητική,
1150 789 1301 839 anatum.
1321 789 1390 840 est:
1428 774 1522 839 modi

343 904 452 955 autern
481 889 609 969 aliquot
635 888 817 973 singulares
844 888 1020 970 ipsumque
1049 886 1213 970 pretium,
1244 890 1523 971 ἡχρηματιστικὴ,

343 1003 383 1067 ab
412 1001 565 1066 instituto
595 1001 625 1064 ¹:
666 1021 751 1083 quae
779 999 979 1065 vetustiores
1006 999 1090 1082 juris
1118 998 1313 1081 interpretes
1342 1016 1410 1063 non
1441 997 1523 1065 satis

343 1112 574 1179 distinxerunt.
611 1113 766 1178 Fatentur
785 1127 891 1177 tamen
912 1130 1023 1175 omnes
1045 1106 1056 1141 ²
1077 1111 1309 1193 proprietatem
1330 1131 1439 1176 rerum
1459 1112 1524 1177 sal-

344 1241 408 1290 tem
428 1225 600 1291 mobilium
620 1225 727 1308 ajurc
758 1222 903 1308 gentium
924 1222 1077 1305 primario
1097 1224 1251 1305 prodire,
1276 1223 1422 1305 itemque
1443 1242 1526 1288 con-

344 1351 467 1403 tractus
498 1357 632 1417 omnes,
668 1337 790 1418 quibus
821 1334 963 1419 pretium
994 1354 1061 1401 non
1093 1335 1231 1402 accedit.
1286 1334 1482 1418 Philosophi
1513 1341 1526 1375 ⁸

344 1460 397 1525 τῆς
419 1455 662 1532 meraritarum,
685 1469 782 1531 quam
815 1447 1074 1512 translationem
1103 1463 1229 1515 vertere
1250 1446 1383 1527 licebit,
1405 1467 1527 1533 genera

347 1575 496 1627 statuunt
515 1561 582 1626 duo
593 1610 602 1639 ,
614 1566 665 1638 τὴν
685 1566 838 1644 ἐμπορικὴν
856 1564 907 1628 uati
928 1564 980 1637 τὴν
998 1566 1179 1639 καπηλικήνε
1202 1580 1340 1642 quarum
1363 1564 1504 1643 ε’μπορική
1515 1611 1527 1635 ,

348 1693 432 1755 quae
467 1687 534 1751 est,
559 1688 597 1738 ut
625 1693 693 1737 vox
716 1671 786 1755 ipsa
809 1670 955 1751 indicat,
980 1671 1064 1737 inter
1094 1687 1205 1756 gentes
1228 1672 1382 1752 dissitas,
1407 1672 1526 1737 ordine

347 1799 481 1850 naturae
509 1785 598 1868 prior
617 1800 667 1851 est
689 1799 721 1848 et
741 1783 789 1849 sic
808 1804 825 1849 a
850 1784 987 1848 Platone
1010 1782 1146 1866 ponitur
1164 1783 1186 1850 ⁴.
1231 1788 1386 1862 Kaantrai
1412 1784 1525 1849 eadem

348 1896 481 1961 videtur
512 1916 605 1977 esse,
638 1916 722 1979 quae
751 1898 939 1979 παράστασις
968 1894 1142 1961 Aristoteli
1165 1902 1200 1976 ⁵,
1230 1895 1435 1961 tabernaria
1467 1916 1528 1962 seu

349 2012 501 2073 stataria
525 2011 706 2095 negotiatio
729 2007 813 2072 inter
836 2007 938 2073 cives.
975 2007 1064 2072 Idem
1085 2006 1283 2073 Aristoteles
1300 2014 1352 2085 ria
1371 2012 1531 2093 ἐμπορικήν

349 2119 469 2185 dividit
491 2120 525 2185 in
545 2126 716 2204 amraapixa
737 2134 769 2186 et
784 2122 965 2207 damian,
979 2140 1118 2203 quarum
1131 2120 1211 2185 haec
1224 2120 1369 2185 terrestri
1382 2118 1525 2201 itinere,

235 2226 245 2244 ⁸
349 2232 403 2296 illa
427 2230 589 2295 maritimo
609 2250 734 2297 merces
754 2231 901 2297 devehit.
939 2231 1109 2297 Sordidior
1132 2246 1240 2297 autem
1263 2246 1312 2296 est
1329 2232 1528 2311 manuari&

351 2356 463 2407 contra
494 2342 663 2408 honestior
683 2346 839 2428 ἐμπορική,
871 2358 905 2408 et
933 2342 1094 2408 maritima
1121 2343 1281 2424 maxime,
1314 2342 1393 2426 quia
1424 2346 1530 2409 multa

351 2454 464 2520 multis
487 2454 644 2537 impertit.
691 2455 771 2520 Inde
794 2455 929 2521 navium
953 2456 1183 2522 exercitionem
1205 2456 1247 2521 ad
1266 2475 1424 2521 summam
1445 2476 1530 2521 rem-

350 2566 515 2649 publicam
549 2567 710 2650 pertinere
740 2567 821 2632 dicit
843 2568 1052 2651 Ulpianus⁷,
1077 2568 1266 2635 institorum
1289 2587 1356 2634 non
1378 2568 1531 2634 cumdem

351 2698 420 2745 esse
443 2698 549 2745 usum.
595 2678 688 2766 Quin
719 2680 774 2745 illa
803 2680 938 2745 omniuo
965 2680 1147 2746 secundum
1172 2696 1318 2747 naturam
1343 2682 1532 2747 necessaria

351 2806 416 2859 est.
463 2791 663 2858 Aristoteles
683 2799 714 2857 ⁸:
738 2795 801 2861 ἐστὶ
824 2798 884 2876 γὰρ
905 2802 919 2869 a]
942 2798 1150 2876 μεταβλητικὴ
1170 2796 1306 2867 πάντων,
1327 2798 1479 2877 ἄρξαμένη
1497 2799 1533 2863 τὸ

351 2909 405 2988 μὲν
426 2910 532 2988 πρῶτον
548 2908 583 2972 ἐκ
603 2913 654 2974 τοῦ
675 2909 757 2973 uaria
778 2906 868 2989 φύσιν
887 2910 927 2989 τῷ
950 2912 990 2974 rai
1013 2910 1066 2988 μὲν
1089 2910 1199 2980 πλείω,
1222 2909 1263 2974 rai
1286 2909 1315 2973 δὲ
1331 2908 1449 2975 ἐλάττω
1473 2915 1532 2974 τῶν

350 3021 452 3085 ἱκανῶν
466 3020 551 3101 ’ἔχειν
581 3020 648 3091 τοὺς
669 3021 837 3100 ἀνθρώπους.
891 3014 956 3081 Est
986 3022 1071 3083 anim
1104 3017 1289 3083 translatio
1323 3036 1439 3081 raram
1463 3038 1531 3081 am-

352 3130 470 3207 nium,
501 3140 615 3214 carpta
647 3128 689 3192 ab
713 3131 812 3193 initia
836 3129 878 3193 ab
902 3149 935 3192 aa
960 3128 1048 3215 qaod
1068 3143 1116 3194 ast
1137 3130 1313 3197 secandum
1337 3142 1533 3212 naturam,

350 3260 425 3303 aram
444 3241 587 3303 homines
603 3243 736 3326 partim
757 3240 918 3305 haberant
931 3240 1040 3327 plara
1060 3262 1160 3327 quam
1182 3242 1384 3329 sufficerant,
1393 3246 1530 3329 partim

352 3354 453 3415 etiam
483 3354 664 3435 pauciora.
725 3351 848 3418 Seneca
872 3356 905 3416 ⁰:
938 3374 1023 3438 quaa
1054 3357 1194 3432 amaris,
1217 3338 1357 3422 raudera
1377 3358 1533 3440 gantiam

343 3462 404 3546 jus
427 3474 484 3525 ast.
527 3461 778 3528 Commercandi
793 3462 898 3549 igitur
918 3464 1052 3531 libertas
1074 3485 1114 3530 ex
1131 3465 1206 3549 jure
1223 3480 1272 3531 est
1283 3464 1439 3548 primario
1453 3486 1536 3551 gen·

353 3570 459 3655 tium,
484 3573 574 3654 quod
598 3576 777 3641 naturalem
807 3590 839 3641 et
858 3590 1048 3659 perpetuam
1079 3597 1208 3645 causam
1241 3578 1361 3661 habet,
1387 3579 1536 3662 ideoque

388 3846 395 3879 ¹
415 3850 495 3898 Arist.
517 3850 549 3897 de
570 3862 633 3897 mor.
651 3852 683 3899 ad
699 3851 802 3899 Nicom.
819 3854 835 3899 l.
855 3864 878 3908 5.
898 3866 923 3899 c.
938 3854 961 3899 8.
979 3850 1018 3915 [p.
1039 3866 1110 3911 113³·
1132 3866 1152 3901 r.
1169 3867 1207 3903 vs.
1224 3867 1265 3901 20.
1285 3852 1355 3917 sqq.]
1374 3864 1400 3901 et
1420 3854 1452 3902 de
1472 3866 1531 3913 rep.

351 3943 370 3989 1.
390 3953 411 3989 r.
425 3954 449 3989 c.
468 3954 492 4002 9.
513 3940 551 4002 [p.
570 3953 640 3998 rasa.
658 3955 679 3990 1.
696 3955 735 3991 va.
753 3942 806 4003 sn]
825 3955 848 3991 c.
866 3940 905 3999 ius
924 3946 1046 3993 naturale.
1074 3944 1162 4007 [Decr.
1181 3946 1250 3993 Grat.
1267 3960 1292 4005 p.
1308 3958 1330 3993 r.
1350 3958 1372 3993 1.
1389 3942 1425 4007 7.]
1448 3944 1537 3994 Arist.

352 4034 376 4081 d.
401 4034 418 4081 l.
433 4045 457 4081 c.
478 4046 502 4095 9.
528 4032 566 4093 [p.
585 4045 752 4091 1257.r.vs.
772 4033 823 4095 ¹4]
859 4030 1029 4085 ¹Castrensis
1049 4049 1082 4084 ex
1099 4036 1170 4097 cyno
1190 4048 1215 4084 et
1234 4035 1290 4085 aliis
1307 4035 1334 4083 in
1349 4036 1373 4084 d.
1388 4037 1406 4083 l.
1422 4048 1454 4084 ex
1474 4038 1528 4085 hoc

352 4122 417 4181 iure.
441 4124 486 4185 [D.
514 4138 535 4173 r.
562 4138 583 4172 r.
607 4123 643 4187 5.]
665 4139 690 4173 n.
711 4138 752 4174 20.
778 4136 802 4172 et
827 4128 871 4173 αθ.
904 4124 1003 4175 ³Plato
1022 4128 1149 4187 sophista.
1168 4126 1209 4191 [p.
1229 4139 1286 4187 aas.
1304 4126 1342 4189 d.]
1379 4127 1483 4176 ⁴Plaro
1502 4130 1536 4177 de

352 4228 407 4276 rep.
430 4217 448 4263 l.
473 4229 496 4263 a.
518 4213 556 4278 [p.
584 4227 640 4273 ³71·
662 4230 685 4264 c.
706 4216 744 4278 d]
767 4215 812 4275 qui
830 4218 903 4265 locus
923 4218 1016 4266 citatur
1037 4219 1063 4267 in
1083 4222 1100 4267 l.
1118 4234 1143 4268 a.
1162 4219 1187 4267 ff.
1206 4222 1237 4268 de
1254 4221 1331 4269 nond.
1350 4217 1396 4282 [D.
1417 4233 1457 4276 50·
1482 4222 1539 4283 11.]

353 4304 459 4355 ‘Arist
485 4308 517 4355 de
532 4320 585 4367 rep.
601 4309 618 4354 l.
641 4321 662 4354 1.
679 4321 702 4359 c.
722 4321 760 4356 rr.
779 4308 817 4369 [p.
835 4312 908 4365 1258.
928 4323 951 4357 a.
967 4323 1005 4360 vs.
1022 4310 1074 4375 aa]
1111 4309 1196 4360 ‘Cio
1214 4312 1245 4360 de
1264 4312 1306 4361 off.
1324 4314 1343 4360 l.
1364 4325 1385 4361 1.
1404 4312 1486 4361 Arist.
1506 4314 1542 4361 de

354 4411 408 4458 rep.
425 4400 442 4445 l.
463 4412 484 4447 1.
502 4412 525 4448 c.
540 4412 564 4460 9.
584 4398 622 4460 [p.
642 4412 715 4458 1257.
738 4414 761 4448 a.
777 4414 816 4449 vs.
837 4415 859 4449 1.
879 4400 947 4463 sqq.]
983 4398 995 4437 ⁷
1011 4404 1029 4450 l.
1050 4416 1072 4451 1.
1092 4405 1114 4461 5.
1132 4402 1203 4452 licet.
1221 4402 1247 4451 ff.
1264 4405 1296 4451 de
1316 4416 1402 4454 exerc.
1422 4404 1541 4454 actione.

357 4488 402 4553 [1).
420 4502 458 4548 ι4.
477 4502 499 4537 ι.
516 4503 538 4538 1.
555 4493 578 4548 ς.
592 4490 646 4554 ao]
672 4489 684 4523 ⁸
700 4490 806 4541 ibidem.
823 4492 861 4553 [p.
881 4504 953 4551 1257.
970 4508 992 4543 1.
1006 4507 1045 4543 vs.
1062 4507 1100 4556 14.
1116 4492 1186 4559 sqq.]
1212 4492 1222 4525 ⁹
1241 4496 1272 4543 de
1291 4495 1377 4545 benef.
1393 4498 1411 4544 1.
1430 4510 1452 4545 r.
1469 4510 1494 4546 c.
1511 4512 1539 4560 9.

508 4588 527 4617 θ
