3450 5434
499 612 554 669 on
577 611 672 688 June
695 615 881 670 errrore.
904 613 985 670 orn.
1010 614 1050 668 tr.
1327 619 1367 684 ις

193 767 402 842 Geometram
444 775 553 860 dixit,
596 789 694 859 quom
726 776 804 859 quia
833 769 888 860 Jus
922 788 955 841 et
985 791 1126 859 aequum
1154 774 1367 859 proportione

192 888 329 971 quadam
358 887 562 954 administrat
583 891 616 966 ¹,
650 903 688 953 ut
721 888 791 972 ipse
818 888 852 954 in
874 887 1001 973 Gorgia
1022 888 1267 971 intorpretatur:
1291 903 1368 980 geo·

191 1013 311 1066 metrae
345 993 430 1066 enlm
462 999 538 1066 finis
566 1013 615 1066 est
647 999 757 1066 omnia
787 1000 828 1066 ad
849 1000 1078 1082 aequalitatem
1101 998 1265 1066 reducere.
1309 1001 1367 1065 Al-

191 1123 258 1176 tera
292 1125 397 1178 autem
431 1111 583 1197 justitia,
618 1127 716 1194 quant
744 1127 832 1178 nunc
865 1111 1153 1195 compensatricem
1180 1113 1286 1193 placet
1318 1111 1368 1176 di-

191 1241 288 1305 cete,
321 1239 388 1289 non
422 1223 457 1288 in
489 1223 721 1290 communibus
748 1222 806 1290 sed
836 1222 870 1287 in
904 1223 1045 1307 propriis
1075 1224 1238 1308 cujusque
1259 1239 1369 1288 versu·

191 1351 269 1416 tur,
304 1334 446 1416 ideoque
477 1348 585 1418 partes
616 1334 657 1400 ad
689 1348 795 1400 totum
827 1353 895 1402 non
926 1334 1045 1416 refert,
1077 1337 1141 1402 hoc
1173 1350 1222 1403 est
1254 1353 1305 1400 res
1337 1346 1370 1400 et

191 1446 337 1512 actiones
365 1446 511 1530 seposito
532 1461 742 1530 personarum
776 1459 929 1530 respectu
959 1443 1133 1513 examinat.
1179 1446 1276 1531 Opus
1297 1447 1369 1531 ejus

191 1557 337 1640 duplex,
369 1551 455 1625 circa
484 1561 607 1626 bonum
632 1557 786 1641 quidem,
811 1572 961 1637 servare3
990 1558 1075 1624 circa
1093 1559 1213 1624 malum
1232 1573 1367 1642 autem,

192 1685 314 1736 sanate.
361 1667 407 1736 Et
433 1674 521 1757 leges
553 1671 655 1756 igitur
681 1671 784 1738 duae:
815 1685 904 1753 uno,
928 1670 1122 1756 Malefarta
1143 1670 1367 1758 corrigenda:
1381 1671 1473 1718 Μ·

190 1783 308 1860 altero,
343 1783 525 1867 benefacta
554 1783 785 1870 repensanda:
831 1783 959 1852 Graece
999 1786 1222 1862 ammonio.
1264 1783 1430 1849 Nom-Les
1446 1785 1487 1833 ΡΙ·

191 1909 257 1976 que
291 1895 369 1960 htec
399 1892 539 1978 portium
571 1896 655 1962 inter
688 1915 723 1962 se
757 1895 873 1963 relatio
906 1896 999 1962 velut
1028 1895 1130 1962 mixta
1153 1909 1203 1961 est
1223 1909 1264 1960 ex
1286 1897 1368 1961 rela-

192 1995 283 2071 tione'
313 2005 496 2090 reciproce,
530 2025 614 2092 quae
645 2009 741 2093 primi
770 2009 897 2076 ordinis
927 2010 1014 2094 leges
1040 2007 1237 2090 constituit,
1263 2021 1298 2073 et
1315 2006 1368 2074 fo—

190 2137 242 2183 ras
270 2118 498 2203 prominente,
534 2135 617 2204 quae
651 2121 805 2188 secundit
841 2122 912 2206 ipso
939 2139 1019 2186 vero
1053 2133 1167 2186 mutua
1193 2133 1226 2186 et
1246 2121 1368 2186 alterno

192 2243 258 2296 est:
291 2231 380 2297 unde
413 2233 558 2298 nascitur
590 2233 695 2316 tatio,
728 2240 762 2304 td
783 2237 1007 2316 unimoda,
1031 2235 1203 2299 restitutio
1223 2232 1368 2298 scholas

191 2341 290 2423 ticis,
319 2355 404 2426 opus
432 2343 579 2428 justitiae
610 2346 886 2430 conpensatricis.
930 2347 992 2412 Pet
1020 2347 1104 2412 huuc
1137 2343 1258 2426 etqui
1292 2346 1367 2427 plus

192 2455 290 2520 habet
309 2455 442 2522 alterins
462 2452 651 2540 benefacto,
685 2457 737 2523 id-
749 2459 855 2542 ipsum
881 2457 1082 2524 benefactori
1105 2456 1214 2523 m1nus
1234 2455 1367 2522 habenti

193 2566 324 2647 reddit,
357 2581 390 2632 et
423 2567 481 2649 qui
504 2568 612 2636 minus
641 2570 740 2637 habet
770 2571 904 2638 alterius
935 2568 1121 2649 malefacto,
1154 2569 1189 2635 id
1220 2569 1368 2652 ipsunt

192 2678 397 2746 malefactore
431 2681 506 2762 pius
539 2679 679 2747 habente
712 2681 840 2765 recipit.
886 2681 984 2748 Unde
1013 2682 1163 2764 sequitur
1194 2680 1369 2765 obligatio-

192 2810 271 2857 num
294 2809 411 2876 geneta
433 2809 503 2859 esse
525 2792 614 2872 duo,
647 2792 854 2878 philosophis
878 2790 890 2826 ¹
910 2795 1032 2862 fudero
1062 2797 1111 2862 eoi
1139 2797 1292 2873 ἀκούσιον,
1315 2811 1370 2860 νο-

192 2902 381 2968 luntariam
415 2916 447 2969 et
478 2923 535 2969 nec
554 2904 812 2987 uoluntariam,
840 2903 1142 2988 jurisprudentibus
1176 2903 1187 2938 ⁸
1222 2923 1264 2967 ex
1295 2922 1370 2967 con·

192 3029 311 3081 tractu
340 3030 372 3080 et
393 3015 523 3082 delicto.
567 3013 707 3082 Utrovis
735 3016 858 3098 modu,
892 3016 950 3098 qui
972 3017 1047 3100 plus
1068 3016 1191 3098 habet,
1216 3014 1369 3098 debitor,

193 3127 403 3209 quinione,
439 3125 579 3194 creditor
604 3127 746 3211 dicitur,
783 3129 1052 3212 tantumdemque
1082 3127 1176 3194 alteri
1199 3139 1369 3210 superest,

193 3253 352 3320 quantum
383 3241 475 3306 alteri
503 3240 595 3306 deest
614 3245 646 3304 ⁴:
681 3240 773 3323 quod
805 3240 832 3306 si
859 3240 907 3306 illi
930 3241 1075 3308 demtum
1106 3239 1185 3306 huie
1216 3238 1370 3321 additur,

194 3369 231 3416 ea
262 3371 339 3417 vera
364 3352 492 3436 justitia
519 3368 580 3419 est.
628 3351 717 3419 Haec
750 3355 897 3437 postulat
923 3372 990 3419 rem
1022 3351 1113 3419 reddi
1135 3367 1201 3418 tam
1224 3350 1259 3418 in
1278 3349 1370 3417 furto

192 3479 291 3544 quam
324 3462 357 3530 in
389 3461 621 3546 commodato,
658 3449 762 3548 utque
793 3483 833 3531 ex
864 3479 953 3531 emto
984 3464 1149 3548 pretium,
1193 3483 1233 3530 ex
1263 3464 1371 3528 locato

193 3575 371 3641 mercedem
406 3577 528 3660 pendi,
563 3577 607 3644 ita
639 3577 792 3644 damnum
825 3577 937 3643 datum
972 3576 1122 3659 exsolvi,
1157 3595 1217 3660 pro
1250 3573 1372 3661 injuria

191 3686 354 3754 satisfieri.
401 3688 455 3754 Fit
476 3704 582 3756 autern
605 3706 877 3773 nonnumquam,
908 3704 947 3755 ut
968 3709 1006 3755 ea
1028 3707 1113 3772 quae
1133 3702 1211 3755 sunt
1230 3687 1371 3772 partium

194 3799 324 3883 propria
356 3800 398 3866 ad
428 3814 558 3880 totum,
593 3817 788 3868 nontamen
813 3816 851 3868 ut
876 3816 1007 3884 totum,
1029 3800 1231 3887 diriganturt
1263 3818 1372 3882 neque

194 3925 263 3976 tum
295 3927 505 3995 personarum
535 3913 672 3995 merita,
707 3913 765 3981 sed
790 3932 897 3981 rerum
918 3928 975 3979 aut
993 3912 1160 3980 actionum
1191 3915 1285 3980 valor
1316 3930 1372 3977 ex·

193 4021 291 4106 pendi
322 4023 432 4090 debet.
478 4024 566 4092 Hinc
591 4025 732 4110 praemia
749 4043 942 4111 poenaeque
960 4026 1175 4096 descendunt.
1222 4023 1310 4090 Nam
1339 4038 1373 4088 et

195 4229 389 4242 ——u——-u-

231 4360 282 4410 ¹v.
303 4362 368 4410 Plut.
383 4323 471 4411 ,cm
497 4361 515 4409 i.
539 4363 562 4408 8.
579 4373 603 4408 c.
621 4373 648 4409 a·
665 4359 715 4425 [p.
733 4373 790 4424 719·
808 4363 833 4411 b.
851 4375 876 4411 et
893 4361 929 4427 α]
965 4359 1070 4412 'Arist
1088 4362 1120 4411 de
1135 4373 1200 4410 mor.
1217 4362 1249 4410 td
1266 4359 1369 4410 Nicotu

193 4451 250 4508 is.
269 4465 292 4502 c.
316 4464 339 4509 s·
366 4452 405 4515 [p.
425 4463 496 4510 1131.
516 4461 538 4500 1.
553 4447 642 4512 vnn]
677 4449 723 4501 ³1.
744 4449 1100 4515 r.ffdeobfie.[1).44.7.
1121 4451 1154 4515 ul
1189 4450 1333 4502 annuet
1354 4455 1371 4500 1.

223 4550 246 4594 s.
265 4537 451 4600 6.etreq.[p.
473 4551 543 4596 1130.
562 4542 776 4604 raso-seqq]
