3450 5434
493 638 539 682 DE
563 632 656 704 JURE
681 636 866 685 Pannona.
893 636 973 682 CAP.
998 636 1062 681 ΧΠ.
1310 641 1372 701 217

199 790 386 875 Occupatio
419 805 526 856 autem
557 792 637 857 haec
671 790 704 857 in
733 791 789 857 his
812 792 933 872 rebus,
958 808 1043 873 quae
1063 792 1263 872 possessioni
1288 794 1374 859 reni-

198 918 340 984 tuntur,
372 916 411 967 ut
441 916 521 969 sunt
550 900 638 969 serae
659 902 806 983 bestiae,
830 918 988 986 perpetua
1010 922 1079 969 esse
1102 902 1221 984 debet,
1246 904 1280 969 in
1302 905 1375 972 aliis

197 1014 319 1080 sufficit
349 1032 484 1095 corpore
504 1027 651 1095 coeptam
678 1013 917 1095 possessionem
942 1012 1050 1079 animo
1073 1013 1219 1080 retineri.
1266 1015 1377 1083 Occu·

197 1126 289 1208 patio
310 1124 343 1189 in
365 1115 545 1189 mobilibus
568 1139 618 1189 est
640 1123 875 1207 apprehensio,
900 1125 933 1189 in
952 1124 1177 1191 immobilibus
1200 1125 1375 1193 instructio

197 1252 256 1302 aut
289 1234 459 1301 limitatio:
494 1235 582 1301 unde
617 1234 903 1319 Hermogenianus
924 1241 935 1281 ¹
960 1256 1033 1305 cum
1055 1236 1199 1301 dominia
1222 1236 1376 1304 distincta

198 1346 302 1427 dicit,
335 1346 426 1411 addit
461 1346 547 1432 agris
569 1346 725 1413 terminos
746 1347 897 1430 positos,
922 1346 1069 1414 aedificia
1091 1350 1263 1414 collocata.
1310 1348 1375 1413 Hic

200 1478 308 1525 rerum
332 1470 439 1523 status
460 1478 479 1523 a
500 1458 608 1541 poetis
630 1457 811 1523 indicatur:

288 1569 317 1635 Τ
317 1592 372 1634 um
393 1569 521 1653 laqueis
543 1583 684 1656 captare
695 1571 799 1655 ferus
822 1584 854 1634 et
871 1569 1001 1653 saliere
1024 1572 1110 1637 risco

288 1682 463 1749 Ietventutn
485 1679 523 1745 ²:

701 1806 771 1857 tum
790 1796 940 1878 primum
964 1791 1093 1857 subiere
1115 1790 1247 1857 domos:

290 1903 560 1988 Cotnmunentque
574 1905 700 1987 prius,
722 1925 781 1969 ceu
804 1903 934 1967 leontina
958 1902 1034 1967 solis
1055 1914 1086 1967 et
1110 1923 1243 1981 aurae,

292 2014 419 2081 Cautus
441 2016 576 2080 numum
600 2015 694 2101 longo
717 2018 867 2101 signarit
891 2014 997 2079 limite
1021 2034 1141 2079 messor
1165 2020 1189 2078 ³.

247 2128 457 2192 Celebratum
488 2140 564 2208 post
596 2126 698 2205 haec,
726 2141 764 2191 ut
794 2125 1077 2209 Hermogeniunus
1112 2124 1259 2207 indicat,
1290 2147 1378 2193 com-

203 2238 386 2317 mercium,
410 2239 507 2322 cujus
530 2236 632 2321 gratia

407 2347 582 2413 Fluctibus
604 2351 727 2433 ignotis
749 2348 957 2417 insultavere
977 2352 1117 2414 carinae
1135 2352 1158 2415 ⁶,

244 2459 371 2527 Eodem
404 2475 513 2526 autem
543 2474 689 2542 ternpore
723 2474 756 2524 et
783 2459 987 2541 respublicae
1022 2458 1151 2525 institui
1176 2475 1378 2543 coeperunt,

204 2586 303 2653 atque
335 2570 381 2635 ita
410 2589 546 2653 eorum,
578 2590 663 2651 quae
685 2570 828 2653 aprima
859 2569 1090 2637 communione
1114 2570 1244 2638 divulsa
1267 2586 1378 2652 erant,

205 2682 272 2747 duo
293 2680 478 2749 factasunt
501 2701 626 2767 genera.
670 2682 749 2747 Alia
770 2681 854 2747 enim
882 2696 959 2747 sunt
982 2680 1139 2763 publica,
1162 2683 1226 2748 hoc
1250 2698 1299 2750 est
1320 2703 1380 2766 po·

205 2793 275 2876 puli
299 2792 430 2876 propria
454 2795 559 2877 (quae
583 2809 633 2859 est
654 2791 795 2877 genuina
819 2791 915 2857 istius
938 2790 1031 2858 vocis
1053 2791 1295 2877 significatio),
1318 2794 1380 2860 alia

205 2923 293 2969 mere
314 2904 466 2988 privata,
490 2906 553 2970 hoc
576 2920 627 2971 est
647 2903 866 2988 singulorum.
913 2900 1098 2983 Occupatio
1119 2919 1226 2969 autem
1246 2905 1380 2986 publica

208 3015 323 3082 eodem
346 3017 445 3081 modo
468 3015 530 3096 fit,
554 3034 623 3097 quo
645 3014 781 3098 privata.
827 3014 1103 3081 Seneca⁸:Fines
1127 3014 1379 3081 Atheniensium

207 3140 270 3192 aut
296 3129 539 3212 Campanorum
569 3147 743 3205 vocamus,
775 3146 853 3211 quos
884 3125 1000 3191 deinde
1020 3130 1112 3191 inter
1132 3147 1164 3191 se
1185 3130 1291 3194 ricini
1303 3131 1379 3213 pri-

205 3252 290 3307 uata
310 3241 549 3304 terminatione
569 3236 797 3324 distinguunt.
843 3237 938 3303 Gens
962 3236 1046 3303 enim
1069 3256 1287 3321 unaquaeque

432 3350 576 3414 Partita
599 3346 682 3431 fines
701 3369 807 3435 regna
830 3351 1028 3428 constituit,
1052 3370 1153 3417 noras

434 3461 627 3525 Exstruait
648 3459 746 3525 urbes
764 3458 790 3524 ⁶.
813 3546 817 3551 ¹

250 3572 325 3637 Hoc
345 3571 444 3639 modo
466 3570 548 3636 dicit
571 3570 689 3635 Cicero
708 3573 720 3612 ⁷
740 3589 854 3654 agrum
878 3570 1071 3653 Arpinatem
1085 3571 1283 3655 Arpinatum
1296 3572 1379 3654 dici,

207 3682 434 3749 Tusculanum
456 3681 745 3748 Tusculanorum:
768 3680 951 3766 similisque
975 3696 1045 3761 est,
1070 3682 1200 3765 inquit,
1219 3687 1381 3768 priuata-

206 3816 283 3859 rum
309 3797 544 3878 possessionum
568 3792 760 3879 descriptio.
808 3791 867 3856 Ex
892 3812 977 3877 quo,
1003 3796 1084 3877 quia
1106 3814 1201 3858 suum
1223 3795 1381 3879 cujusque

200 3902 244 3987 fit
265 3925 401 3986 eorum,
419 3926 505 3989 quae
525 3917 656 3969 natura
672 3904 820 3988 fuerant
840 3908 1050 3983 eommunia,
1076 3903 1164 3988 quod
1184 3909 1303 3989 cuique
1328 3905 1380 3970 ob·

211 4096 406 4105 ἡ*

241 4211 247 4242 ¹
268 4210 526 4269 1.exnocjure.tf.
545 4213 576 4260 de
593 4210 653 4267 just.
671 4224 696 4259 et
714 4209 779 4268 iure.
799 4212 843 4272 [D.
865 4225 886 4260 1.
908 4225 928 4260 1.
948 4212 984 4273 5.]
1020 4209 1031 4243 ²
1049 4211 1118 4272 virg.
1137 4214 1229 4271 Georg.
1249 4212 1266 4258 l.
1289 4224 1309 4259 1.
1330 4209 1381 4274 [vs.

209 4301 334 4365 139.sq.]
370 4303 645 4352 monuerant.
676 4316 696 4351 1.
716 4303 768 4363 [vs.
790 4316 843 4351 121.
862 4314 887 4351 et
906 4316 943 4351 vs.
965 4316 1019 4361 135.
1038 4302 1087 4363 sep]
1122 4302 1229 4350 ⁴0vid.
1248 4300 1323 4365 [ibid.
1343 4317 1381 4351 vs.

209 4392 277 4458 ¹³4¹]
314 4393 374 4442 ‘de
399 4394 484 4442 benef.
509 4396 526 4442 l.
552 4406 575 4451 7.
600 4408 622 4441 c.
647 4407 672 4453 4.
705 4390 828 4443 lseneca
853 4394 969 4443 Octavia.
990 4396 1040 4456 [rs.
1059 4394 1201 4458 419.sq.]-
1222 4391 1299 4443 ⁷off.
1323 4396 1339 4443 l.
1361 4407 1381 4443 1.

209 4486 246 4546 [α
264 4498 287 4541 a·
305 4489 328 4544 t·
348 4483 402 4545 aa]
