3450 5434
340 616 399 676 354
823 619 1034 662 oocunnnrn.

339 802 370 848 et
400 792 516 863 insuper
546 807 607 848 eam
638 790 754 864 publica
785 793 921 849 auctione
953 791 1040 850 vendi
1073 791 1193 862 debere,
1224 807 1258 852 ut
1279 797 1419 868 pecunia,
1441 813 1515 870 quae

340 893 408 952 inde
429 892 544 961 redeat,
565 892 716 950 dividatur
737 911 774 952 ex
796 892 896 952 edicto
919 895 1065 954 Ordinum
1088 895 1312 956 foederatorum.

383 998 531 1056 Sententia
551 995 630 1054 dicta
650 1009 692 1054 est
714 999 745 1054 in
766 999 891 1072 collegio
914 997 1143 1070 Admiralltatis‚
1165 1003 1201 1060 D.
1223 1018 1253 1073 9.
1276 1003 1356 1074 Sept.
1375 1004 1412 1061 Α.
1428 1005 1519 1076 1604.

883 1395 973 1492 IV.

475 1651 552 1707 l’nrts
575 1650 748 1707 Errsronar
771 1649 914 1708 Ertscorr
938 1651 1164 1707 llllnnnccrnsrs
1188 1667 1228 1707 no
1250 1651 1378 1708 Restm.

769 1755 806 1809 A.
832 1754 917 1810 1600.
939 1755 1016 1810 Arte.
1038 1769 1085 1824 30.

384 2147 516 2206 Litterae
544 2149 667 2221 scriptae
692 2147 728 2205 ab
748 2147 913 2206 hominibus
936 2144 1019 2218 fidis,
1040 2163 1114 2220 quae
1134 2145 1170 2204 ad
1191 2163 1243 2206 nos
1265 2150 1391 2220 perlatae
1412 2160 1478 2206 sunt
1499 2165 1516 2204 e

344 2267 435 2324 regno
468 2250 597 2320 sinensi,
627 2250 775 2318 Malacca‚
806 2249 928 2308 Maluco
953 2251 1073 2323 aliisque
1095 2251 1167 2308 locis
1187 2249 1353 2310 meridianis
1373 2247 1516 2327 (scriptae

343 2366 427 2413 erant
455 2369 551 2413 mense
578 2353 691 2412 Mattio
710 2354 779 2410 anni
804 2350 900 2430 1600)
921 2352 1093 2412 confirmant
1114 2371 1192 2413 anno
1212 2356 1362 2428 superiore
1386 2369 1461 2428 1599
1480 2353 1516 2412 ad

345 2469 435 2516 tetras
455 2473 556 2516 versus
579 2455 727 2516 meridiem
749 2457 817 2514 sitas
836 2458 949 2516 venisse
971 2473 1056 2516 naves
1078 2456 1231 2518 duodecim
1253 2475 1290 2518 ex
1312 2457 1468 2518 Hollandia
1489 2471 1519 2518 et

346 2559 517 2634 Zeelandia,
538 2577 659 2634 quatum
681 2558 780 2620 decem
803 2559 931 2618 Sundam
953 2561 1009 2620 iter
1019 2562 1183 2630 verterint,
1204 2560 1277 2620 duae
1288 2577 1387 2620 versus
1399 2578 1517 2636 regnum

346 2665 471 2736 Achini3
502 2665 551 2723 lras
571 2676 667 2722 autem
689 2680 776 2722 naves
798 2665 855 2722 iter
875 2681 913 2721 ex
936 2662 1092 2724 Hollandia
1114 2665 1269 2737 suscepisse
1290 2681 1367 2724 anno
1393 2667 1467 2738 1598
1490 2679 1520 2724 et

345 2769 481 2826 hiemasse
512 2767 543 2825 in
575 2768 668 2826 insula
701 2767 755 2825 Sti.
786 2767 957 2826 Laurentii:
988 2767 1023 2824 ab
1055 2768 1141 2826 initio
1162 2767 1249 2826 fuisse
1270 2785 1357 2826 naves
1379 2768 1521 2836 sedecim,

346 2871 438 2944 copiis
458 2870 631 2929 militaribus
651 2870 726 2929 bene
746 2871 920 2936 instructas,
941 2868 990 2928 sed
1011 2887 1080 2928 mox
1101 2871 1251 2944 naufragio
1273 2873 1397 2930 amisisse
1417 2889 1519 2930 navem

346 2974 536 3049 praetoriam:
557 2984 615 3032 tres
635 2973 704 3032 allas
725 2991 811 3033 naves
833 2976 890 3033 iter
909 2976 1030 3034 vertisse
1050 2973 1086 3034 ad
1107 2976 1250 3034 Gulneam
1271 2976 1310 3032 ob
1326 2987 1521 3049 tempestates.

346 3079 417 3137 Non
445 3077 553 3136 dicitur
583 3095 722 3152 quorsum
751 3089 811 3136 tres
831 3079 898 3136 illae
919 3094 1005 3136 naves
1026 3077 1093 3138 dein
1115 3095 1144 3138 se
1164 3079 1363 3138 contulerint:
1385 3077 1420 3136 ad
1442 3079 1520 3138 hunc

347 3180 423 3240 diem
444 3183 517 3241 nihil
538 3181 575 3240 de
596 3183 653 3240 illis
676 3182 705 3240 ln
727 3182 776 3240 has
792 3197 856 3238 oras
877 3181 1023 3255 pervenit.

387 3288 432 3344 De
463 3287 585 3344 navibus
615 3283 731 3352 decem,
761 3300 836 3358 quae
869 3281 994 3342 Snndam
1026 3297 1241 3357 pervenerunt,
1272 3286 1368 3344 statim
1394 3299 1521 3358 quatuor

347 3389 448 3462 pipere
469 3402 499 3446 et
518 3389 653 3446 aromatis
672 3398 794 3446 onustae
816 3385 932 3445 domum
955 3399 1157 3458 reverterunt,
1177 3403 1273 3446 mense
1295 3388 1431 3460 Januario
1451 3391 1519 3448 anni

351 3505 444 3568 1599,
474 3491 547 3550 nihil
579 3492 647 3548 mall
679 3489 821 3564 indigenis
847 3491 1021 3560 inferentes,
1041 3492 1134 3550 minus
1155 3491 1240 3550 etiam
1261 3493 1427 3563 Lusitania;
1446 3495 1519 3551 nulli

349 3594 475 3669 denique
496 3595 606 3653 nationi
627 3591 784 3667 quidquam
806 3607 942 3654 crearunt
963 3595 1120 3653 molestiae.
1153 3595 1239 3668 Piper
1259 3596 1295 3652 nb
1316 3596 1351 3654 ils
1372 3597 1521 3654 emebatur

350 3699 470 3772 triginta
500 3698 664 3771 regalibus,
693 3698 783 3756 macis
814 3713 886 3756 vero
917 3710 947 3756 et
978 3699 1159 3772 caryophylli
1190 3710 1221 3756 et
1248 3715 1336 3758 nuces
1356 3701 1521 3774 myristicae

349 3803 503 3876 octoginta
532 3804 580 3860 vel
611 3801 769 3874 nonaginta
799 3801 959 3874 regalibus:
992 3817 1027 3858 ne
1049 3799 1141 3860 dicam
1163 3800 1199 3860 de
1219 3802 1282 3860 aliis
1303 3802 1465 3870 mercibus,
1485 3801 1522 3860 de

349 3923 470 3979 quarum
501 3905 597 3978 pretio
627 3905 699 3964 mihi
730 3921 788 3963 non
821 3915 956 3964 constat:
987 3905 1044 3964 hoc
1077 3922 1169 3964 unum
1201 3907 1334 3964 novimus
1355 3923 1404 3964 eos
1424 3907 1522 3965 omnia

349 4011 480 4068 maximis
501 4010 601 4082 pretiis
623 4009 722 4066 emisse
744 4019 773 4065 et
794 4007 919 4069 fideliter
940 4009 1067 4068 solvisse.
1103 4009 1205 4082 ltaque
1226 4009 1343 4082 accepti
1364 4007 1521 4068 admodum

350 4124 379 4172 et
401 4115 476 4186 grati
507 4111 649 4185 indigenis
680 4124 780 4182 erant,
810 4113 948 4186 quoniam
975 4112 1050 4185 justa
1071 4113 1241 4172 commercia
1263 4113 1439 4172 exercebant
1459 4115 1521 4172 slne

349 4218 380 4275 vi
401 4229 490 4290 atque
512 4217 627 4289 injuria.
668 4215 764 4274 Etiam
786 4217 878 4274 varias
893 4216 1123 4274 merceseterrls
1134 4216 1193 4274 suis
1203 4217 1378 4286 attulerant,
1398 4233 1523 4290 quatum

350 4322 524 4390 nonnullas,
554 4335 627 4393 quae
658 4318 801 4393 indigenis
823 4318 887 4376 usui
910 4335 968 4376 esse
989 4329 1141 4391 poterant,
1162 4316 1329 4378 vendidere.
1372 4319 1523 4378 Praeterea

350 4439 495 4483 armorum
526 4440 654 4497 magnam
686 4424 746 4480 vim
773 4423 866 4482 omnis
895 4423 1006 4496 generis
1028 4439 1122 4482 secum
1144 4422 1305 4490 habebant,
1325 4439 1399 4495 quae
1419 4440 1523 4497 magno
