3450 5434
515 651 563 707 us
585 652 680 719 June
706 628 889 711 runrnnn'.
914 652 994 705 cnr.
1018 650 1084 701 vrr.
1340 630 1383 713 69

209 806 297 889 bus,
319 804 354 876 in
376 819 547 890 raptores,
570 806 605 875 in
626 806 808 876 desertores
839 821 873 873 et
892 804 1077 891 transfugas
1097 814 1119 873 ¹.
1162 804 1238 892 Qun
1260 800 1384 872 ratione
1474 854 1476 857 .

208 916 438 987 Tertullianus
470 920 481 957 ¹
513 916 619 989 dixitr
652 918 695 985 In
724 938 795 987 reos
828 918 1016 1003 majestatis
1049 930 1081 983 er
1109 916 1258 1003 publicos
1280 916 1384 981 hostes

209 1032 313 1098 omnis
333 1030 424 1096 aomo
443 1026 537 1095 miles
560 1042 619 1096 est.
663 1028 771 1115 Leges
792 1034 805 1073 ³
827 1027 925 1098 etiam
946 1026 1035 1097 haud
1056 1042 1177 1095 temere
1195 1044 1314 1093 nomen
1335 1024 1386 1088 ul·

211 1138 312 1211 tionis
341 1137 553 1222 exprimunt,
574 1141 648 1226 ejus
674 1157 760 1223 quae
791 1157 946 1209 concessa
969 1152 1028 1207 est
1074 1136 1169 1205 Sicut
1190 1153 1296 1206 autern
1316 1136 1386 1203 bel-

208 1250 279 1319 lum
300 1248 438 1333 aliquod
457 1248 623 1333 privatum
656 1268 697 1319 ex
718 1270 817 1321 causa
833 1250 961 1335 justum
984 1264 1056 1329 est,
1080 1248 1126 1317 ita
1146 1248 1316 1333 publicum
1336 1244 1386 1311 in-

205 1360 333 1445 iustum
354 1360 382 1429 si
408 1379 508 1431 causa
535 1359 623 1431 desit
644 1369 666 1428 ⁸.
712 1360 802 1429 Hinc
824 1360 967 1429 Senecae
988 1358 1001 1394 ⁸
1023 1362 1171 1443 querela:
1195 1356 1386 1427 Homicidia

207 1474 436 1559 compescimus
455 1485 488 1537 et
508 1470 660 1559 singulas
681 1472 818 1541 caedas:
839 1469 925 1557 quid
942 1470 1029 1539 bella
1049 1483 1081 1537 aa
1104 1474 1287 1537 occisarum
1306 1489 1386 1557 grn-

209 1586 295 1650 saum
313 1581 496 1671 gloriosum
519 1580 653 1648 scelus?
675 1582 756 1649 Non
767 1585 948 1664 auaritia,
970 1603 1034 1647 non
1052 1580 1237 1650 crudelitas
1257 1578 1386 1645 modum

210 1696 315 1763 nouis.
359 1692 417 1759 En
428 1692 740 1759 Senatuscansulsir
756 1693 932 1780 plebisque
951 1695 1385 1773 scitissaeuaexerceutur,

208 1818 242 1872 as
256 1804 390 1892 publice
401 1803 570 1889 jubentur
591 1807 700 1875 uetita
721 1807 901 1891 priuatim.
946 1803 1054 1892 Quem
1078 1804 1224 1871 imitatur
1246 1800 1386 1886 Cypria·

210 1934 274 1983 nus
292 1924 322 1981 ⁸:
345 1913 569 1983 Homicidium
591 1935 665 1981 cum
688 1914 877 1986 admittunt
897 1916 1027 2003 singuli
1045 1919 1171 1985 crimen
1192 1928 1260 1983 est:
1274 1916 1386 1982 uirtus

208 2041 352 2095 uocatur
369 2047 444 2094 cum
458 2025 593 2114 publice
608 2028 761 2113 geritur.
806 2026 896 2105 Hinc
918 2026 1019 2097 illud:
1029 2028 1160 2116 Jusqus
1183 2026 1300 2097 darum
1321 2046 1386 2093 sct-

210 2137 276 2205 lari
295 2141 319 2207 ².
364 2136 464 2205 Unde
495 2156 556 2205 rex
578 2138 787 2222 Alexander,
807 2138 835 2205 si
854 2140 962 2223 justas
990 2138 1068 2207 belli
1090 2158 1203 2213 causas
1221 2138 1256 2208 in
1275 2137 1386 2206 Asiam

208 2266 278 2319 non
299 2249 441 2331 habuit,
458 2264 585 2320 rectea
614 2249 718 2334 pirata
741 2264 865 2318 tractus
887 2265 937 2319 est
957 2251 992 2323 in
1014 2248 1159 2321 criminis
1174 2250 1387 2331 societatem,

209 2360 257 2430 its
278 2376 317 2429 ut
336 2359 496 2430 Lucanus
516 2374 673 2433 terrarum
691 2362 913 2446 praedonem,
938 2362 1093 2429 Seneca·
1116 2364 1272 2437 latronem
1294 2361 1385 2429 illum

211 2471 342 2539 dixerit.
386 2471 476 2541 Idem
500 2471 542 2543 de
565 2472 677 2542 Crassi
700 2474 788 2543 bello
811 2475 846 2546 in
870 2476 1007 2543 Parthos
1035 2474 1103 2544 dici
1122 2490 1242 2559 potest.
1287 2473 1387 2556 Spec-

210 2583 328 2651 tandac
354 2582 456 2669 igitur
483 2584 518 2655 in
541 2600 684 2668 utroque
705 2605 845 2671 causae,
870 2606 952 2670 quas
973 2606 1043 2658 esse
1063 2600 1207 2669 quatuor
1228 2584 1383 2653 diximus.

210 2698 302 2769 Nam
332 2698 423 2780 qui·
450 2712 517 2767 tres
546 2712 696 2769 statuunt
721 2698 826 2783 instes
858 2699 1020 2771 bellorum
1051 2717 1189 2780 comas,
1223 2694 1385 2767 defensio·
1396 2711 1466 2815 '1⁴⁶'
1479 2710 1507 2779 a.

210 2828 309 2893 nem,
342 2809 621 2893 recuperationem
658 2823 692 2879 et
723 2808 952 2894 punitionem,
985 2824 1024 2879 ut
1055 2812 1263 2893 loquuntur,
1297 2778 1505 2879 illam‘''“'''

208 2938 279 2993 non
307 2917 531 3003 infrequenter
558 2920 742 3005 omittunt,
766 2940 851 3005 quse
873 2924 982 2989 locum
1000 2920 1121 3004 lrsbet,
1146 2919 1278 3002 quoties
1301 2938 1386 3001 quae

209 3032 427 3103 convenerint
456 3050 524 3103 non
545 3046 762 3117 praestantur.
808 3031 965 3101 Totidem
990 3031 1077 3103 enim
1100 3050 1170 3103 esse
1189 3028 1311 3100 debent
1333 3048 1387 3097 ex·

210 3142 439 3223 seeunonun.
471 3158 557 3227 quot
585 3158 667 3213 sunt
686 3144 856 3213 actionum
879 3162 1021 3230 genera,
1043 3142 1135 3226 quod
1159 3141 1201 3209 ad
1221 3140 1387 3210 materiam

210 3252 351 3337 attinet,
381 3272 466 3337 quae
488 3254 523 3325 in
553 3254 642 3325 bello
662 3267 698 3323 et
718 3254 854 3340 judiciis
876 3254 986 3325 eadem
1008 3269 1058 3323 est
1079 3250 1113 3325 ¹⁰.
1157 3251 1202 3319 Et
1223 3254 1387 3337 exprimo

209 3362 345 3447 quidem
378 3384 495 3452 genere
526 3385 600 3435 raro
621 3364 747 3453 judicis
768 3364 971 3447 redduntur,
992 3365 1071 3449 quia
1092 3382 1215 3437 moram
1237 3365 1332 3434 istam
1352 3384 1388 3433 se

145 3492 155 3510 ‘
210 3475 326 3543 mendi
354 3477 531 3549 necessitas
558 3496 627 3545 non
658 3476 828 3561 permittit
873 3477 1026 3549 mtameu
1052 3475 1226 3546 interdicta
1256 3476 1296 3545 de
1322 3494 1395 3547 non

211 3586 413 3659 offendendo
440 3590 507 3659 huc
540 3588 715 3673 pertinent.
760 3588 913 3661 Secundo
942 3608 982 3657 ex
1011 3608 1129 3675 genere
1160 3602 1239 3658 stmt
1265 3588 1388 3659 inrenr

213 3697 380 3781 actiones,
402 3718 486 3782 quas
505 3698 746 3773 vindicationes
767 3699 927 3771 dicimus:
951 3700 1122 3771 interdicta
1140 3700 1237 3771 etiam
1260 3718 1388 3785 posses-

217 3887 410 3898 ——..—..-·

249 4004 258 4038 ¹
277 4008 295 4054 i.
316 4006 452 4057 Gracchus.
470 4008 500 4055 C.
517 4009 549 4058 de
566 4008 646 4058 adult.
665 4007 709 4070 [C.
720 4020 745 4071 9.
759 4021 785 4073 9.
798 4006 837 4073 4.]
857 4008 888 4055 V.
900 4006 1005 4058 omnino
1020 4010 1096 4073 Vssq.
1113 4008 1238 4058 Controv.
1251 4018 1349 4073 poster.
1371 4008 1389 4055 1.

211 4110 237 4159 4.
259 4111 282 4145 c.
304 4100 328 4146 8.
345 4098 362 4146 Ι.
383 4110 507 4160 raptores.
526 4098 557 4147 C.
573 4100 605 4148 de
621 4098 761 4160 episcopis.
780 4096 824 4162 [c.
844 4112 865 4148 ι.
883 4112 907 4156 ³·
918 4098 970 4162 su]
991 4100 1020 4149 C.
1035 4100 1136 4161 quando
1154 4098 1231 4149 licest
1244 4098 1388 4158 unicuique.
1487 4166 1493 4173 ⁸

211 4199 261 4237 tot.
278 4186 318 4236 tit.
337 4188 383 4252 [C.
398 4201 421 4247 a.
438 4186 491 4253 aa]
520 4186 531 4221 ¹
548 4188 575 4238 in
587 4189 760 4251 apologetico.
795 4187 806 4221 ⁸
823 4191 854 4239 c.
876 4192 900 4239 d.
914 4201 933 4238 t.
947 4192 964 4239 l.
984 4202 1005 4239 r.
1023 4202 1047 4239 et
1066 4192 1083 4239 l.
1099 4192 1229 4240 devotum.
1246 4190 1277 4239 C.
1290 4190 1321 4238 de
1335 4202 1387 4237 me·

210 4277 279 4329 nris.
302 4275 345 4342 [C.
365 4292 405 4329 sa.
420 4278 515 4344 4ο.ς.]
534 4279 546 4312 ⁴
563 4280 626 4330 silv.
644 4280 672 4329 in
690 4294 717 4330 r.
734 4280 842 4331 Bellum.
863 4294 884 4330 ι.
902 4294 927 4329 ιι.
945 4294 970 4345 4
1004 4280 1113 4341 ‘Epire
1129 4280 1171 4345 96.
1204 4278 1313 4341 “Epist
1328 4281 1346 4328 1.
1364 4292 1387 4327 2.

213 4380 238 4417 a.
269 4364 283 4405 ²
299 4368 392 4419 Lucam
411 4367 507 4435 [Purra.
524 4372 542 4419 1.
560 4383 600 4420 ιο.
621 4383 660 4419 vs.
680 4370 733 4433 au]
768 4369 828 4419 ⁸V.
845 4371 1048 4421 sendebenef.
1066 4372 1083 4419 i.
1102 4384 1123 4419 ι.
1141 4384 1165 4419 c.
1185 4382 1223 4429 rs.
1257 4368 1336 4419 'Bru
1358 4372 1389 4420 ad

212 4453 231 4508 l.
247 4472 271 4508 a.
292 4460 323 4508 c.
336 4460 449 4511 deserv.
466 4472 491 4511 et
512 4474 584 4523 equs.
603 4460 647 4523 [c.
665 4473 688 4520 a.
709 4460 761 4525 aa]
785 4474 810 4511 n.
823 4474 866 4523 71.
882 4473 907 4511 et
922 4461 1046 4523 theodori.
1081 4460 1158 4511 wilh.
1176 4462 1256 4513 Math.
1271 4463 1303 4512 de
1321 4458 1388 4512 bello

211 4547 282 4607 iusto
300 4561 325 4599 et
343 4550 427 4601 licito.
463 4549 484 4583 ¹⁰
500 4552 531 4600 v.
546 4551 611 4601 infra
629 4550 655 4600 in
671 4552 762 4601 forma.
