<?xml version="1.0" encoding="UTF-8"?>
<!DOCTYPE html PUBLIC "-//W3C//DTD XHTML 1.0 Transitional//EN"
    "http://www.w3.org/TR/xhtml1/DTD/xhtml1-transitional.dtd">
<html xmlns="http://www.w3.org/1999/xhtml" xml:lang="en" lang="en">
 <head>
  <title>
</title>
<meta http-equiv="Content-Type" content="text/html;charset=utf-8" />
  <meta name='ocr-system' content='tesseract 3.04.00' />
  <meta name='ocr-capabilities' content='ocr_page ocr_carea ocr_par ocr_line ocrx_word'/>
</head>
<body>
  <div class='ocr_page' id='page_1' title='image "./ledroitdeprised02hamagoog_0162.png"; bbox 0 0 3450 5434; ppageno 0'>
   <div class='ocr_carea' id='block_1_1' title="bbox 1004 452 1009 498">
    <p class='ocr_par' dir='ltr' id='par_1_1' title="bbox 1004 452 1009 498">
     <span class='ocr_line' id='line_1_1' title="bbox 1004 452 1009 498; baseline 0 0"><span class='ocrx_word' id='word_1_1' title='bbox 1004 452 1009 498; x_wconf 84' lang='lat' dir='ltr'><em>l</em></span> 
     </span>
    </p>
   </div>
   <div class='ocr_carea' id='block_1_2' title="bbox 350 632 1214 699">
    <p class='ocr_par' dir='ltr' id='par_1_2' title="bbox 350 632 1214 699">
     <span class='ocr_line' id='line_1_2' title="bbox 350 632 1214 699; baseline 0.001 -22"><span class='ocrx_word' id='word_1_2' title='bbox 350 632 411 693; x_wconf 81' lang='lat'><em>140</em></span> <span class='ocrx_word' id='word_1_3' title='bbox 676 632 723 678; x_wconf 87' lang='lat' dir='ltr'><em>DE</em></span> <span class='ocrx_word' id='word_1_4' title='bbox 746 632 839 699; x_wconf 75' lang='lat' dir='ltr'><em>June</em></span> <span class='ocrx_word' id='word_1_5' title='bbox 866 632 1049 679; x_wconf 81' lang='lat' dir='ltr'><em>PRAEDAE.</em></span> <span class='ocrx_word' id='word_1_6' title='bbox 1075 632 1155 679; x_wconf 86' lang='lat' dir='ltr'><em>CAP.</em></span> <span class='ocrx_word' id='word_1_7' title='bbox 1179 634 1214 679; x_wconf 77' lang='lat' dir='ltr'><em>X.</em></span> 
     </span>
    </p>
   </div>
   <div class='ocr_carea' id='block_1_3' title="bbox 341 784 1526 3757">
    <p class='ocr_par' dir='ltr' id='par_1_3' title="bbox 341 784 1526 3757">
     <span class='ocr_line' id='line_1_3' title="bbox 347 784 1526 869; baseline 0.002 -19"><span class='ocrx_word' id='word_1_8' title='bbox 347 798 480 868; x_wconf 87' lang='lat' dir='ltr'><em>apparet</em></span> <span class='ocrx_word' id='word_1_9' title='bbox 504 785 560 868; x_wconf 83' lang='lat' dir='ltr'><em>jus</em></span> <span class='ocrx_word' id='word_1_10' title='bbox 578 784 625 849; x_wconf 91' lang='lat' dir='ltr'><em>ibi</em></span> <span class='ocrx_word' id='word_1_11' title='bbox 646 785 785 851; x_wconf 87' lang='lat' dir='ltr'>describi</span> <span class='ocrx_word' id='word_1_12' title='bbox 815 805 881 852; x_wconf 89' lang='lat' dir='ltr'><em>non</em></span> <span class='ocrx_word' id='word_1_13' title='bbox 908 791 941 856; x_wconf 78' lang='grc' dir='ltr'><em>τὸ</em></span> <span class='ocrx_word' id='word_1_14' title='bbox 969 796 1024 856; x_wconf 80' lang='grc' dir='ltr'><em>τῶν</em></span> <span class='ocrx_word' id='word_1_15' title='bbox 1052 788 1313 869; x_wconf 63' lang='grc' dir='ltr'><em>συναλλαγμάτων</em></span> <span class='ocrx_word' id='word_1_16' title='bbox 1339 786 1526 869; x_wconf 72' lang='grc' dir='ltr'><em>διορθωτικέν,</em></span> 
     </span>
     <span class='ocr_line' id='line_1_4' title="bbox 347 896 1525 983; baseline -0.003 -21"><span class='ocrx_word' id='word_1_17' title='bbox 347 897 411 962; x_wconf 91' lang='lat' dir='ltr'><em>hoc</em></span> <span class='ocrx_word' id='word_1_18' title='bbox 434 910 506 976; x_wconf 90' lang='lat' dir='ltr'><em>est,</em></span> <span class='ocrx_word' id='word_1_19' title='bbox 536 914 598 979; x_wconf 88' lang='lat' dir='ltr'><em>quo</em></span> <span class='ocrx_word' id='word_1_20' title='bbox 620 910 788 983; x_wconf 82' lang='lat' dir='ltr'><em>reguntur</em></span> <span class='ocrx_word' id='word_1_21' title='bbox 818 910 1014 961; x_wconf 86' lang='lat' dir='ltr'><em>contractus</em></span> <span class='ocrx_word' id='word_1_22' title='bbox 1046 896 1257 983; x_wconf 78' lang='lat' dir='ltr'><em>aequalitate</em></span> <span class='ocrx_word' id='word_1_23' title='bbox 1288 917 1327 961; x_wconf 94' lang='lat' dir='ltr'><em>ea</em></span> <span class='ocrx_word' id='word_1_24' title='bbox 1359 916 1446 980; x_wconf 88' lang='lat' dir='ltr'><em>quoe</em></span> <span class='ocrx_word' id='word_1_25' title='bbox 1477 907 1525 959; x_wconf 89' lang='lat' dir='ltr'><em>est</em></span> 
     </span>
     <span class='ocr_line' id='line_1_5' title="bbox 347 1005 1526 1092; baseline -0.003 -20"><span class='ocrx_word' id='word_1_26' title='bbox 347 1005 523 1072; x_wconf 83' lang='lat' dir='ltr'><em>secundun</em></span> <span class='ocrx_word' id='word_1_27' title='bbox 540 1010 790 1091; x_wconf 77' lang='lat' dir='ltr'><em>quantitatem,</em></span> <span class='ocrx_word' id='word_1_28' title='bbox 814 1008 873 1073; x_wconf 87' lang='lat' dir='ltr'><em>sed</em></span> <span class='ocrx_word' id='word_1_29' title='bbox 886 1013 920 1076; x_wconf 79' lang='grc' dir='ltr'><em>τὸ</em></span> <span class='ocrx_word' id='word_1_30' title='bbox 936 1011 1132 1091; x_wconf 73' lang='lat' dir='ltr'><em>isaoeuarsuo&#39;o</em></span> <span class='ocrx_word' id='word_1_31' title='bbox 1143 1009 1172 1087; x_wconf 84' lang='lat'><em>¹,</em></span> <span class='ocrx_word' id='word_1_32' title='bbox 1196 1028 1260 1092; x_wconf 88' lang='lat' dir='ltr'><em>quo</em></span> <span class='ocrx_word' id='word_1_33' title='bbox 1272 1006 1526 1071; x_wconf 79' lang='lat' dir='ltr'><em>distributiones</em></span> 
     </span>
     <span class='ocr_line' id='line_1_6' title="bbox 341 1114 1524 1204; baseline -0.001 -24"><span class='ocrx_word' id='word_1_34' title='bbox 341 1114 432 1199; x_wconf 83' lang='lat' dir='ltr'><em>fiunt</em></span> <span class='ocrx_word' id='word_1_35' title='bbox 453 1138 516 1180; x_wconf 94' lang='lat' dir='ltr'><em>non</em></span> <span class='ocrx_word' id='word_1_36' title='bbox 535 1116 710 1182; x_wconf 87' lang='lat' dir='ltr'><em>secundum</em></span> <span class='ocrx_word' id='word_1_37' title='bbox 721 1122 972 1204; x_wconf 86' lang='lat' dir='ltr'><em>quantitatem,</em></span> <span class='ocrx_word' id='word_1_38' title='bbox 996 1118 1052 1183; x_wconf 84' lang='lat' dir='ltr'><em>sed</em></span> <span class='ocrx_word' id='word_1_39' title='bbox 1061 1117 1236 1183; x_wconf 87' lang='lat' dir='ltr'><em>secundum</em></span> <span class='ocrx_word' id='word_1_40' title='bbox 1255 1120 1524 1203; x_wconf 84' lang='lat' dir='ltr'><em>proportionem,</em></span> 
     </span>
     <span class='ocr_line' id='line_1_7' title="bbox 346 1210 1525 1312; baseline -0.002 -21"><span class='ocrx_word' id='word_1_41' title='bbox 346 1227 417 1293; x_wconf 87' lang='lat' dir='ltr'><em>sive</em></span> <span class='ocrx_word' id='word_1_42' title='bbox 435 1226 644 1293; x_wconf 87' lang='lat' dir='ltr'><em>Geometrica</em></span> <span class='ocrx_word' id='word_1_43' title='bbox 663 1229 857 1311; x_wconf 84' lang='lat' dir='ltr'><em>aequalitate</em></span> <span class='ocrx_word' id='word_1_44' title='bbox 876 1223 904 1292; x_wconf 81' lang='lat'><em>²:</em></span> <span class='ocrx_word' id='word_1_45' title='bbox 930 1247 1070 1310; x_wconf 87' lang='lat' dir='ltr'><em>quorum</em></span> <span class='ocrx_word' id='word_1_46' title='bbox 1089 1248 1150 1294; x_wconf 88' lang='lat' dir='ltr'><em>nos</em></span> <span class='ocrx_word' id='word_1_47' title='bbox 1170 1226 1181 1261; x_wconf 84' lang='lat'><strong>³</strong></span> <span class='ocrx_word' id='word_1_48' title='bbox 1201 1228 1264 1293; x_wconf 88' lang='lat' dir='ltr'><em>hoc</em></span> <span class='ocrx_word' id='word_1_49' title='bbox 1282 1210 1525 1312; x_wconf 77' lang='lat' dir='ltr'><em>assignitricis,</em></span> 
     </span>
     <span class='ocr_line' id='line_1_8' title="bbox 347 1338 1524 1432; baseline 0 -31"><span class='ocrx_word' id='word_1_50' title='bbox 347 1338 430 1403; x_wconf 87' lang='lat' dir='ltr'><em>illud</em></span> <span class='ocrx_word' id='word_1_51' title='bbox 453 1338 719 1432; x_wconf 85' lang='lat' dir='ltr'><em>compensatricis</em></span> <span class='ocrx_word' id='word_1_52' title='bbox 746 1340 893 1423; x_wconf 88' lang='lat' dir='ltr'><em>justitiae</em></span> <span class='ocrx_word' id='word_1_53' title='bbox 917 1358 1000 1423; x_wconf 89' lang='lat' dir='ltr'><em>opus</em></span> <span class='ocrx_word' id='word_1_54' title='bbox 1023 1339 1270 1422; x_wconf 82' lang='lat' dir='ltr'><em>appellavimus.</em></span> <span class='ocrx_word' id='word_1_55' title='bbox 1317 1338 1392 1402; x_wconf 92' lang='lat' dir='ltr'><em>Hoc</em></span> <span class='ocrx_word' id='word_1_56' title='bbox 1416 1351 1524 1403; x_wconf 89' lang='lat' dir='ltr'><em>autem</em></span> 
     </span>
     <span class='ocr_line' id='line_1_9' title="bbox 344 1447 1524 1533; baseline 0 -20"><span class='ocrx_word' id='word_1_57' title='bbox 344 1451 399 1533; x_wconf 88' lang='lat' dir='ltr'><em>jus</em></span> <span class='ocrx_word' id='word_1_58' title='bbox 422 1447 691 1531; x_wconf 89' lang='lat' dir='ltr'><em>distributivum,</em></span> <span class='ocrx_word' id='word_1_59' title='bbox 710 1465 748 1516; x_wconf 91' lang='lat' dir='ltr'><em>ut</em></span> <span class='ocrx_word' id='word_1_60' title='bbox 769 1466 910 1530; x_wconf 88' lang='lat' dir='ltr'><em>vocant,</em></span> <span class='ocrx_word' id='word_1_61' title='bbox 941 1451 1050 1516; x_wconf 85' lang='lat' dir='ltr'><em>locum</em></span> <span class='ocrx_word' id='word_1_62' title='bbox 1074 1470 1139 1516; x_wconf 91' lang='lat' dir='ltr'><em>non</em></span> <span class='ocrx_word' id='word_1_63' title='bbox 1164 1451 1262 1517; x_wconf 89' lang='lat' dir='ltr'><em>habet</em></span> <span class='ocrx_word' id='word_1_64' title='bbox 1283 1449 1369 1515; x_wconf 90' lang='lat' dir='ltr'><em>inter</em></span> <span class='ocrx_word' id='word_1_65' title='bbox 1391 1463 1524 1531; x_wconf 88' lang='lat' dir='ltr'><em>partes,</em></span> 
     </span>
     <span class='ocr_line' id='line_1_10' title="bbox 345 1558 1524 1644; baseline 0 -21"><span class='ocrx_word' id='word_1_66' title='bbox 345 1577 406 1624; x_wconf 88' lang='lat' dir='ltr'><em>nec</em></span> <span class='ocrx_word' id='word_1_67' title='bbox 438 1579 456 1622; x_wconf 86' lang='lat' dir='ltr'><em>a</em></span> <span class='ocrx_word' id='word_1_68' title='bbox 481 1558 631 1642; x_wconf 87' lang='lat' dir='ltr'><em>partibus</em></span> <span class='ocrx_word' id='word_1_69' title='bbox 662 1561 702 1626; x_wconf 90' lang='lat' dir='ltr'><em>ad</em></span> <span class='ocrx_word' id='word_1_70' title='bbox 735 1576 868 1641; x_wconf 91' lang='lat' dir='ltr'><em>totum,</em></span> <span class='ocrx_word' id='word_1_71' title='bbox 901 1560 959 1628; x_wconf 89' lang='lat' dir='ltr'><em>sed</em></span> <span class='ocrx_word' id='word_1_72' title='bbox 981 1581 999 1626; x_wconf 96' lang='lat' dir='ltr'><em>a</em></span> <span class='ocrx_word' id='word_1_73' title='bbox 1021 1576 1093 1627; x_wconf 91' lang='lat' dir='ltr'><em>toto</em></span> <span class='ocrx_word' id='word_1_74' title='bbox 1128 1561 1170 1626; x_wconf 89' lang='lat' dir='ltr'><em>ad</em></span> <span class='ocrx_word' id='word_1_75' title='bbox 1202 1576 1329 1644; x_wconf 89' lang='lat' dir='ltr'><em>partes,</em></span> <span class='ocrx_word' id='word_1_76' title='bbox 1365 1558 1524 1643; x_wconf 87' lang='lat' dir='ltr'><em>dignitate</em></span> 
     </span>
     <span class='ocr_line' id='line_1_11' title="bbox 347 1668 1524 1759; baseline 0 -26"><span class='ocrx_word' id='word_1_77' title='bbox 347 1670 472 1735; x_wconf 87' lang='lat' dir='ltr'><em>scilicet</em></span> <span class='ocrx_word' id='word_1_78' title='bbox 495 1684 528 1735; x_wconf 91' lang='lat' dir='ltr'><em>et</em></span> <span class='ocrx_word' id='word_1_79' title='bbox 547 1670 706 1738; x_wconf 81' lang='lat' dir='ltr'><em>relatione</em></span> <span class='ocrx_word' id='word_1_80' title='bbox 725 1673 766 1737; x_wconf 88' lang='lat' dir='ltr'><em>ad</em></span> <span class='ocrx_word' id='word_1_81' title='bbox 783 1686 890 1737; x_wconf 91' lang='lat' dir='ltr'><em>totum</em></span> <span class='ocrx_word' id='word_1_82' title='bbox 910 1670 1098 1738; x_wconf 87' lang='lat' dir='ltr'><em>differentes</em></span> <span class='ocrx_word' id='word_1_83' title='bbox 1116 1669 1138 1737; x_wconf 71' lang='lat'><em>⁴.</em></span> <span class='ocrx_word' id='word_1_84' title='bbox 1185 1672 1295 1759; x_wconf 90' lang='lat' dir='ltr'><em>Quare</em></span> <span class='ocrx_word' id='word_1_85' title='bbox 1318 1692 1377 1736; x_wconf 90' lang='lat' dir='ltr'><em>nec</em></span> <span class='ocrx_word' id='word_1_86' title='bbox 1398 1671 1431 1736; x_wconf 88' lang='lat' dir='ltr'><em>in</em></span> <span class='ocrx_word' id='word_1_87' title='bbox 1451 1668 1524 1734; x_wconf 91' lang='lat' dir='ltr'><em>aliis</em></span> 
     </span>
     <span class='ocr_line' id='line_1_12' title="bbox 346 1780 1521 1865; baseline -0.001 -20"><span class='ocrx_word' id='word_1_88' title='bbox 346 1782 445 1846; x_wconf 87' lang='lat' dir='ltr'><em>rebus</em></span> <span class='ocrx_word' id='word_1_89' title='bbox 478 1797 652 1863; x_wconf 87' lang='lat' dir='ltr'><em>versatur,</em></span> <span class='ocrx_word' id='word_1_90' title='bbox 688 1803 785 1864; x_wconf 91' lang='lat' dir='ltr'><em>quam</em></span> <span class='ocrx_word' id='word_1_91' title='bbox 819 1803 902 1865; x_wconf 91' lang='lat' dir='ltr'><em>quae</em></span> <span class='ocrx_word' id='word_1_92' title='bbox 937 1802 1124 1849; x_wconf 89' lang='lat' dir='ltr'><em>communes</em></span> <span class='ocrx_word' id='word_1_93' title='bbox 1158 1798 1235 1849; x_wconf 88' lang='lat' dir='ltr'><em>sunt</em></span> <span class='ocrx_word' id='word_1_94' title='bbox 1268 1802 1327 1848; x_wconf 92' lang='lat' dir='ltr'><em>seu</em></span> <span class='ocrx_word' id='word_1_95' title='bbox 1360 1780 1521 1865; x_wconf 89' lang='lat' dir='ltr'><em>publicae.</em></span> 
     </span>
     <span class='ocr_line' id='line_1_13' title="bbox 346 1890 1523 1976; baseline 0.001 -20"><span class='ocrx_word' id='word_1_96' title='bbox 346 1890 445 1956; x_wconf 88' lang='lat' dir='ltr'><em>Unde</em></span> <span class='ocrx_word' id='word_1_97' title='bbox 477 1892 672 1976; x_wconf 82' lang='lat' dir='ltr'><em>intelligitur</em></span> <span class='ocrx_word' id='word_1_98' title='bbox 702 1892 736 1957; x_wconf 90' lang='lat' dir='ltr'><em>in</em></span> <span class='ocrx_word' id='word_1_99' title='bbox 765 1893 852 1958; x_wconf 89' lang='lat' dir='ltr'><em>bello</em></span> <span class='ocrx_word' id='word_1_100' title='bbox 886 1894 1020 1976; x_wconf 90' lang='lat' dir='ltr'><em>publico</em></span> <span class='ocrx_word' id='word_1_101' title='bbox 1049 1894 1200 1976; x_wconf 87' lang='lat' dir='ltr'><em>praedam</em></span> <span class='ocrx_word' id='word_1_102' title='bbox 1232 1893 1423 1959; x_wconf 84' lang='lat' dir='ltr'><em>naturaliter</em></span> <span class='ocrx_word' id='word_1_103' title='bbox 1452 1909 1523 1957; x_wconf 88' lang='lat' dir='ltr'><em>esse</em></span> 
     </span>
     <span class='ocr_line' id='line_1_14' title="bbox 347 2000 1522 2082; baseline 0 -17"><span class='ocrx_word' id='word_1_104' title='bbox 347 2000 510 2082; x_wconf 85' lang='lat' dir='ltr'><em>publicam</em></span> <span class='ocrx_word' id='word_1_105' title='bbox 534 2016 609 2067; x_wconf 88' lang='lat' dir='ltr'><em>ante</em></span> <span class='ocrx_word' id='word_1_106' title='bbox 628 2002 903 2071; x_wconf 85' lang='lat' dir='ltr'><em>distributionem.</em></span> <span class='ocrx_word' id='word_1_107' title='bbox 947 2004 1020 2069; x_wconf 91' lang='lat' dir='ltr'><em>Nec</em></span> <span class='ocrx_word' id='word_1_108' title='bbox 1044 2004 1105 2069; x_wconf 90' lang='lat' dir='ltr'><em>alia</em></span> <span class='ocrx_word' id='word_1_109' title='bbox 1138 2003 1205 2069; x_wconf 89' lang='lat' dir='ltr'><em>fuit</em></span> <span class='ocrx_word' id='word_1_110' title='bbox 1227 2004 1395 2070; x_wconf 89' lang='lat' dir='ltr'><em>Ambrosii</em></span> <span class='ocrx_word' id='word_1_111' title='bbox 1417 2010 1428 2045; x_wconf 82' lang='lat'>¹</span> <span class='ocrx_word' id='word_1_112' title='bbox 1450 2022 1522 2069; x_wconf 91' lang='lat' dir='ltr'><em>sen-</em></span> 
     </span>
     <span class='ocr_line' id='line_1_15' title="bbox 347 2110 1523 2202; baseline 0.002 -27"><span class='ocrx_word' id='word_1_113' title='bbox 347 2111 449 2176; x_wconf 87' lang='lat' dir='ltr'><em>tentia</em></span> <span class='ocrx_word' id='word_1_114' title='bbox 476 2110 616 2177; x_wconf 90' lang='lat' dir='ltr'><em>dicentis</em></span> <span class='ocrx_word' id='word_1_115' title='bbox 644 2134 684 2177; x_wconf 85' lang='lat' dir='ltr'><em>ex</em></span> <span class='ocrx_word' id='word_1_116' title='bbox 712 2112 884 2196; x_wconf 86' lang='lat' dir='ltr'><em>disciplina</em></span> <span class='ocrx_word' id='word_1_117' title='bbox 911 2114 1042 2180; x_wconf 84' lang='lat' dir='ltr'><em>militari</em></span> <span class='ocrx_word' id='word_1_118' title='bbox 1072 2134 1165 2195; x_wconf 86' lang='lat' dir='ltr'><em>esse,</em></span> <span class='ocrx_word' id='word_1_119' title='bbox 1186 2129 1224 2179; x_wconf 92' lang='lat' dir='ltr'><em>ut</em></span> <span class='ocrx_word' id='word_1_120' title='bbox 1251 2119 1325 2202; x_wconf 85' lang='lat' dir='ltr'><em>regi</em></span> <span class='ocrx_word' id='word_1_121' title='bbox 1346 2127 1523 2182; x_wconf 82' lang='lat' dir='ltr'><em>seruentur</em></span> 
     </span>
     <span class='ocr_line' id='line_1_16' title="bbox 349 2222 1525 2311; baseline 0.005 -27"><span class='ocrx_word' id='word_1_122' title='bbox 349 2226 469 2286; x_wconf 88' lang='lat' dir='ltr'><em>omnia.</em></span> <span class='ocrx_word' id='word_1_123' title='bbox 514 2222 639 2306; x_wconf 87' lang='lat' dir='ltr'><em>Regem</em></span> <span class='ocrx_word' id='word_1_124' title='bbox 662 2224 746 2289; x_wconf 89' lang='lat' dir='ltr'><em>enim</em></span> <span class='ocrx_word' id='word_1_125' title='bbox 765 2244 840 2290; x_wconf 91' lang='lat' dir='ltr'><em>cum</em></span> <span class='ocrx_word' id='word_1_126' title='bbox 859 2224 941 2290; x_wconf 91' lang='lat' dir='ltr'><em>dicit</em></span> <span class='ocrx_word' id='word_1_127' title='bbox 960 2247 1033 2292; x_wconf 86' lang='lat' dir='ltr'><em>eum</em></span> <span class='ocrx_word' id='word_1_128' title='bbox 1056 2226 1230 2311; x_wconf 89' lang='lat' dir='ltr'><em>intelligit,</em></span> <span class='ocrx_word' id='word_1_129' title='bbox 1255 2225 1313 2309; x_wconf 92' lang='lat' dir='ltr'><em>qui</em></span> <span class='ocrx_word' id='word_1_130' title='bbox 1331 2226 1422 2291; x_wconf 88' lang='lat' dir='ltr'><em>vices</em></span> <span class='ocrx_word' id='word_1_131' title='bbox 1440 2224 1525 2311; x_wconf 87' lang='lat' dir='ltr'><em>gerit</em></span> 
     </span>
     <span class='ocr_line' id='line_1_17' title="bbox 348 2331 1523 2420; baseline 0.003 -24"><span class='ocrx_word' id='word_1_132' title='bbox 348 2331 558 2414; x_wconf 90' lang='lat' dir='ltr'><em>reipublicae.</em></span> <span class='ocrx_word' id='word_1_133' title='bbox 606 2332 713 2402; x_wconf 90' lang='lat' dir='ltr'><em>Addit</em></span> <span class='ocrx_word' id='word_1_134' title='bbox 744 2349 852 2401; x_wconf 88' lang='lat' dir='ltr'><em>autem</em></span> <span class='ocrx_word' id='word_1_135' title='bbox 882 2337 1008 2419; x_wconf 85' lang='lat' dir='ltr'><em>justum</em></span> <span class='ocrx_word' id='word_1_136' title='bbox 1033 2357 1125 2417; x_wconf 88' lang='lat' dir='ltr'><em>esse,</em></span> <span class='ocrx_word' id='word_1_137' title='bbox 1149 2337 1262 2403; x_wconf 90' lang='lat' dir='ltr'><em>uthis</em></span> <span class='ocrx_word' id='word_1_138' title='bbox 1286 2337 1344 2419; x_wconf 90' lang='lat' dir='ltr'><em>qui</em></span> <span class='ocrx_word' id='word_1_139' title='bbox 1375 2336 1409 2401; x_wconf 89' lang='lat' dir='ltr'><em>iu</em></span> <span class='ocrx_word' id='word_1_140' title='bbox 1430 2335 1523 2420; x_wconf 85' lang='lat' dir='ltr'><em>adju·</em></span> 
     </span>
     <span class='ocr_line' id='line_1_18' title="bbox 347 2444 1523 2529; baseline 0.005 -24"><span class='ocrx_word' id='word_1_141' title='bbox 347 2456 492 2508; x_wconf 88' lang='lat' dir='ltr'><em>mentum</em></span> <span class='ocrx_word' id='word_1_142' title='bbox 510 2444 676 2511; x_wconf 85' lang='lat' dir='ltr'><em>societatis</em></span> <span class='ocrx_word' id='word_1_143' title='bbox 692 2444 828 2511; x_wconf 89' lang='lat' dir='ltr'><em>fuerunt</em></span> <span class='ocrx_word' id='word_1_144' title='bbox 843 2466 916 2529; x_wconf 85' lang='lat' dir='ltr'><em>pars</em></span> <span class='ocrx_word' id='word_1_145' title='bbox 930 2447 1139 2513; x_wconf 89' lang='lat' dir='ltr'><em>emolumenti</em></span> <span class='ocrx_word' id='word_1_146' title='bbox 1151 2446 1334 2527; x_wconf 83' lang='lat' dir='ltr'><em>tribuatur,</em></span> <span class='ocrx_word' id='word_1_147' title='bbox 1354 2461 1392 2512; x_wconf 92' lang='lat' dir='ltr'><em>ut</em></span> <span class='ocrx_word' id='word_1_148' title='bbox 1401 2466 1523 2512; x_wconf 89' lang='lat' dir='ltr'><em>merces</em></span> 
     </span>
     <span class='ocr_line' id='line_1_19' title="bbox 348 2552 1523 2641; baseline 0.006 -25"><span class='ocrx_word' id='word_1_149' title='bbox 348 2552 479 2618; x_wconf 87' lang='lat' dir='ltr'><em>laboris.</em></span> <span class='ocrx_word' id='word_1_150' title='bbox 499 2553 572 2637; x_wconf 89' lang='lat' dir='ltr'><em>Jam</em></span> <span class='ocrx_word' id='word_1_151' title='bbox 591 2574 671 2621; x_wconf 90' lang='lat' dir='ltr'><em>vero</em></span> <span class='ocrx_word' id='word_1_152' title='bbox 691 2576 813 2623; x_wconf 88' lang='lat' dir='ltr'><em>merces</em></span> <span class='ocrx_word' id='word_1_153' title='bbox 832 2556 976 2623; x_wconf 90' lang='lat' dir='ltr'><em>nondum</em></span> <span class='ocrx_word' id='word_1_154' title='bbox 996 2572 1105 2623; x_wconf 90' lang='lat' dir='ltr'><em>nostra</em></span> <span class='ocrx_word' id='word_1_155' title='bbox 1125 2574 1191 2641; x_wconf 90' lang='lat' dir='ltr'><em>est,</em></span> <span class='ocrx_word' id='word_1_156' title='bbox 1205 2558 1261 2624; x_wconf 89' lang='lat' dir='ltr'><em>sed</em></span> <span class='ocrx_word' id='word_1_157' title='bbox 1280 2558 1376 2625; x_wconf 89' lang='lat' dir='ltr'><em>nobis</em></span> <span class='ocrx_word' id='word_1_158' title='bbox 1387 2559 1523 2623; x_wconf 88' lang='lat' dir='ltr'><em>debetur</em></span> 
     </span>
     <span class='ocr_line' id='line_1_20' title="bbox 348 2664 1522 2753; baseline 0.004 -26"><span class='ocrx_word' id='word_1_159' title='bbox 348 2679 380 2728; x_wconf 88' lang='lat' dir='ltr'><em>et</em></span> <span class='ocrx_word' id='word_1_160' title='bbox 403 2664 625 2748; x_wconf 86' lang='lat' dir='ltr'><em>undecunque</em></span> <span class='ocrx_word' id='word_1_161' title='bbox 647 2666 732 2733; x_wconf 90' lang='lat' dir='ltr'><em>solvi</em></span> <span class='ocrx_word' id='word_1_162' title='bbox 754 2682 875 2751; x_wconf 91' lang='lat' dir='ltr'><em>potest.</em></span> <span class='ocrx_word' id='word_1_163' title='bbox 922 2668 1049 2733; x_wconf 89' lang='lat' dir='ltr'><em>Indicat</em></span> <span class='ocrx_word' id='word_1_164' title='bbox 1071 2670 1135 2734; x_wconf 82' lang='lat' dir='ltr'><em>hoc</em></span> <span class='ocrx_word' id='word_1_165' title='bbox 1159 2669 1270 2753; x_wconf 90' lang='lat' dir='ltr'><em>Scipio</em></span> <span class='ocrx_word' id='word_1_166' title='bbox 1288 2672 1300 2708; x_wconf 78' lang='lat'>⁸</span> <span class='ocrx_word' id='word_1_167' title='bbox 1321 2670 1352 2733; x_wconf 92' lang='lat' dir='ltr'><em>in</em></span> <span class='ocrx_word' id='word_1_168' title='bbox 1375 2671 1522 2735; x_wconf 88' lang='lat' dir='ltr'><em>oratione</em></span> 
     </span>
     <span class='ocr_line' id='line_1_21' title="bbox 346 2774 1523 2865; baseline 0.005 -26"><span class='ocrx_word' id='word_1_169' title='bbox 346 2774 388 2840; x_wconf 92' lang='lat' dir='ltr'><em>ad</em></span> <span class='ocrx_word' id='word_1_170' title='bbox 410 2776 535 2841; x_wconf 89' lang='lat' dir='ltr'><em>socium</em></span> <span class='ocrx_word' id='word_1_171' title='bbox 548 2777 782 2845; x_wconf 82' lang='lat' dir='ltr'><em>Masonissam:</em></span> <span class='ocrx_word' id='word_1_172' title='bbox 802 2780 939 2864; x_wconf 78' lang='lat' dir='ltr'><em>Syphax</em></span> <span class='ocrx_word' id='word_1_173' title='bbox 958 2779 1075 2865; x_wconf 87' lang='lat' dir='ltr'><em>populi</em></span> <span class='ocrx_word' id='word_1_174' title='bbox 1087 2779 1233 2845; x_wconf 85' lang='lat' dir='ltr'><em>Romani</em></span> <span class='ocrx_word' id='word_1_175' title='bbox 1244 2784 1403 2865; x_wconf 85' lang='lat' dir='ltr'><em>auspiciis</em></span> <span class='ocrx_word' id='word_1_176' title='bbox 1414 2784 1523 2849; x_wconf 79' lang='lat' dir='ltr'><em>rietus</em></span> 
     </span>
     <span class='ocr_line' id='line_1_22' title="bbox 346 2890 1522 2978; baseline 0.009 -31"><span class='ocrx_word' id='word_1_177' title='bbox 346 2898 529 2970; x_wconf 85' lang='lat' dir='ltr'><em>captusque</em></span> <span class='ocrx_word' id='word_1_178' title='bbox 548 2900 618 2952; x_wconf 88' lang='lat' dir='ltr'><em>est:</em></span> <span class='ocrx_word' id='word_1_179' title='bbox 642 2892 759 2974; x_wconf 86' lang='lat' dir='ltr'><em>itaque</em></span> <span class='ocrx_word' id='word_1_180' title='bbox 779 2894 869 2974; x_wconf 88' lang='lat' dir='ltr'><em>ipse,</em></span> <span class='ocrx_word' id='word_1_181' title='bbox 893 2891 1062 2975; x_wconf 76' lang='lat' dir='ltr'><em>conjunx,</em></span> <span class='ocrx_word' id='word_1_182' title='bbox 1085 2912 1244 2978; x_wconf 86' lang='lat' dir='ltr'><em>regnum,</em></span> <span class='ocrx_word' id='word_1_183' title='bbox 1258 2912 1365 2978; x_wconf 84' lang='lat' dir='ltr'><em>ager,</em></span> <span class='ocrx_word' id='word_1_184' title='bbox 1384 2890 1522 2978; x_wconf 84' lang='lat' dir='ltr'><em>oppida,</em></span> 
     </span>
     <span class='ocr_line' id='line_1_23' title="bbox 347 2996 1522 3091; baseline 0.011 -33"><span class='ocrx_word' id='word_1_185' title='bbox 347 2996 489 3059; x_wconf 84' lang='lat' dir='ltr'><em>homines</em></span> <span class='ocrx_word' id='word_1_186' title='bbox 506 3001 564 3080; x_wconf 87' lang='lat' dir='ltr'><em>qui</em></span> <span class='ocrx_word' id='word_1_187' title='bbox 578 3002 759 3077; x_wconf 81' lang='lat' dir='ltr'><em>exsistunt,</em></span> <span class='ocrx_word' id='word_1_188' title='bbox 773 3000 944 3085; x_wconf 73' lang='lat' dir='ltr'><em>quidquid</em></span> <span class='ocrx_word' id='word_1_189' title='bbox 957 3000 1096 3087; x_wconf 86' lang='lat' dir='ltr'><em>denique</em></span> <span class='ocrx_word' id='word_1_190' title='bbox 1113 3002 1272 3089; x_wconf 86' lang='lat' dir='ltr'><em>Syphacis</em></span> <span class='ocrx_word' id='word_1_191' title='bbox 1282 3004 1381 3088; x_wconf 86' lang='lat' dir='ltr'><em>fuit,</em></span> <span class='ocrx_word' id='word_1_192' title='bbox 1388 3006 1522 3091; x_wconf 84' lang='lat' dir='ltr'><em>praeda</em></span> 
     </span>
     <span class='ocr_line' id='line_1_24' title="bbox 341 3104 1522 3197; baseline 0.014 -31"><span class='ocrx_word' id='word_1_193' title='bbox 341 3104 459 3190; x_wconf 88' lang='lat' dir='ltr'><em>populi</em></span> <span class='ocrx_word' id='word_1_194' title='bbox 481 3104 628 3171; x_wconf 86' lang='lat' dir='ltr'><em>Romani</em></span> <span class='ocrx_word' id='word_1_195' title='bbox 650 3122 707 3173; x_wconf 90' lang='lat' dir='ltr'><em>est.</em></span> <span class='ocrx_word' id='word_1_196' title='bbox 730 3109 775 3173; x_wconf 88' lang='lat' dir='ltr'><em>L.</em></span> <span class='ocrx_word' id='word_1_197' title='bbox 796 3130 931 3193; x_wconf 91' lang='lat' dir='ltr'><em>quoque</em></span> <span class='ocrx_word' id='word_1_198' title='bbox 953 3112 1118 3178; x_wconf 86' lang='lat' dir='ltr'><em>Aemilius</em></span> <span class='ocrx_word' id='word_1_199' title='bbox 1138 3115 1224 3197; x_wconf 86' lang='lat' dir='ltr'><em>apud</em></span> <span class='ocrx_word' id='word_1_200' title='bbox 1243 3115 1379 3181; x_wconf 91' lang='lat' dir='ltr'><em>Livium</em></span> <span class='ocrx_word' id='word_1_201' title='bbox 1401 3117 1522 3183; x_wconf 88' lang='lat' dir='ltr'><em>diserte</em></span> 
     </span>
     <span class='ocr_line' id='line_1_25' title="bbox 346 3219 1522 3309; baseline 0.014 -32"><span class='ocrx_word' id='word_1_202' title='bbox 346 3228 503 3294; x_wconf 85' lang='lat' dir='ltr'><em>testatur,</em></span> <span class='ocrx_word' id='word_1_203' title='bbox 527 3231 621 3299; x_wconf 89' lang='lat' dir='ltr'><em>capta</em></span> <span class='ocrx_word' id='word_1_204' title='bbox 640 3219 720 3284; x_wconf 91' lang='lat' dir='ltr'><em>urbe</em></span> <span class='ocrx_word' id='word_1_205' title='bbox 744 3220 913 3287; x_wconf 85' lang='lat' dir='ltr'><em>arbitrium</em></span> <span class='ocrx_word' id='word_1_206' title='bbox 936 3223 1072 3305; x_wconf 83' lang='lat' dir='ltr'><em>praedae</em></span> <span class='ocrx_word' id='word_1_207' title='bbox 1095 3244 1161 3289; x_wconf 90' lang='lat' dir='ltr'><em>non</em></span> <span class='ocrx_word' id='word_1_208' title='bbox 1185 3244 1283 3309; x_wconf 87' lang='lat' dir='ltr'><em>penes</em></span> <span class='ocrx_word' id='word_1_209' title='bbox 1306 3226 1443 3292; x_wconf 90' lang='lat' dir='ltr'><em>militem</em></span> <span class='ocrx_word' id='word_1_210' title='bbox 1464 3228 1522 3295; x_wconf 89' lang='lat' dir='ltr'><em>sed</em></span> 
     </span>
     <span class='ocr_line' id='line_1_26' title="bbox 347 3322 1521 3421; baseline 0.014 -33"><span class='ocrx_word' id='word_1_211' title='bbox 347 3322 570 3406; x_wconf 89' lang='lat' dir='ltr'><em>imperatorem</em></span> <span class='ocrx_word' id='word_1_212' title='bbox 594 3346 687 3408; x_wconf 89' lang='lat' dir='ltr'><em>esse,</em></span> <span class='ocrx_word' id='word_1_213' title='bbox 715 3330 773 3411; x_wconf 92' lang='lat' dir='ltr'><em>qui</em></span> <span class='ocrx_word' id='word_1_214' title='bbox 795 3332 921 3398; x_wconf 89' lang='lat' dir='ltr'><em>scilicet</em></span> <span class='ocrx_word' id='word_1_215' title='bbox 945 3335 1147 3417; x_wconf 81' lang='lat' dir='ltr'><em>erepublica</em></span> <span class='ocrx_word' id='word_1_216' title='bbox 1167 3336 1222 3421; x_wconf 86' lang='lat' dir='ltr'><em>jus</em></span> <span class='ocrx_word' id='word_1_217' title='bbox 1243 3340 1307 3402; x_wconf 92' lang='lat' dir='ltr'><em>tale</em></span> <span class='ocrx_word' id='word_1_218' title='bbox 1330 3354 1521 3420; x_wconf 85' lang='lat' dir='ltr'><em>acceperat,</em></span> 
     </span>
     <span class='ocr_line' id='line_1_27' title="bbox 347 3440 1520 3531; baseline 0.013 -33"><span class='ocrx_word' id='word_1_219' title='bbox 347 3449 385 3500; x_wconf 91' lang='lat' dir='ltr'><em>ut</em></span> <span class='ocrx_word' id='word_1_220' title='bbox 412 3455 488 3501; x_wconf 89' lang='lat' dir='ltr'><em>mox</em></span> <span class='ocrx_word' id='word_1_221' title='bbox 507 3440 662 3521; x_wconf 87' lang='lat' dir='ltr'><em>exemplis</em></span> <span class='ocrx_word' id='word_1_222' title='bbox 683 3441 970 3512; x_wconf 88' lang='lat' dir='ltr'><em>demonstrabitur.</em></span> <span class='ocrx_word' id='word_1_223' title='bbox 1016 3449 1087 3513; x_wconf 87' lang='lat' dir='ltr'><em>Nec</em></span> <span class='ocrx_word' id='word_1_224' title='bbox 1112 3448 1292 3531; x_wconf 89' lang='lat' dir='ltr'><em>quidquam</em></span> <span class='ocrx_word' id='word_1_225' title='bbox 1315 3450 1426 3517; x_wconf 87' lang='lat' dir='ltr'><em>obstat</em></span> <span class='ocrx_word' id='word_1_226' title='bbox 1446 3452 1520 3514; x_wconf 90' lang='lat' dir='ltr'><em>vul-</em></span> 
     </span>
     <span class='ocr_line' id='line_1_28' title="bbox 347 3545 1519 3643; baseline 0.014 -34"><span class='ocrx_word' id='word_1_227' title='bbox 347 3545 548 3629; x_wconf 89' lang='lat' dir='ltr'><em>gatissimum</em></span> <span class='ocrx_word' id='word_1_228' title='bbox 576 3550 659 3617; x_wconf 89' lang='lat' dir='ltr'><em>illud</em></span> <span class='ocrx_word' id='word_1_229' title='bbox 677 3552 712 3632; x_wconf 83' lang='lat'><em>⁷,</em></span> <span class='ocrx_word' id='word_1_230' title='bbox 732 3570 825 3638; x_wconf 86' lang='lat' dir='ltr'><em>capta</em></span> <span class='ocrx_word' id='word_1_231' title='bbox 847 3556 935 3623; x_wconf 90' lang='lat' dir='ltr'><em>bello</em></span> <span class='ocrx_word' id='word_1_232' title='bbox 958 3560 1067 3625; x_wconf 87' lang='lat' dir='ltr'><em>statim</em></span> <span class='ocrx_word' id='word_1_233' title='bbox 1091 3558 1161 3625; x_wconf 91' lang='lat' dir='ltr'><em>fieri</em></span> <span class='ocrx_word' id='word_1_234' title='bbox 1177 3559 1353 3643; x_wconf 87' lang='lat' dir='ltr'><em>capientis:</em></span> <span class='ocrx_word' id='word_1_235' title='bbox 1377 3560 1413 3626; x_wconf 93' lang='lat' dir='ltr'><em>id</em></span> <span class='ocrx_word' id='word_1_236' title='bbox 1434 3562 1519 3627; x_wconf 91' lang='lat' dir='ltr'><em>enim</em></span> 
     </span>
     <span class='ocr_line' id='line_1_29' title="bbox 346 3657 1521 3757; baseline 0.016 -36"><span class='ocrx_word' id='word_1_237' title='bbox 346 3657 429 3723; x_wconf 88' lang='lat' dir='ltr'><em>hanc</em></span> <span class='ocrx_word' id='word_1_238' title='bbox 447 3660 639 3729; x_wconf 89' lang='lat' dir='ltr'><em>sententiam</em></span> <span class='ocrx_word' id='word_1_239' title='bbox 655 3666 785 3749; x_wconf 87' lang='lat' dir='ltr'><em>recipit,</em></span> <span class='ocrx_word' id='word_1_240' title='bbox 806 3682 844 3732; x_wconf 90' lang='lat' dir='ltr'><em>ut</em></span> <span class='ocrx_word' id='word_1_241' title='bbox 861 3669 1006 3735; x_wconf 90' lang='lat' dir='ltr'><em>hostium</em></span> <span class='ocrx_word' id='word_1_242' title='bbox 1027 3670 1081 3735; x_wconf 87' lang='lat' dir='ltr'><em>illa</em></span> <span class='ocrx_word' id='word_1_243' title='bbox 1098 3691 1167 3737; x_wconf 90' lang='lat' dir='ltr'><em>esse</em></span> <span class='ocrx_word' id='word_1_244' title='bbox 1186 3672 1353 3754; x_wconf 80' lang='lat' dir='ltr'><em>desinant,</em></span> <span class='ocrx_word' id='word_1_245' title='bbox 1364 3674 1521 3757; x_wconf 89' lang='lat' dir='ltr'><em>capientis</em></span> 
     </span>
    </p>
   </div>
   <div class='ocr_carea' id='block_1_4' title="bbox 347 3848 542 3860">
    <p class='ocr_par' dir='ltr' id='par_1_4' title="bbox 347 3848 542 3860">
     <span class='ocr_line' id='line_1_30' title="bbox 347 3848 542 3860; baseline 0.015 -4"><span class='ocrx_word' id='word_1_246' title='bbox 347 3848 542 3860; x_wconf 42' lang='lat'><em>*-</em></span> 
     </span>
    </p>
   </div>
   <div class='ocr_carea' id='block_1_5' title="bbox 345 3962 1526 4586">
    <p class='ocr_par' dir='ltr' id='par_1_5' title="bbox 345 3962 1526 4586">
     <span class='ocr_line' id='line_1_31' title="bbox 381 3962 1520 4041; baseline 0.018 -31"><span class='ocrx_word' id='word_1_247' title='bbox 381 3962 388 3993; x_wconf 90' lang='lat'><strong>¹</strong></span> <span class='ocrx_word' id='word_1_248' title='bbox 407 3963 486 4012; x_wconf 83' lang='lat' dir='ltr'><em>Arist.</em></span> <span class='ocrx_word' id='word_1_249' title='bbox 504 3967 535 4014; x_wconf 86' lang='lat' dir='ltr'><em>‹le</em></span> <span class='ocrx_word' id='word_1_250' title='bbox 553 3982 617 4017; x_wconf 89' lang='lat' dir='ltr'><em>mor.</em></span> <span class='ocrx_word' id='word_1_251' title='bbox 636 3974 667 4019; x_wconf 87' lang='lat' dir='ltr'><em>ad</em></span> <span class='ocrx_word' id='word_1_252' title='bbox 683 3974 786 4022; x_wconf 88' lang='lat' dir='ltr'><em>Nicom.</em></span> <span class='ocrx_word' id='word_1_253' title='bbox 801 3977 818 4021; x_wconf 88' lang='lat' dir='ltr'><em>l.</em></span> <span class='ocrx_word' id='word_1_254' title='bbox 837 3988 860 4031; x_wconf 85' lang='lat'><em>5.</em></span> <span class='ocrx_word' id='word_1_255' title='bbox 879 3990 901 4023; x_wconf 92' lang='lat' dir='ltr'><em>c.</em></span> <span class='ocrx_word' id='word_1_256' title='bbox 923 3989 945 4031; x_wconf 84' lang='lat'><em>5·</em></span> <span class='ocrx_word' id='word_1_257' title='bbox 962 3978 986 4024; x_wconf 88' lang='grc'><em>6.</em></span> <span class='ocrx_word' id='word_1_258' title='bbox 1004 3989 1028 4026; x_wconf 91' lang='lat' dir='ltr'><em>et</em></span> <span class='ocrx_word' id='word_1_259' title='bbox 1045 3990 1069 4035; x_wconf 86' lang='lat'><em>7.</em></span> <span class='ocrx_word' id='word_1_260' title='bbox 1089 3978 1127 4039; x_wconf 92' lang='lat' dir='ltr'><em>[p.</em></span> <span class='ocrx_word' id='word_1_261' title='bbox 1145 3992 1217 4037; x_wconf 79' lang='lat'>1130.</span> <span class='ocrx_word' id='word_1_262' title='bbox 1228 3994 1252 4028; x_wconf 86' lang='lat'><em>2.</em></span> <span class='ocrx_word' id='word_1_263' title='bbox 1262 3991 1288 4028; x_wconf 88' lang='lat' dir='ltr'><em>et</em></span> <span class='ocrx_word' id='word_1_264' title='bbox 1296 3982 1365 4041; x_wconf 80' lang='lat' dir='ltr'><em>sqq]</em></span> <span class='ocrx_word' id='word_1_265' title='bbox 1399 3978 1410 4011; x_wconf 74' lang='lat'>²</span> <span class='ocrx_word' id='word_1_266' title='bbox 1428 3982 1520 4029; x_wconf 86' lang='lat' dir='ltr'><em>Thom.</em></span> 
     </span>
     <span class='ocr_line' id='line_1_32' title="bbox 346 4055 1520 4131; baseline 0.015 -31"><span class='ocrx_word' id='word_1_267' title='bbox 346 4068 368 4102; x_wconf 82' lang='lat' dir='ltr'><em>o.</em></span> <span class='ocrx_word' id='word_1_268' title='bbox 389 4068 412 4102; x_wconf 83' lang='lat'><em>2.</em></span> <span class='ocrx_word' id='word_1_269' title='bbox 431 4068 456 4114; x_wconf 90' lang='lat' dir='ltr'><em>q.</em></span> <span class='ocrx_word' id='word_1_270' title='bbox 474 4055 515 4104; x_wconf 85' lang='lat'><em>61.</em></span> <span class='ocrx_word' id='word_1_271' title='bbox 539 4069 584 4105; x_wconf 85' lang='lat' dir='ltr'><em>art.</em></span> <span class='ocrx_word' id='word_1_272' title='bbox 611 4073 631 4107; x_wconf 89' lang='lat'><em>1.</em></span> <span class='ocrx_word' id='word_1_273' title='bbox 657 4073 755 4123; x_wconf 84' lang='lat' dir='ltr'><em>etseq.</em></span> <span class='ocrx_word' id='word_1_274' title='bbox 789 4063 842 4112; x_wconf 81' lang='lat' dir='ltr'><em>³c.</em></span> <span class='ocrx_word' id='word_1_275' title='bbox 862 4079 885 4113; x_wconf 83' lang='lat' dir='ltr'><em>r.</em></span> <span class='ocrx_word' id='word_1_276' title='bbox 903 4078 960 4114; x_wconf 82' lang='lat' dir='ltr'><em>ante</em></span> <span class='ocrx_word' id='word_1_277' title='bbox 978 4070 994 4115; x_wconf 91' lang='lat' dir='ltr'><em>l.</em></span> <span class='ocrx_word' id='word_1_278' title='bbox 1014 4080 1037 4124; x_wconf 84' lang='lat'><em>5.</em></span> <span class='ocrx_word' id='word_1_279' title='bbox 1071 4068 1140 4117; x_wconf 84' lang='lat' dir='ltr'><em>⁴Gl.</em></span> <span class='ocrx_word' id='word_1_280' title='bbox 1159 4070 1186 4117; x_wconf 91' lang='lat' dir='ltr'><em>in</em></span> <span class='ocrx_word' id='word_1_281' title='bbox 1204 4084 1227 4119; x_wconf 89' lang='lat' dir='ltr'><em>c.</em></span> <span class='ocrx_word' id='word_1_282' title='bbox 1245 4072 1405 4120; x_wconf 82' lang='lat' dir='ltr'><em>Vulturanae.</em></span> <span class='ocrx_word' id='word_1_283' title='bbox 1423 4082 1447 4119; x_wconf 85' lang='lat' dir='ltr'><em>et</em></span> <span class='ocrx_word' id='word_1_284' title='bbox 1465 4084 1520 4131; x_wconf 82' lang='lat' dir='ltr'><em>seq.</em></span> 
     </span>
     <span class='ocr_line' id='line_1_33' title="bbox 346 4146 1518 4217; baseline 0.015 -26"><span class='ocrx_word' id='word_1_285' title='bbox 346 4146 435 4206; x_wconf 80' lang='lat' dir='ltr'><em>[Dect.</em></span> <span class='ocrx_word' id='word_1_286' title='bbox 454 4149 522 4197; x_wconf 86' lang='lat' dir='ltr'><em>Grat.</em></span> <span class='ocrx_word' id='word_1_287' title='bbox 540 4163 565 4210; x_wconf 90' lang='lat' dir='ltr'><em>p.</em></span> <span class='ocrx_word' id='word_1_288' title='bbox 584 4164 607 4198; x_wconf 85' lang='lat' dir='ltr'><em>o.</em></span> <span class='ocrx_word' id='word_1_289' title='bbox 628 4165 665 4199; x_wconf 86' lang='lat'><em>12.</em></span> <span class='ocrx_word' id='word_1_290' title='bbox 685 4167 707 4201; x_wconf 85' lang='lat'><em>2.</em></span> <span class='ocrx_word' id='word_1_291' title='bbox 726 4155 779 4216; x_wconf 60' lang='lat' dir='ltr'><em>as]</em></span> <span class='ocrx_word' id='word_1_292' title='bbox 806 4153 816 4184; x_wconf 83' lang='lat'><em>⁵</em></span> <span class='ocrx_word' id='word_1_293' title='bbox 834 4157 866 4204; x_wconf 91' lang='lat' dir='ltr'><em>de</em></span> <span class='ocrx_word' id='word_1_294' title='bbox 884 4156 1038 4205; x_wconf 84' lang='lat' dir='ltr'><em>Abrahamo.</em></span> <span class='ocrx_word' id='word_1_295' title='bbox 1051 4161 1068 4206; x_wconf 92' lang='lat' dir='ltr'><em>l.</em></span> <span class='ocrx_word' id='word_1_296' title='bbox 1086 4173 1107 4207; x_wconf 92' lang='lat'><em>1.</em></span> <span class='ocrx_word' id='word_1_297' title='bbox 1126 4174 1150 4208; x_wconf 88' lang='lat' dir='ltr'><em>c.</em></span> <span class='ocrx_word' id='word_1_298' title='bbox 1169 4172 1192 4217; x_wconf 74' lang='lat' dir='ltr'><em>s.</em></span> <span class='ocrx_word' id='word_1_299' title='bbox 1211 4162 1304 4210; x_wconf 84' lang='lat' dir='ltr'><em>citatur</em></span> <span class='ocrx_word' id='word_1_300' title='bbox 1318 4162 1345 4209; x_wconf 92' lang='lat' dir='ltr'><em>ln</em></span> <span class='ocrx_word' id='word_1_301' title='bbox 1362 4161 1518 4209; x_wconf 69' lang='lat' dir='ltr'><em>edicatali-</em></span> 
     </span>
     <span class='ocr_line' id='line_1_34' title="bbox 345 4235 1518 4313; baseline 0.017 -30"><span class='ocrx_word' id='word_1_302' title='bbox 345 4235 410 4294; x_wconf 90' lang='lat' dir='ltr'><em>quis.</em></span> <span class='ocrx_word' id='word_1_303' title='bbox 422 4236 509 4294; x_wconf 78' lang='lat' dir='ltr'><em>[Dect.</em></span> <span class='ocrx_word' id='word_1_304' title='bbox 521 4240 589 4289; x_wconf 84' lang='lat' dir='ltr'><em>Grat.</em></span> <span class='ocrx_word' id='word_1_305' title='bbox 606 4256 632 4302; x_wconf 85' lang='lat' dir='ltr'><em>p.</em></span> <span class='ocrx_word' id='word_1_306' title='bbox 642 4256 666 4290; x_wconf 83' lang='lat' dir='ltr'><em>r.</em></span> <span class='ocrx_word' id='word_1_307' title='bbox 678 4255 717 4299; x_wconf 78' lang='lat'><em>2³·</em></span> <span class='ocrx_word' id='word_1_308' title='bbox 736 4257 759 4299; x_wconf 82' lang='lat'><em>5.</em></span> <span class='ocrx_word' id='word_1_309' title='bbox 778 4245 830 4307; x_wconf 56' lang='lat' dir='ltr'><em>aa]</em></span> <span class='ocrx_word' id='word_1_310' title='bbox 850 4245 893 4293; x_wconf 90' lang='lat' dir='ltr'><em>ubi</em></span> <span class='ocrx_word' id='word_1_311' title='bbox 914 4248 953 4295; x_wconf 90' lang='lat' dir='ltr'><em>Gl.</em></span> <span class='ocrx_word' id='word_1_312' title='bbox 972 4250 1001 4295; x_wconf 92' lang='lat' dir='ltr'><em>V.</em></span> <span class='ocrx_word' id='word_1_313' title='bbox 1017 4251 1086 4298; x_wconf 85' lang='lat' dir='ltr'><em>Bald.</em></span> <span class='ocrx_word' id='word_1_314' title='bbox 1105 4250 1129 4298; x_wconf 91' lang='lat' dir='ltr'><em>in</em></span> <span class='ocrx_word' id='word_1_315' title='bbox 1146 4253 1163 4297; x_wconf 94' lang='lat' dir='ltr'><em>l.</em></span> <span class='ocrx_word' id='word_1_316' title='bbox 1181 4265 1240 4311; x_wconf 89' lang='lat' dir='ltr'><em>pen.</em></span> <span class='ocrx_word' id='word_1_317' title='bbox 1250 4254 1279 4299; x_wconf 78' lang='lat' dir='ltr'><em>C·</em></span> <span class='ocrx_word' id='word_1_318' title='bbox 1289 4254 1320 4301; x_wconf 87' lang='lat' dir='ltr'><em>dc</em></span> <span class='ocrx_word' id='word_1_319' title='bbox 1339 4254 1423 4301; x_wconf 85' lang='lat' dir='ltr'><em>donat.</em></span> <span class='ocrx_word' id='word_1_320' title='bbox 1434 4254 1478 4313; x_wconf 87' lang='lat' dir='ltr'><em>[C.</em></span> <span class='ocrx_word' id='word_1_321' title='bbox 1494 4257 1518 4303; x_wconf 83' lang='lat'><em>8.</em></span> 
     </span>
     <span class='ocr_line' id='line_1_35' title="bbox 346 4327 1526 4407; baseline 0.019 -34"><span class='ocrx_word' id='word_1_322' title='bbox 346 4338 386 4385; x_wconf 85' lang='lat'><em>54.</em></span> <span class='ocrx_word' id='word_1_323' title='bbox 405 4327 458 4387; x_wconf 81' lang='lat'>36.]</span> <span class='ocrx_word' id='word_1_324' title='bbox 492 4327 576 4379; x_wconf 66' lang='lat' dir='ltr'><em>‘Lim</em></span> <span class='ocrx_word' id='word_1_325' title='bbox 594 4334 611 4379; x_wconf 93' lang='lat' dir='ltr'><em>l.</em></span> <span class='ocrx_word' id='word_1_326' title='bbox 628 4344 668 4389; x_wconf 82' lang='lat'><em>30·</em></span> <span class='ocrx_word' id='word_1_327' title='bbox 687 4333 723 4396; x_wconf 89' lang='lat' dir='ltr'><em>[c.</em></span> <span class='ocrx_word' id='word_1_328' title='bbox 744 4334 794 4396; x_wconf 85' lang='lat'><strong>¹4·]</strong></span> <span class='ocrx_word' id='word_1_329' title='bbox 830 4333 875 4383; x_wconf 91' lang='lat'><em>⁷1.</em></span> <span class='ocrx_word' id='word_1_330' title='bbox 893 4340 1040 4388; x_wconf 84' lang='lat' dir='ltr'><em>naturalem.</em></span> <span class='ocrx_word' id='word_1_331' title='bbox 1059 4340 1085 4387; x_wconf 84' lang='lat' dir='ltr'><em>tf.</em></span> <span class='ocrx_word' id='word_1_332' title='bbox 1104 4342 1135 4389; x_wconf 90' lang='lat' dir='ltr'><em>de</em></span> <span class='ocrx_word' id='word_1_333' title='bbox 1153 4355 1208 4402; x_wconf 83' lang='lat' dir='ltr'><em>aeq.</em></span> <span class='ocrx_word' id='word_1_334' title='bbox 1228 4344 1296 4391; x_wconf 86' lang='lat' dir='ltr'><em>dom.</em></span> <span class='ocrx_word' id='word_1_335' title='bbox 1314 4346 1335 4401; x_wconf 69' lang='grc' dir='ltr'><em>ξ.</em></span> <span class='ocrx_word' id='word_1_336' title='bbox 1355 4342 1397 4391; x_wconf 84' lang='lat' dir='ltr'><em>fin.</em></span> <span class='ocrx_word' id='word_1_337' title='bbox 1414 4344 1458 4406; x_wconf 88' lang='lat' dir='ltr'><em>[D.</em></span> <span class='ocrx_word' id='word_1_338' title='bbox 1476 4360 1526 4407; x_wconf 29' lang='lat'><em>41.,</em></span> 
     </span>
     <span class='ocr_line' id='line_1_36' title="bbox 349 4415 1516 4495; baseline 0.021 -34"><span class='ocrx_word' id='word_1_339' title='bbox 349 4428 369 4461; x_wconf 93' lang='lat'><em>1.</em></span> <span class='ocrx_word' id='word_1_340' title='bbox 388 4415 423 4476; x_wconf 88' lang='lat'><em>5·]</em></span> <span class='ocrx_word' id='word_1_341' title='bbox 439 4430 464 4465; x_wconf 87' lang='lat' dir='ltr'><em>et</em></span> <span class='ocrx_word' id='word_1_342' title='bbox 481 4421 499 4466; x_wconf 91' lang='lat'><em>1.</em></span> <span class='ocrx_word' id='word_1_343' title='bbox 516 4422 589 4469; x_wconf 85' lang='lat' dir='ltr'><em>adeo.</em></span> <span class='ocrx_word' id='word_1_344' title='bbox 609 4422 645 4471; x_wconf 88' lang='lat' dir='ltr'><em>ibi</em></span> <span class='ocrx_word' id='word_1_345' title='bbox 663 4423 707 4487; x_wconf 88' lang='lat' dir='ltr'><em>[D.</em></span> <span class='ocrx_word' id='word_1_346' title='bbox 724 4438 766 4484; x_wconf 91' lang='lat'><em>41.</em></span> <span class='ocrx_word' id='word_1_347' title='bbox 787 4439 808 4473; x_wconf 90' lang='lat'><em>1.</em></span> <span class='ocrx_word' id='word_1_348' title='bbox 826 4425 864 4486; x_wconf 84' lang='lat'><em>7.]</em></span> <span class='ocrx_word' id='word_1_349' title='bbox 885 4428 944 4475; x_wconf 86' lang='lat' dir='ltr'><em>lnst.</em></span> <span class='ocrx_word' id='word_1_350' title='bbox 963 4430 993 4477; x_wconf 86' lang='lat' dir='ltr'><em>de</em></span> <span class='ocrx_word' id='word_1_351' title='bbox 1010 4443 1057 4479; x_wconf 87' lang='lat' dir='ltr'><em>rer.</em></span> <span class='ocrx_word' id='word_1_352' title='bbox 1076 4431 1129 4479; x_wconf 88' lang='lat' dir='ltr'><em>dlv.</em></span> <span class='ocrx_word' id='word_1_353' title='bbox 1147 4435 1168 4489; x_wconf 69' lang='grc'><em>5.</em></span> <span class='ocrx_word' id='word_1_354' title='bbox 1186 4432 1246 4480; x_wconf 82' lang='lat' dir='ltr'><em>item</em></span> <span class='ocrx_word' id='word_1_355' title='bbox 1270 4447 1299 4481; x_wconf 84' lang='lat' dir='ltr'><em>ea</em></span> <span class='ocrx_word' id='word_1_356' title='bbox 1319 4447 1431 4495; x_wconf 74' lang='lat' dir='ltr'><em>quaeest</em></span> <span class='ocrx_word' id='word_1_357' title='bbox 1449 4438 1516 4485; x_wconf 81' lang='lat' dir='ltr'><em>host.</em></span> 
     </span>
     <span class='ocr_line' id='line_1_37' title="bbox 347 4503 1163 4586; baseline 0.029 -38"><span class='ocrx_word' id='word_1_358' title='bbox 347 4503 378 4562; x_wconf 88' lang='lat' dir='ltr'><em>[l.</em></span> <span class='ocrx_word' id='word_1_359' title='bbox 399 4518 422 4550; x_wconf 80' lang='lat' dir='ltr'><em>a.</em></span> <span class='ocrx_word' id='word_1_360' title='bbox 443 4519 464 4553; x_wconf 88' lang='lat'><em>1.</em></span> <span class='ocrx_word' id='word_1_361' title='bbox 485 4510 507 4565; x_wconf 66' lang='grc' dir='ltr'><em>ξ.</em></span> <span class='ocrx_word' id='word_1_362' title='bbox 525 4512 576 4573; x_wconf 84' lang='lat'>17.]</span> <span class='ocrx_word' id='word_1_363' title='bbox 597 4516 613 4560; x_wconf 91' lang='lat' dir='ltr'><em>l.</em></span> <span class='ocrx_word' id='word_1_364' title='bbox 634 4528 654 4563; x_wconf 82' lang='lat'><em>1.</em></span> <span class='ocrx_word' id='word_1_365' title='bbox 674 4520 696 4573; x_wconf 68' lang='grc' dir='ltr'><em>ς.</em></span> <span class='ocrx_word' id='word_1_366' title='bbox 716 4530 736 4565; x_wconf 79' lang='grc' dir='ltr'><em>ι.</em></span> <span class='ocrx_word' id='word_1_367' title='bbox 755 4516 781 4564; x_wconf 82' lang='lat' dir='ltr'><em>ll.</em></span> <span class='ocrx_word' id='word_1_368' title='bbox 799 4509 830 4564; x_wconf 69' lang='lat' dir='ltr'><em>‹l‘e</em></span> <span class='ocrx_word' id='word_1_369' title='bbox 848 4531 901 4577; x_wconf 83' lang='lat' dir='ltr'><em>aeq.</em></span> <span class='ocrx_word' id='word_1_370' title='bbox 917 4532 986 4578; x_wconf 83' lang='lat' dir='ltr'><em>poss.</em></span> <span class='ocrx_word' id='word_1_371' title='bbox 1005 4518 1049 4583; x_wconf 91' lang='lat' dir='ltr'><em>[D.</em></span> <span class='ocrx_word' id='word_1_372' title='bbox 1066 4534 1108 4582; x_wconf 85' lang='lat'><em>41.</em></span> <span class='ocrx_word' id='word_1_373' title='bbox 1127 4521 1163 4586; x_wconf 75' lang='lat' dir='ltr'><em>a]</em></span> 
     </span>
    </p>
   </div>
   <div class='ocr_carea' id='block_1_6' title="bbox 0 0 1730 5434">
    <p class='ocr_par' dir='ltr' id='par_1_6' title="bbox 0 0 1730 5434">
     <span class='ocr_line' id='line_1_38' title="bbox 0 0 1730 5434; baseline 0 0"><span class='ocrx_word' id='word_1_374' title='bbox 0 0 1730 5434; x_wconf 95' lang='lat' dir='ltr'><em> </em></span> 
     </span>
    </p>
   </div>
  </div>
 </body>
</html>
