3450 5434
391 614 455 675 260
697 630 743 675 un
765 629 859 694 June
887 627 1268 677 reasons.cnn.x11.

390 786 588 871 congregati
607 782 662 851 vel
681 787 718 847 in
741 804 900 847 summam
925 786 1078 868 reputati
1093 782 1234 867 faciunt
1257 786 1441 851 universos.
1472 781 1570 848 Talis

392 908 442 961 est
471 894 528 960 illa
556 893 789 959 Lusitanorum
822 893 1087 976 pervicacissima
1109 894 1315 976 obstinatio,
1351 916 1417 977 qua
1441 911 1473 962 er
1496 894 1571 962 uni-

391 1006 479 1072 versi
499 1020 532 1070 et
560 1005 683 1089 singuli
706 1006 772 1070 huc
801 1002 968 1084 fortunis,
992 1004 1056 1070 huc
1087 1006 1283 1088 corporibus
1306 1006 1435 1073 collatis
1458 1004 1572 1071 nitun-

391 1134 469 1197 tur,
492 1117 729 1199 nequisquam
751 1115 949 1182 Batavusin
972 1115 1065 1181 India
1088 1130 1182 1182 tutus
1202 1116 1254 1181 sit.
1301 1117 1348 1181 Et
1367 1136 1485 1183 causac
1509 1117 1572 1201 igi-

392 1245 447 1295 tur
467 1226 688 1307 subluerunt,
713 1241 745 1292 et
765 1226 813 1291 illi
833 1225 942 1292 meriti
964 1241 1002 1293 ut
1024 1227 1171 1293 hostium
1195 1247 1332 1294 numero
1356 1229 1569 1296 haberentur.

393 1341 430 1405 In
452 1361 491 1406 eo
514 1340 687 1405 difficultas
708 1338 853 1418 residet,
877 1338 969 1419 quod
992 1358 1059 1404 non
1082 1338 1178 1405 facile
1201 1338 1340 1421 privatis
1359 1340 1571 1405 concedenda

247 1470 289 1515 aa
309 1471 380 1535 confr.
393 1452 526 1519 videtur
546 1470 709 1516 armorum
730 1449 968 1515 movendorum
992 1449 1098 1532 copia.
1144 1450 1210 1517 Sed
1233 1451 1491 1516 demonstratum
1514 1452 1572 1515 ha-

246 1525 380 1627 {raama
393 1565 533 1643 bemus,
557 1576 721 1644 quatenus
738 1560 900 1644 judicium
921 1560 1032 1626 haberi
1053 1580 1120 1627 non
1144 1576 1278 1644 potest,
1302 1577 1437 1627 eatenus
1459 1562 1571 1644 priva·

395 1690 448 1741 tos
467 1674 590 1740 bellum
614 1669 731 1737 inferre
754 1690 821 1738 non
843 1670 1033 1753 prohiberi:
1057 1690 1157 1754 quare
1181 1692 1257 1737 cum
1284 1670 1430 1737 defectus
1448 1672 1570 1756 J'udicii

395 1800 444 1853 est
463 1784 664 1864 continuuS,
688 1781 797 1848 omnia
814 1782 944 1864 privato
964 1782 1085 1863 licent,
1106 1802 1190 1865 quae
1209 1783 1283 1866 juro
1307 1782 1446 1849 naturali
1467 1784 1571 1850 licue-

394 1911 482 1963 runt.
527 1897 643 1977 ltaque
663 1893 811 1961 debitum
833 1892 930 1960 armis
949 1893 1035 1977 exigi
1057 1914 1153 1975 posse
1176 1913 1290 1959 omues
1313 1893 1467 1961 fatentur.
1495 1896 1571 1962 Nos

396 2028 435 2073 ex
465 2006 714 2092 prudentiorum
746 2003 882 2071 arbitrio
904 2004 1089 2071 addidimus
1113 2004 1209 2070 etiam
1229 2004 1460 2088 punitionem,
1485 2027 1570 2089 quae

395 2119 436 2184 ad
455 2118 604 2203 justitiae
621 2136 767 2189 normam
791 2116 970 2198 adaequata
992 2116 1055 2195 sit,
1078 2116 1136 2180 tali
1156 2116 1264 2198 specie
1284 2117 1487 2183 necessitatis
1502 2138 1571 2184 non

395 2229 628 2314 denegandam.
688 2227 857 2293 Continuo
888 2242 995 2293 autem
1028 2227 1150 2311 judicis
1176 2226 1314 2310 penuria
1345 2228 1400 2293 hic
1434 2228 1570 2309 quidem

396 2340 531 2407 evidens
561 2354 619 2405 est.
665 2340 733 2405 Res
756 2336 822 2404 fere
845 2358 979 2420 omnes,
1004 2358 1043 2403 ex
1076 2338 1200 2420 quibus
1223 2340 1345 2404 bellum
1370 2340 1434 2403 hoc
1457 2354 1571 2403 ortum

248 2480 325 2535 snpra
342 2466 468 2532 tuest,
500 2451 534 2517 in
566 2451 638 2534 ipso
670 2470 793 2517 oceano
825 2450 1047 2535 contigerunt.
1094 2450 1133 2515 ln
1165 2470 1288 2517 oceano
1316 2465 1424 2516 autem
1446 2452 1570 2517 nullam

249 2542 299 2591 “¹''
396 2581 466 2628 esse
482 2562 645 2646 propriam
665 2576 816 2645 respectu
839 2560 903 2626 loci
924 2560 1187 2644 jurisdictionem
1213 2575 1323 2641 recte,
1348 2578 1386 2627 ut
1406 2560 1570 2643 arbitror,

396 2673 638 2740 affirmavimus.
663 2672 752 2740 Tum
776 2672 804 2737 si
827 2691 894 2754 qua
915 2686 1021 2752 esset,
1043 2692 1078 2737 ea
1094 2687 1178 2738 esset
1189 2672 1345 2739 Indorum
1361 2672 1571 2755 Principum,

396 2785 454 2869 qui
486 2806 546 2851 nec
569 2787 687 2852 volunt
708 2804 826 2852 causae
849 2782 1049 2864 immisceri,
1072 2802 1131 2850 nec
1155 2804 1172 2849 a
1194 2784 1362 2851 Lusitanis
1383 2799 1422 2849 ut
1440 2784 1571 2869 judices

396 2912 632 2983 agnoscuntur.
656 2895 742 2962 Loci
766 2894 868 2979 igitur
891 2894 1198 2979 rationequajure,
1221 2914 1287 2977 qua
1303 2894 1390 2961 facto
1405 2896 1571 2979 judicium

396 3007 519 3075 deficit.
566 3009 735 3091 Respectu
754 3025 994 3090 personarum,
1018 3026 1091 3071 cum
1113 3026 1163 3072 res
1186 3006 1270 3072 inter
1293 3005 1475 3073 Lusitanos
1497 3027 1572 3073 ver-

394 3135 486 3187 setut
509 3134 542 3185 et
562 3118 725 3200 Batavos,
757 3118 859 3202 judex
880 3116 965 3183 alius
989 3136 1144 3184 essenon
1168 3118 1303 3200 potuit,
1337 3138 1434 3199 quam
1457 3136 1573 3199 respu-

395 3230 482 3297 blica
521 3231 719 3313 Princcpsve
752 3229 1012 3310 Lusitanorum,
1056 3243 1113 3295 aut
1142 3228 1327 3312 respublica
1361 3228 1573 3295 batavorum.

395 3341 599 3425 Respublica
622 3356 655 3407 et
675 3340 829 3424 Princeps
850 3341 1086 3407 Lusitanorum
1109 3340 1232 3423 priores
1259 3340 1323 3423 ipsi
1346 3340 1480 3407 Batavis
1503 3360 1571 3405 non

395 3467 522 3519 tantum
552 3452 703 3538 injuriam
725 3453 858 3536 publice
882 3451 1053 3533 fecerunt,
1077 3452 1135 3519 sed
1158 3466 1191 3516 et
1210 3452 1334 3518 bellum
1358 3452 1571 3530 intulerunt,

397 3583 465 3647 quo
497 3562 583 3630 facto
613 3578 743 3630 constat
772 3564 921 3631 amissam
948 3562 1117 3647 judicandi
1139 3577 1351 3646 potestatem:
1375 3577 1413 3627 ut
1432 3563 1499 3647 jam
1525 3580 1573 3627 ta·

395 3696 484 3742 ceam
504 3691 581 3760 post
601 3690 690 3742 tanta
712 3674 867 3759 perfidiae
889 3676 1058 3757 exempla,
1081 3694 1156 3739 cum
1180 3673 1333 3740 Lusitani
1344 3673 1464 3759 legatis
1477 3673 1574 3739 Bata-

397 3809 513 3855 vorum
536 3807 578 3855 ne
601 3810 642 3855 ex
664 3787 817 3854 condicto
841 3785 976 3868 quidem
996 3800 1186 3869 parcerent,
1208 3788 1281 3869 jure
1304 3804 1433 3851 omnem
1457 3786 1499 3850 ad
1517 3804 1573 3851 eos

397 3919 561 3966 accessum
594 3898 760 3966 formidari
792 3898 953 3982 potuisse.
996 3897 1157 3964 Adeunda
1177 3896 1278 3981 igitur
1301 3896 1369 3963 suit
1386 3896 1576 3979 respublica

396 4012 620 4092 Batavorum,
654 4010 747 4093 quod
779 4008 849 4075 fieri
882 4028 949 4075 non
981 4008 1093 4092 potuit
1126 4010 1170 4075 ob
1201 4008 1389 4075 immensam
1422 4010 1574 4073 locorum

396 4124 594 4193 distantiam.
641 4123 720 4189 Non
740 4137 964 4189 momentanea
984 4120 1085 4205 igitur
1107 4120 1164 4185 sed
1183 4118 1340 4185 continua
1360 4133 1393 4184 et
1412 4135 1576 4203 perpetua

393 4235 511 4322 judicii
534 4232 780 4319 penuriosum,
809 4233 948 4299 maxime
968 4232 995 4300 si
1016 4252 1122 4298 rerum
1145 4231 1232 4314 apud
1254 4230 1354 4296 Indos
1383 4245 1575 4314 gestarum,

248 4392 290 4437 Β,
311 4391 382 4438 Μ
396 4349 440 4415 ita
468 4364 507 4415 ut
537 4351 612 4414 loco
644 4363 676 4414 et
708 4360 854 4430 tempore
886 4346 1085 4426 cohaerent,
1119 4342 1234 4409 seriem
1256 4356 1356 4424 atque
1379 4356 1575 4409 contextum

249 4446 649 4560 ffl‘ssfiijconsideremus.
695 4459 797 4546 Quod
826 4458 854 4523 si
888 4459 1010 4523 bellum
1036 4458 1161 4541 justum
1184 4454 1266 4533 fuit,
1291 4470 1452 4535 quantum
1478 4454 1511 4521 in
1534 4476 1575 4519 eo
