3450 5434
360 668 423 729 280
657 683 704 728 un
728 683 821 748 Juan
848 681 1033 729 urrunnu.
1059 680 1138 728 cae.
1163 679 1246 726 xnr.

361 851 459 917 atque
483 836 610 901 interim
636 852 757 917 quanta
781 836 850 902 fieri
875 851 985 920 potest
1004 833 1243 917 tranquillitate
1259 831 1413 898 foveatur
1435 851 1534 916 nego-

363 948 474 1025 tiatio,
498 967 582 1029 quae
605 968 679 1012 cum
702 948 855 1013 omnibus
877 969 895 1012 a
916 962 1031 1012 natura
1053 960 1166 1029 patet,
1199 958 1269 1009 turn
1296 944 1395 1027 hujus
1418 942 1532 1025 populi

229 1071 265 1114 ε
262 1070 348 1168 sanct.
364 1058 483 1124 studiis
506 1059 714 1141 peculiariter
736 1059 978 1124 accommodata
1001 1073 1058 1122 est
1105 1055 1205 1121 Omni
1230 1053 1331 1139 igitur
1353 1073 1392 1118 ex
1418 1066 1531 1136 parte,

364 1169 459 1234 etiam
483 1171 574 1250 quod
597 1171 637 1234 ad
658 1171 890 1236 conscientiam
915 1169 1052 1250 attinet,
1077 1168 1199 1232 bellum
1219 1165 1334 1231 hocin
1353 1164 1532 1230 Lusitanos

221 1280 578 1395 {15⁶⁰”0'jffit5355mum
613 1296 678 1347 est:
713 1295 746 1346 et
774 1281 821 1347 sic
853 1281 969 1364 praeda
998 1281 1108 1363 justa,
1145 1279 1184 1342 de
1208 1298 1272 1359 qua
1304 1277 1441 1360 agimus.
1486 1274 1533 1339 Ea

361 1407 468 1457 autem
491 1394 632 1475 praeda,
661 1393 755 1458 etlam
779 1391 927 1476 cujusvis
949 1410 1083 1456 suorum
1105 1388 1309 1469 ministerio,
1334 1387 1532 1470 reipublicae

228 1503 464 1590 uc0n51.prin10
488 1503 711 1586 acquireretur
734 1523 840 1585 usque
864 1503 936 1568 ad
926 1502 1009 1587 Juris
1036 1498 1313 1579 satisfactionem,
1337 1519 1419 1580 quae
1439 1518 1533 1580 prae-

215 1579 347 1693 iiipf'rf'c
361 1613 464 1678 dam
456 1629 549 1680 astam
574 1614 700 1678 ialinite
720 1615 869 1679 excedit:
894 1613 1004 1696 potuit
1025 1625 1132 1676 autem
1156 1625 1188 1675 et
1211 1610 1410 1675 concedente
1434 1628 1531 1692 repu-

361 1726 445 1789 blica
477 1724 547 1792 fieri
578 1725 708 1790 Indicae
741 1724 924 1790 societatis:
950 1721 1224 1805 quemadmodum
1253 1739 1437 1786 concessam
1461 1739 1531 1786 esse

361 1835 560 1918 oportunius
584 1834 667 1900 inira
690 1835 874 1901 docebitur.

240 1966 301 2011 ran
315 1969 347 2012 n.
405 1946 495 2011 Haec
518 1966 595 2030 ergo
615 1967 690 2011 cum
714 1947 839 2011 ratione
862 1945 974 2010 habita
998 1943 1163 2026 ipsorum,
1177 1942 1235 2024 qui
1258 1942 1335 2008 belli
1358 1956 1436 2008 sunt
1455 1961 1531 2006 auc·

362 2071 473 2138 tores,
498 2057 661 2122 Ordinum
692 2057 840 2137 scilicet,
864 2077 883 2121 a
912 2056 1008 2122 nobis
1031 2055 1164 2138 probata
1194 2055 1281 2135 sint,
1305 2054 1410 2119 multo
1438 2068 1533 2119 erunt

362 2167 502 2231 certiora
530 2167 557 2233 si
586 2168 760 2247 subditos,
792 2182 872 2250 puta
892 2167 1080 2248 societatem
1110 2165 1275 2245 Indicam,
1297 2164 1530 2247 respiciamus,

363 2297 446 2359 quae
471 2278 634 2343 Ordinum
657 2277 801 2361 imperiis
823 2293 933 2361 paret·
970 2279 1054 2342 Nam
1085 2275 1222 2359 quaein
1245 2275 1435 2341 auctoribus
1455 2295 1531 2339 vera

363 2408 432 2455 esse
452 2388 635 2455 necessario
657 2390 800 2468 debent,
825 2389 936 2454 eadem
960 2388 993 2452 in
1015 2387 1157 2454 subditis
1182 2386 1260 2453 satis
1284 2401 1423 2452 estesse
1446 2385 1531 2450 veri·

362 2499 490 2564 similia.
539 2500 603 2566 Sed
627 2514 732 2566 tamen
752 2514 901 2582 aptemus
922 2498 1060 2564 examini
1082 2519 1141 2579 ea,
1167 2518 1249 2578 quae
1271 2498 1310 2562 de
1333 2496 1475 2562 subditis
1498 2495 1529 2559 iu

362 2611 508 2676 doctrina
531 2611 601 2676 de
589 2631 663 2696 Jure
683 2612 820 2693 praedae
842 2614 997 2677 conclusa
1018 2624 1096 2677 sunt
1115 2624 1185 2675 turn
1209 2628 1248 2672 ex
1269 2607 1444 2691 primario,
1462 2623 1530 2673 tum

203 2743 239 2788 n
245 2746 315 2810 qma
326 2751 349 2791 r.
365 2741 404 2786 ex
433 2721 624 2787 secundario
653 2722 798 2806 gentium
818 2724 902 2806 jure.
947 2721 1090 2786 Primum
1114 2720 1215 2804 igitur
1234 2733 1362 2785 constat
1382 2719 1533 2784 subditos

203 2799 275 2845 Μ
291 2804 322 2844 Π
364 2833 548 2900 Ordinibus
591 2851 661 2900 esse
697 2853 778 2915 eos,
812 2832 870 2914 qui
904 2832 1047 2897 Indicam
1087 2831 1293 2899 constituunt
1332 2830 1530 2895 societatem.

231 2974 351 3073 prs-,pm
364 2945 488 3010 Omnes
509 2945 593 3010 enirn
617 2945 675 3026 qui
705 2944 738 3010 In
761 2943 834 3009 istis
856 2958 934 3009 sunt
954 2943 1143 3026 reglonibus
1161 2956 1218 3007 aut
1237 2941 1451 3025 jurejurando
1474 2942 1532 3007 ob·

365 3055 515 3145 sequium
547 3055 728 3121 Ordinibus
758 3054 1001 3138 promiserunt,
1025 3069 1082 3119 aut
1105 3054 1182 3118 dum
1206 3071 1240 3118 se
1263 3066 1383 3135 partem
1406 3050 1533 3117 faciunt

364 3168 434 3251 ejus
458 3166 680 3249 reipublicae,
705 3187 802 3248 quam
826 3165 969 3231 Ordines
991 3164 1239 3244 administrant,
1257 3163 1532 3245 tacitesatispro·

364 3276 499 3342 fitentur
530 3278 601 3361 ejus
630 3298 665 3344 se
684 3276 884 3360 reipublicae
916 3277 1063 3344 moribus
1085 3275 1254 3354 victuros,
1278 3289 1310 3338 et
1332 3274 1472 3356 receptIs
1492 3275 1531 3338 ab

364 3408 401 3452 ea
421 3387 666 3471 magistratibus
691 3389 907 3470 praestituros
925 3387 1163 3452 obedientiam:
1188 3405 1228 3450 ex
1249 3405 1314 3467 qua
1332 3381 1532 3468 professione

365 3517 431 3563 non
465 3498 596 3577 minus,
632 3513 670 3563 ut
702 3497 780 3563 alibi
801 3497 812 3538 ¹
837 3498 1063 3578 ostendimus,
1097 3517 1193 3580 quam
1227 3516 1309 3564 voce
1336 3495 1531 3580 obligantur.

365 3608 581 3691 Euripideum
604 3622 670 3676 est:

599 3725 696 3803 σέβειν
715 3726 745 3790 δὲ
766 3727 831 3797 τοὺς
854 3728 1030 3806 κρατοῦντας
1052 3727 1173 3806 ἀρχαῖος
1196 3723 1288 3802 νόμος.

600 3830 756 3916 Antiqua
780 3831 835 3895 lex
856 3845 924 3909 cst,
948 3831 1055 3896 colere
1077 3851 1191 3895 rerum
1213 3841 1381 3916 compotes.

408 3943 479 4007 Nec
501 3942 584 4008 illud
603 3942 717 4028 tragici
738 3943 872 4008 alterius
893 3939 904 3975 ²
926 3942 1101 4008 dissimile:

602 4058 652 4122 καὶ
674 4058 734 4138 γὰρ
751 4059 785 4122 τὸ
806 4057 904 4122 λοιπὸν
922 4056 1077 4136 εἰσόμεσθα
1096 4058 1150 4136 μὲν
1165 4057 1234 4128 θεοῖς

600 4169 702 4240 εἴκειν,
725 4165 934 4247 paeneinsula
953 4169 979 4231 δ’
999 4167 1149 4249 Ἀτρείδαις
1168 4165 1274 4245 σέβειν.

597 4268 733 4361 ἄρχοντές
754 4279 821 4344 εἰσιν
832 4322 843 4353 ,
864 4274 1080 4349 ὥςθ“ὑπεικσείν.
1100 4279 1132 4343 σι’
1152 4279 1214 4358 wit

397 4439 405 4470 ¹
425 4454 447 4487 c.
464 4453 488 4487 ν.
506 4440 654 4499 paulopost
670 4449 721 4496 reg.
736 4449 761 4494 3.
778 4447 804 4484 et
819 4447 877 4483 ante
895 4437 912 4482 l.
934 4449 957 4491 7·
993 4437 1022 4483 V.
1047 4437 1121 4485 etiarn
1139 4451 1161 4486 c.
1173 4439 1196 4484 8.
1210 4448 1266 4485 ante
1281 4439 1364 4486 concl.
1379 4450 1403 4495 7.
1421 4437 1493 4487 artic.
1508 4451 1529 4494 ³·

404 4544 427 4577 2.
461 4526 628 4588 ’Sophocles
647 4526 735 4584 Aiace.
755 4526 805 4590 [vs.
820 4528 878 4576 666.
895 4525 963 4589 sqq]
