3450 5434
517 655 564 703 na
587 656 681 722 June
705 656 891 706 rancone.
918 658 999 707 cnr.
1026 657 1109 711 vni.
1318 660 1378 727 115

203 808 371 877 referenda
394 824 535 895 tyranno
558 831 631 876 eum
654 813 728 877 vult
750 812 883 879 modum
896 813 1041 897 servari,
1066 829 1125 898 ot,
1149 821 1177 881 si
1189 814 1376 901 beneficium

203 922 260 987 illi
282 943 386 987 meum
411 942 514 1007 neque
535 926 635 990 ciret.
648 924 789 1007 majores
812 922 975 989 daturum
999 939 1046 990 est
1070 930 1106 991 iu
1130 931 1270 993 exitium
1292 950 1376 993 com-

204 1054 321 1112 mune,
344 1055 401 1097 nec
423 1030 701 1115 confirmaturam
724 1055 808 1119 quas
831 1035 952 1118 habet,
976 1037 1016 1103 id
1035 1052 1146 1102 autem
1171 1042 1261 1120 erit,
1290 1038 1378 1124 quod

203 1143 259 1208 illi
282 1143 378 1209 reddi
396 1148 466 1209 sine
480 1147 632 1230 pernicie
646 1145 785 1230 publica
800 1150 930 1231 possit,
954 1147 1103 1215 reddam.
1146 1149 1294 1215 Deinde:
1316 1166 1375 1235 pe·

203 1258 359 1334 eunium,
382 1274 468 1339 quae
486 1254 663 1319 satellitem
687 1256 848 1341 stipendio
871 1270 1000 1340 teneat,
1021 1278 1084 1323 non
1100 1260 1372 1325 subministrabo.

203 1364 304 1429 Item:
337 1364 476 1429 mllitem
508 1378 540 1429 et
570 1386 670 1429 arma
702 1386 766 1429 non
796 1388 986 1454 suggeram.
1034 1370 1146 1436 Naves
1179 1390 1214 1437 se
1237 1369 1374 1437 lusorias

202 1474 379 1540 missurum
399 1474 553 1557 affirmat,
577 1476 724 1542 triremes
743 1492 850 1560 negat.
895 1478 1029 1564 Quanto
1050 1478 1151 1563 igitur
1169 1482 1245 1562 plus
1265 1480 1373 1546 damni

203 1586 246 1651 ob
268 1587 365 1651 talem
399 1604 529 1667 operam
558 1586 736 1671 contigisse
762 1587 986 1671 judicabitur,
1011 1605 1210 1671 quantumve
1238 1590 1374 1672 impedi-

202 1695 304 1761 menti
334 1697 524 1781 objectum,
557 1697 734 1779 quominus
763 1698 869 1763 hostis
896 1698 962 1783 juri
987 1719 1098 1782 parere
1121 1715 1315 1785 cogeretur,
1339 1700 1373 1766 in

202 1821 328 1871 tantum
348 1806 466 1889 praeda
485 1807 527 1872 ad
547 1806 805 1875 satisfactionem
827 1810 1005 1892 procedet,
1025 1810 1096 1875 sine
1118 1812 1188 1876 ullo
1209 1830 1298 1875 novo
1320 1811 1373 1895 J'u-

201 1916 312 1997 dicio,
335 1936 410 1982 cum
433 1915 524 1981 istud
542 1916 649 2000 ipsum
669 1918 747 1984 belli
769 1920 927 2000 quaedam
948 1920 992 1985 sit
1012 1918 1256 2003 consequentia.
1281 1919 1372 1986 Haec

201 2042 309 2092 autem
332 2026 441 2091 omnia
466 2026 510 2093 ita
532 2027 566 2093 in
589 2047 705 2111 genere
727 2049 803 2094 vera
826 2044 926 2110 sunt,
950 2044 988 2095 ut
1009 2045 1116 2097 tamen
1131 2051 1263 2114 semper
1281 2051 1373 2115 prae·

200 2139 310 2203 valere
342 2137 459 2203 debeat
481 2137 515 2202 id
537 2138 630 2220 quod
651 2138 736 2205 inter
759 2154 894 2224 gentes,
922 2141 961 2205 de
985 2140 1107 2221 quibus
1130 2141 1260 2226 agitur,
1283 2162 1372 2208 conr·

200 2248 292 2313 muni
312 2250 386 2334 Jure
408 2264 576 2332 receptum
607 2264 665 2316 est.
710 2249 778 2315 Sed
800 2265 838 2316 ut
860 2251 900 2316 ad
923 2251 1146 2333 quaestionem
1168 2252 1209 2318 de
1230 2252 1373 2320 subditis

199 2358 392 2439 redeamus,
416 2362 552 2425 collecta
575 2359 643 2425 fuit
663 2360 847 2441 sententia,
871 2380 969 2443 quam
993 2362 1165 2427 memoriae
1188 2363 1240 2428 his
1262 2364 1371 2428 verbis
1385 2368 1470 2416 cmu.
1485 2368 1506 2415 Ι·

200 2468 393 2552 infigamus:
414 2470 515 2557 Juste
534 2483 676 2555 corpora
699 2470 885 2535 laeduntur
905 2471 1111 2536 subditorum
1136 2486 1298 2557 quatenus
1318 2472 1372 2539 de-

200 2577 278 2642 licto
307 2593 480 2645 merentur
498 2584 527 2659 ¹,
550 2594 613 2645 aut
634 2594 797 2664 quatenus
816 2584 991 2646 inscientes
1013 2584 1250 2647 resecationem
1271 2586 1371 2669 impe·

198 2686 322 2753 diunt:
339 2690 472 2775 praeda
495 2703 606 2754 autem
615 2690 710 2774 juste
729 2694 867 2776 capitur
885 2690 927 2755 ab
939 2690 1084 2755 omnibus
1096 2704 1259 2775 etscmper
1270 2714 1372 2777 usque

198 2799 247 2863 ad
261 2798 365 2864 debiti
382 2820 557 2867 summam.
577 2801 629 2865 De
647 2800 775 2884 legibus
793 2799 929 2866 secundi
949 2800 1093 2881 ordinis,
1114 2814 1277 2881 quatenus
1295 2822 1370 2867 cum

197 2908 275 2974 belli
296 2908 575 2976 administratione
595 2909 830 2991 concilientur,
843 2908 1004 2975 vidimus:
1018 2910 1059 2975 ad
1079 2912 1222 2993 regulam
1243 2910 1369 2976 tertiam

171 3085 175 3089 .
197 3038 362 3085 vocamur.
386 3019 562 3107 Quidquid
579 3020 681 3106 igitur
699 3020 924 3102 promisimus,
946 3019 1038 3102 quod
1056 3019 1187 3102 quidem
1207 3020 1240 3084 in
1259 3036 1370 3087 nostra

197 3126 263 3193 fuit
281 3144 465 3212 potestate,
489 3130 524 3195 id
544 3151 617 3196 cum
637 3131 755 3195 damno
774 3131 870 3196 etiam
890 3144 1003 3198 nostro
1022 3144 1183 3213 praestare
1202 3130 1368 3197 debemus.

197 3237 316 3320 Neque
337 3240 401 3305 hoc
420 3255 546 3325 pugnat
565 3260 641 3306 cum
662 3242 733 3324 lege
753 3242 894 3307 secunda
914 3242 934 3306 ².
979 3240 1105 3306 Nostro
1127 3240 1212 3307 enirn
1233 3241 1368 3327 arbitrio

196 3368 247 3414 res
268 3363 399 3414 nostrae
419 3350 610 3434 subjacent,
634 3370 811 3432 earumque
832 3350 1119 3434 dispensatrixest
1139 3354 1250 3436 regula
1270 3372 1367 3435 quam

197 3458 265 3523 dixi
288 3460 400 3525 tertia:
433 3461 525 3543 quod
552 3480 592 3525 ex
615 3459 668 3527 his
690 3481 774 3541 quae
796 3460 829 3526 in
852 3460 1015 3544 principio
1039 3460 1124 3527 dicta
1148 3476 1225 3528 sunt
1247 3462 1367 3529 clarius

196 3568 400 3654 intelligitur.
455 3569 490 3637 Si
523 3570 626 3654 igitur
656 3572 712 3655 jus
744 3571 891 3655 gentium
925 3586 1133 3654 spectemus,
1167 3590 1234 3637 non
1269 3572 1367 3637 civile

196 3679 354 3761 aliquod,
377 3680 511 3747 omnino
530 3681 617 3747 hosti
638 3680 718 3746 fides
739 3680 898 3749 servanda
920 3695 986 3763 est,
1011 3696 1049 3746 ut
1069 3681 1166 3746 docet
1187 3681 1219 3745 T
1221 3682 1322 3748 ullius
1335 3684 1365 3763 ³,

195 3789 291 3856 etiam
322 3790 473 3873 perfido,
506 3806 544 3858 ut
573 3790 767 3859 Ambrosius
786 3794 818 3857 ’τ
841 3792 934 3873 quod
956 3791 1000 3857 ita
1022 3790 1269 3875 intelligendum
1294 3807 1366 3873 est,

194 3898 255 3965 nisi
290 3900 331 3965 ab
364 3921 402 3966 eo
435 3900 507 3985 ipso
539 3917 733 3983 contractu,
766 3922 806 3968 ex
834 3921 901 3983 quo
925 3901 1006 3967 fides
1021 3904 1237 3985 postulatur,
1261 3901 1366 3966 hostis

193 4009 284 4092 prior
317 4011 487 4079 recesserit
505 4011 536 4077 ⁵:
572 4034 645 4079 cum
681 4012 765 4079 enim
800 4026 915 4077 mutua
948 4012 992 4079 sit
1024 4010 1181 4096 obligatio
1201 4018 1236 4090 ⁶,
1272 4011 1365 4093 quasi

193 4121 340 4187 conditio
363 4122 504 4205 polliciti
527 4122 684 4190 deiecisse
707 4122 882 4188 videbitur.
918 4122 993 4187 Hoc
1016 4141 1083 4189 uno
1107 4120 1267 4204 excepto⁷

227 4292 236 4324 ¹
253 4294 285 4341 V.
302 4294 393 4342 Thom.
411 4308 435 4342 2.
459 4308 483 4343 2.
507 4309 532 4356 q.
551 4310 592 4357 40.
612 4308 659 4344 art.
685 4310 708 4348 1.
731 4298 784 4344 Bal.
809 4308 882 4344 cons.
907 4298 925 4343 1.
949 4309 975 4357 4.
1000 4306 1056 4357 329.
1074 4293 1142 4341 Vict.
1160 4307 1185 4341 n.
1207 4303 1247 4347 50.
1266 4304 1306 4348 ⁵2·
1326 4304 1365 4354 54.

76 4426 87 4442 ‚
193 4383 255 4430 silv.
272 4382 299 4432 in
317 4398 343 4433 v.
360 4386 467 4433 Bellum.
487 4399 508 4433 1.
527 4390 549 4445 ς.
562 4400 599 4434 ιο.
618 4388 701 4435 concl.
719 4391 743 4443 7.
778 4382 920 4435 ²V.c.a.
943 4382 1362 4447 ⁸deott.1.1.[c.1³.§.39.]

193 4474 252 4520 etl.
270 4486 294 4530 ³·
327 4470 387 4523 ⁴de
405 4474 483 4523 offll.
503 4490 526 4524 2.
559 4474 666 4524 ‘Wiln
690 4477 772 4525 Math.
798 4477 922 4527 debello
946 4474 1271 4533 jasto.inreq.2.p.1.
1304 4472 1365 4521 ⁸eu

192 4564 250 4612 cad.
268 4577 321 4623 reg.
341 4577 365 4621 ³·
399 4562 410 4598 ⁷
427 4565 502 4615 Silius
521 4568 537 4613 Ι.
558 4580 595 4627 14
615 4566 665 4627 [vs.
686 4568 740 4629 1⁶9·
759 4567 828 4628 sqq-J
1193 4628 1231 4691 8*
