3450 5434
353 634 414 697 126
663 646 709 693 me
732 641 825 711 June
852 643 1036 691 annuunt.
1061 643 1142 691 cnr.
1167 643 1216 687 rx.

350 803 419 867 lum
445 814 595 890 gerunt,
619 799 812 886 quodjuris
834 796 1041 885 adipiscendi
1065 798 1187 883 gratia
1205 808 1340 882 gerunt.
1385 794 1470 861 Nam
1487 795 1521 863 in

350 912 514 994 subditis,
550 928 588 977 ut
610 911 718 977 dicere
745 909 935 992 occepimus
955 910 984 987 ¹,
1007 907 1202 990 obsequium
1223 921 1406 990 spectatur,
1430 907 1522 988 quod

349 1024 383 1088 in
402 1025 475 1108 jure
496 1023 668 1107 pontificio
680 1020 834 1106 Gregorii
845 1018 979 1087 verbis¹
1000 1018 1209 1101 exprimitur:
1233 1038 1360 1083 summa
1376 1018 1523 1083 militiae

350 1136 425 1200 laus
446 1139 538 1199 inter
560 1134 633 1198 alia
656 1133 740 1196 bona
761 1134 884 1195 merita
904 1132 1067 1211 haeresi,
1092 1128 1307 1195 obedientiam
1318 1130 1523 1213 reipublicae

350 1245 559 1311 utilitatibus
578 1244 742 1308 exhibere.
766 1242 876 1328 Quare
897 1255 930 1307 et
950 1241 989 1306 ab
1012 1240 1065 1306 his
1085 1239 1196 1307 abesse
1216 1238 1336 1305 debent
1356 1260 1415 1322 ea,
1435 1260 1521 1323 quae

348 1376 367 1421 a
395 1354 589 1423 voluntariis
622 1352 831 1419 removimus.
878 1351 964 1418 Sunt
992 1365 1098 1416 autem
1119 1350 1192 1417 istis
1211 1349 1303 1417 vitiis
1325 1351 1434 1418 affines
1452 1350 1521 1417 fere

349 1466 561 1547 mercenarii,
593 1480 631 1531 ut
663 1465 757 1530 Plato
789 1460 800 1496 ³
822 1482 863 1527 ex
890 1462 1034 1545 Tyrtaeo
1062 1459 1204 1544 probat,
1228 1460 1284 1543 qui
1308 1459 1433 1528 scilicet
1449 1464 1521 1529 sola

347 1600 405 1662 spe
434 1577 518 1644 lucri
545 1574 690 1660 pericula
710 1587 924 1640 contemnunt
944 1568 967 1637 ⁴.
1011 1569 1208 1654 Antiphanis
1227 1578 1238 1611 ⁵
1259 1588 1326 1639 non
1354 1570 1521 1657 inelegans
1585 1652 1598 1663 ,

347 1710 463 1758 versus
482 1703 532 1755 est
549 1689 589 1754 de
606 1686 727 1753 milite:

580 1797 610 1874 ie
630 1798 715 1867 itera
734 1802 786 1866 τοῦ
807 1796 858 1879 ζῆν
878 1795 973 1879 ἔρχετ’
994 1797 1229 1877 ἀποθανούμενος.

532 1906 599 1992 Qui
622 1921 731 1993 nempe
751 1909 858 1974 ritam
882 1917 920 1969 ut
939 1918 1085 1989 quaerat
1107 1908 1144 1969 iu
1166 1918 1301 1969 mortem
1323 1907 1408 1970 ruit.

385 2022 466 2087 Non
484 2033 533 2085 est
545 2018 683 2086 vetitum
694 2016 793 2082 militi
814 2014 929 2082 salaria
946 2014 1092 2098 accipere
1114 2028 1197 2081 teste
1218 2016 1366 2095 Paulo⁸,
1389 2015 1422 2081 in
1443 2015 1519 2099 qui·

347 2132 409 2197 bus
439 2130 534 2197 etiam
554 2128 704 2213 praedam
726 2125 957 2209 comprehendi
977 2126 1133 2210 largiente
1161 2125 1328 2209 republica
1359 2142 1416 2192 aut
1451 2147 1518 2193 ma·

347 2240 485 2325 gistratu
523 2237 666 2304 diximus
706 2253 739 2303 et
779 2236 925 2303 dicemus
945 2245 968 2302 ⁷.
1014 2235 1080 2302 Sed
1106 2237 1195 2302 hunc
1226 2236 1435 2319 praecipuum
1456 2236 1518 2304 tibi

345 2370 481 2434 scopum
499 2368 704 2432 proponere,
725 2363 763 2414 ut
784 2368 823 2413 ex
842 2348 960 2431 praeda
985 2348 1112 2412 lucrum
1131 2346 1254 2431 facias,
1278 2347 1436 2416 vitiosum
1457 2364 1517 2415 est.

346 2461 504 2528 Similiter
523 2478 602 2540 eos,
623 2457 682 2541 qui
700 2458 808 2524 officio
829 2457 963 2541 publico
985 2456 1188 2541 funguntur,
1212 2458 1355 2541 accipere
1377 2461 1517 2525 honora·

234 2558 237 2565 ¹
329 2571 393 2644 ria
415 2587 502 2637 recte
522 2569 643 2639 scimus
663 2583 696 2635 et
714 2569 748 2635 in
768 2569 821 2634 his
838 2568 999 2634 interdum
1021 2570 1158 2633 mulctas
1181 2568 1314 2635 civium.
1360 2570 1516 2653 Iniquum

345 2681 430 2749 enim
450 2697 534 2749 esset
554 2680 670 2748 serviri
689 2680 834 2747 omnium
856 2676 1055 2745 utilitatibus
1074 2677 1190 2744 damno
1208 2678 1398 2747 uniusrsed
1417 2680 1516 2747 alium

345 2809 451 2860 tamen
473 2791 569 2859 finem
587 2791 795 2876 magistratus
818 2808 1000 2874 proponere
1022 2787 1085 2855 sibi
1107 2789 1224 2871 debet,
1247 2792 1370 2857 bonum
1392 2791 1518 2859 scilicet

344 2901 524 2986 publicum.
569 2900 644 2966 Hoc
663 2899 770 2983 ipsum
792 2897 902 2964 voluit
921 2898 1131 2983 Augustinus
1151 2896 1179 2965 ⁸:
1202 2901 1354 2967 militare
1384 2923 1448 2967 non
1470 2917 1518 2969 est

343 3012 519 3090 delictum,
551 3010 608 3077 sed
630 3023 773 3096 propter
797 3009 964 3094 praedam
996 3009 1147 3076 militare
1169 3018 1343 3097 peecatum
1366 3026 1437 3079 est:
1461 3034 1519 3079 nec

344 3121 580 3208 rempublicam
609 3139 727 3205 gerere
755 3122 968 3184 criminosum
991 3133 1061 3200 est,
1084 3121 1142 3186 sed
1160 3120 1231 3187 ideo
1250 3143 1369 3208 gerere
1387 3137 1518 3208 rempu-

344 3232 464 3297 blicam
498 3242 536 3295 rrt
565 3229 704 3295 diritius
737 3236 860 3315 augias
883 3228 1019 3296 ridetur
1041 3250 1105 3294 esse
1125 3230 1326 3297 damnabii.
1373 3232 1418 3297 Hi
1436 3254 1517 3301 vero

344 3341 403 3424 qui
425 3341 578 3406 damnum
599 3338 686 3421 passi
707 3353 784 3405 sunt
805 3338 892 3421 ipsi,
916 3340 1076 3406 hoedum
1104 3355 1272 3423 reparant,
1297 3342 1391 3409 etiam
1414 3364 1517 3427 prop·

342 3468 393 3518 ter
412 3450 560 3534 praedam
583 3462 672 3515 recte
703 3448 868 3528 militant,
891 3450 955 3515 hoc
988 3464 1037 3517 est
1063 3466 1197 3534 propter
1212 3452 1295 3536 J'uris
1326 3454 1378 3519 sui
1401 3474 1516 3521 conse·

343 3562 531 3641 tutionem,
565 3580 649 3642 quae
683 3558 717 3625 in
749 3558 866 3643 praeda
895 3558 1055 3628 consistit.
1108 3560 1173 3627 Sed
1195 3564 1287 3645 quod
1309 3563 1450 3631 diximus
1474 3566 1516 3631 de

238 3669 242 3679 “
343 3671 440 3739 animi
472 3668 668 3735 rectitudine
697 3669 730 3733 in
759 3689 826 3735 eam
860 3682 989 3735 tantum
1020 3671 1240 3755 cognitionem
1278 3674 1389 3754 venit,
1429 3695 1516 3757 quae

342 3781 556 3867 cogitationes
584 3779 770 3863 introspicit
788 3788 825 3859 ⁸,
858 3780 923 3845 hoc
944 3795 994 3847 est
1018 3782 1076 3847 ubi
1103 3783 1196 3849 Deus
1218 3782 1258 3848 de
1279 3782 1435 3863 homine,
1458 3798 1517 3849 aut

341 3895 441 3960 homo
462 3892 503 3958 de
526 3911 595 3957 sese
614 3891 750 3976 judicat.
795 3891 840 3955 At
862 3891 891 3957 si
916 3891 1047 3974 quando
1071 3892 1104 3960 in
1124 3892 1230 3959 forum
1248 3913 1299 3960 res
1317 3892 1379 3959 ista
1389 3892 1517 3975 veniat,

342 4019 420 4088 puta
442 4003 470 4069 si
493 4017 627 4086 pacatus
650 4000 770 4083 aliquis
786 4001 889 4086 judex
910 4003 950 4068 de
982 4003 1100 4085 praeda
1133 4005 1304 4084 decemat‚
1338 4002 1519 4069 omittenda

340 4170 531 4181 -n--u-

375 4261 383 4293 ¹
401 4260 483 4321 princ.
499 4272 554 4319 cap.
588 4254 599 4290 ²
617 4270 640 4305 c.
657 4260 704 4307 ult.
722 4270 763 4315 23.
781 4271 803 4306 r.
821 4256 909 4322 [Dect.
929 4261 997 4309 Grat.
1012 4274 1038 4321 p.
1053 4260 1090 4322 2.]
1125 4260 1136 4293 ⁸
1154 4263 1185 4312 de
1201 4264 1265 4323 legg.
1280 4264 1298 4309 1.
1318 4274 1340 4309 r.
1360 4260 1398 4322 [p.
1413 4260 1518 4323 6³0.b.]

340 4350 351 4382 ⁴
369 4350 431 4400 silv.
446 4351 472 4398 in
483 4365 508 4397 v.
517 4351 623 4398 Bellum.
637 4349 657 4409 ς.
669 4361 707 4396 10.
724 4350 809 4397 concl.
824 4363 849 4410 4.
868 4348 949 4407 cajet.
968 4350 994 4399 in
1013 4354 1105 4401 summ.
1122 4364 1195 4412 pecc.
1213 4350 1238 4399 in
1257 4366 1283 4399 v.
1299 4332 1396 4399 Bellum
1406 4351 1520 4401 dubium.

340 4440 426 4504 ὗ[ορ.
451 4440 522 4488 stob.
549 4439 624 4487 florii.
648 4440 665 4485 l.
684 4450 724 4495 ss.
739 4451 765 4485 n.
780 4439 818 4500 9.]
859 4437 949 4488 ‘Con
971 4452 992 4488 r.
1010 4454 1034 4502 9.
1052 4452 1076 4498 7.
1110 4437 1162 4489 ⁷c.
1179 4455 1197 4503 4
1214 4453 1238 4489 et
1255 4454 1278 4488 c.
1298 4454 1335 4489 ro.
1367 4438 1429 4490 ὀε
1446 4442 1520 4491 verb.

339 4533 416 4578 Dom.
427 4529 519 4579 citatur
535 4530 561 4580 in
579 4542 603 4577 c.
612 4526 728 4576 militare.
746 4525 835 4590 [Decr-
853 4530 922 4581 Grrt.
939 4544 965 4591 p.
983 4544 1006 4579 ο.
1022 4543 1062 4588 aa.
1083 4544 1104 4579 r.
1115 4529 1150 4594 s.]
1186 4531 1279 4581 ’scon
1296 4530 1521 4595 rs.dist.4r.q.4‚
