3450 5434
349 633 393 695 40
653 637 700 683 DE
724 637 816 702 JURE
842 637 1026 687 PRAEDAE.
1050 640 1133 686 CAP·
1158 640 1213 688 111.

351 803 538 853 exercetur:
561 790 624 855 hoc
647 805 719 874 est,
744 791 802 858 ubi
823 811 889 857 non
912 791 1084 877 respicitur
1106 795 1229 860 bonum
1250 793 1355 878 ipsius
1376 793 1434 876 qui
1457 815 1519 877 pu·

349 897 461 981 nitur,
486 916 542 967 aut
562 923 741 970 commune.
773 903 851 969 Duo
871 904 1052 987 posteriora
1072 904 1152 972 vitia
1173 925 1240 971 uno
1264 907 1337 970 loco
1358 904 1443 971 idem
1464 905 1519 970 ille

350 1009 470 1076 Seneca
484 1018 492 1052 ¹
507 1011 643 1079 indicat:
664 1015 746 1081 Plus
760 1016 892 1101 faciam
913 1036 1013 1101 quam
1035 1030 1185 1102 oportet:
1205 1016 1361 1081 libentius
1373 1016 1517 1099 faciam.

349 1123 435 1188 Nam
465 1145 537 1190 cum
569 1146 695 1208 poena,
727 1141 765 1192 ut
797 1140 870 1192 ante
898 1126 1029 1192 nomina
1060 1109 1290 1207 distinximus,
1323 1126 1454 1210 proprie
1476 1127 1520 1192 sit

349 1235 520 1301 retributio
557 1237 653 1321 ejus,
693 1239 784 1321 quod
820 1258 837 1302 a
868 1252 958 1320 parte
992 1237 1054 1303 toti
1089 1258 1128 1304 ex
1162 1236 1320 1302 maleficio
1358 1237 1519 1318 debetur,

348 1361 479 1430 oportet
506 1368 573 1413 eam
605 1348 700 1448 dirigi
730 1350 771 1416 ad
799 1349 962 1433 publicam
993 1348 1184 1415 utilitatem:
1215 1347 1269 1414 cui
1301 1348 1448 1429 accedit,
1482 1363 1520 1414 ut

349 1457 467 1523 ibidem
492 1460 718 1543 ostendimus,
739 1476 777 1526 ut
795 1461 941 1545 ipsorum
962 1479 1057 1544 saepe
1078 1461 1137 1543 qui
1155 1475 1291 1544 peccant
1310 1459 1437 1528 intersit
1453 1480 1520 1525 ma·

349 1570 449 1636 litiam
480 1591 544 1637 non
580 1571 663 1638 ferre
695 1573 897 1656 impunitam.
942 1572 1152 1657 Augustinus
1173 1575 1185 1611 ¹
1206 1573 1269 1637 hoc
1291 1570 1422 1652 voluit,
1445 1592 1518 1637 cum

348 1680 431 1747 nihil
464 1681 626 1749 infelicius
657 1683 741 1749 dixit
771 1683 925 1750 felicitate
957 1683 1170 1768 peccantium.
1216 1682 1318 1770 Quod
1340 1684 1368 1747 si
1398 1701 1518 1766 poenas

347 1793 510 1858 remittere
530 1813 595 1860 non
617 1813 741 1876 semper
760 1809 925 1876 tenemur,
945 1798 1049 1861 multo
1068 1814 1144 1861 sane
1164 1788 1273 1860 minus
1285 1793 1338 1874 id,
1360 1795 1450 1876 quod
1459 1814 1517 1860 no-

348 1903 399 1969 bis
423 1904 605 1989 exjustitia
626 1906 857 1971 commutative
877 1907 1023 1973 debetur.
1059 1906 1145 1972 Nam
1164 1927 1248 1989 quae
1267 1920 1437 1989 praecepta
1458 1905 1518 1972 eti-

348 2035 397 2079 am
420 2017 482 2080 hoc
505 2014 658 2082 videntur
680 2016 838 2098 suadere,
863 2038 929 2083 non
952 2018 985 2083 id
1008 2019 1100 2100 quod
1119 2032 1267 2084 nostrum
1289 2031 1338 2082 est
1357 2017 1519 2083 remittere

348 2145 409 2191 nos
432 2125 619 2192 indistincte
641 2142 673 2192 et
694 2128 935 2210 quodammodo
957 2128 1116 2214 projicere
1132 2129 1249 2214 jubent
1270 2132 1305 2209 ¹,
1332 2128 1518 2212 (nunquam

348 2237 432 2302 enim
467 2236 547 2303 viris
577 2238 696 2304 sanctis
730 2238 843 2324 religio
877 2238 943 2305 fuit
977 2260 1072 2306 suum
1096 2238 1244 2325 judicio,
1279 2255 1336 2306 aut
1369 2240 1397 2304 si
1425 2239 1519 2305 aliter

348 2369 412 2415 non
434 2364 593 2435 possent,
616 2348 650 2416 vi
669 2350 757 2434 justa
778 2351 976 2436 consequi,)
997 2351 1056 2416 sed
1075 2351 1188 2417 cedere
1208 2351 1430 2434 potiusquam
1442 2371 1519 2435 pec·

348 2474 453 2526 catum
476 2461 585 2526 subire
606 2475 662 2526 aut
684 2461 818 2544 publico
842 2481 912 2527 esse
934 2461 1144 2529 offendiculo.
1190 2463 1298 2545 Atqui
1319 2481 1412 2547 saepe
1435 2462 1518 2528 acci-

347 2565 452 2637 dit'ut
470 2591 536 2637 non
554 2587 665 2638 nostra
686 2573 859 2654 duntaxat,
880 2574 937 2638 sed
955 2573 1079 2657 publici
1100 2573 1194 2638 etiarn
1215 2574 1353 2658 exempli
1372 2574 1517 2654 intersit,

347 2683 464 2748 habere
484 2701 545 2750 nos
567 2683 602 2751 id
624 2685 714 2767 quod
732 2699 881 2750 nostrum
901 2699 960 2750 est.
1002 2684 1063 2768 Jus
1082 2683 1182 2769 igitur
1198 2685 1346 2752 divinum
1366 2685 1420 2752 his
1436 2704 1519 2768 quas

188 2804 333 2905 misula&
348 2793 677 2862 diximussententiis
696 2797 782 2862 bello
804 2795 892 2862 omni
914 2815 980 2861 non
1004 2795 1185 2863 intercedit.
1231 2797 1318 2862 Cum
1339 2812 1446 2862 autem
1463 2797 1518 2881 jus

347 2926 442 2972 omne
473 2921 558 2972 recte
589 2907 802 2974 distribuatur
833 2907 867 2971 in
899 2906 1047 2972 divinum
1079 2923 1110 2973 et
1142 2909 1343 2989 humanum,
1372 2923 1405 2974 et
1435 2910 1518 2974 bella

348 3018 503 3100 quaedam
539 3038 578 3083 ex
607 3019 679 3103 jure
711 3017 825 3084 divino
857 3018 1031 3101 procedere
1061 3018 1126 3103 jam
1160 3020 1415 3086 demonstratum
1449 3021 1516 3101 sit,

347 3129 455 3195 eadem
481 3127 569 3194 omni
586 3129 658 3212 jure
675 3129 763 3213 iusta
786 3147 855 3194 esse
876 3129 931 3193 illa
953 3129 1084 3214 colliget
1104 3131 1279 3199 auctoritas
1300 3132 1335 3211 ⁵,
1360 3151 1442 3213 quac
1463 3132 1518 3215 jus

348 3251 524 3305 numanum
547 3239 602 3323 jus
626 3258 694 3305 esse
718 3254 836 3323 negat,
858 3239 887 3304 si
907 3239 973 3324 juri
993 3239 1106 3307 divino
1127 3257 1296 3326 repugnet.
1341 3243 1387 3307 Et
1410 3244 1517 3308 hacte-

346 3369 409 3416 nus
431 3350 553 3416 divinis
572 3325 766 3416 testimoniis
785 3350 908 3419 utimur
928 3357 963 3433 ⁶,
987 3352 1074 3418 unde
1095 3356 1198 3419 multo
1220 3353 1315 3418 eciam
1337 3356 1431 3437 plura
1450 3354 1517 3437 peti

345 3477 484 3546 possunt
515 3477 726 3546 argumenta,
751 3461 778 3527 si
802 3483 876 3528 cum
899 3483 997 3547 supra
1024 3463 1141 3546 positis
1171 3479 1203 3529 et
1231 3466 1271 3530 ab
1301 3465 1371 3548 ipsa
1402 3480 1517 3531 natura

344 3573 456 3658 petitis
488 3573 668 3640 rationibus
700 3574 964 3658 permisceantur.
1011 3571 1202 3658 Sequuntur
1225 3576 1435 3643 auctoritates
1454 3578 1517 3643 hu-

345 3704 456 3752 manae
490 3685 598 3752 minus
630 3702 733 3752 certae
762 3686 892 3769 quidem
917 3686 1014 3767 illae,
1038 3687 1212 3752 admodum
1235 3702 1341 3755 tamen
1364 3687 1516 3772 probabi·

186 3808 308 3876 morare-
345 3799 411 3862 les:
443 3812 521 3862 sunt
541 3812 648 3863 autem
669 3797 835 3881 duplices,
859 3819 878 3864 a
900 3797 993 3863 factis
1024 3798 1198 3881 dictisque.
1245 3799 1331 3864 Nam
1364 3799 1391 3864 si
1410 3801 1516 3884 Justae

186 3877 225 3910 ms
239 3873 313 3910 mm·

185 3916 332 4017 jgfjgfffle
343 3907 459 3976 merito
492 3908 716 3975 existimantur
736 3909 900 3994 justorum
926 3910 1071 3975 virorum
1092 3909 1259 3991 actiones,
1284 3911 1335 3992 si,
1358 3910 1515 3993 inquam,

186 4025 302 4086 campus.
344 4021 384 4087 ad
407 4041 458 4088 res
481 4040 592 4086 omnes
614 4020 842 4088 discernendas
863 4021 1038 4104 plurimum
1060 4022 1171 4086 valent
1193 4024 1364 4105 exempla,
1388 4036 1516 4106 ternpus

378 4281 386 4312 ¹
405 4283 436 4330 de
458 4282 503 4330 ira.
526 4284 543 4330 l.
565 4294 587 4340 s.
602 4295 624 4331 c.
642 4295 680 4331 12.
714 4278 724 4312 ²
742 4283 773 4331 de
788 4294 861 4331 serm.
877 4283 952 4330 Dom.
968 4280 994 4329 in
1007 4292 1102 4329 monte.
1121 4279 1186 4345 [rol.
1202 4293 1225 4339 s.
1239 4296 1264 4341 p.
1279 4295 1303 4330 a.
1319 4295 1346 4342 p.
1363 4283 1513 4345 117—170.]

344 4371 438 4433 ⁸nus.
464 4386 505 4434 ep.
522 4387 547 4436 4.
564 4375 595 4422 ad
618 4374 735 4422 Marcell.
759 4371 850 4422 citatur
875 4372 902 4421 in
927 4387 950 4421 c.
971 4383 1079 4434 paratus.
1097 4372 1185 4435 [Decr.
1202 4374 1271 4421 Grae.
1288 4386 1314 4434 p.
1333 4363 1356 4421 a.
1374 4387 1415 4432 as.
1436 4386 1458 4422 t.
1477 4374 1514 4436 a]

342 4463 415 4513 Adde
430 4478 470 4524 ep.
489 4477 527 4520 50·
542 4467 573 4512 ad
588 4463 674 4512 Bonif.
693 4465 765 4512 Com.
783 4465 814 4511 V.
831 4476 854 4512 c.
870 4464 986 4514 ecclesia.
1008 4477 1031 4513 c.
1052 4477 1082 4512 er
1099 4463 1222 4513 vindicta.
1239 4478 1262 4513 c.
1283 4463 1408 4525 quisquis.
1425 4465 1514 4527 [Decr.

343 4557 412 4604 Grae.
428 4570 454 4616 p.
472 4569 495 4604 2.
512 4567 631 4618 amq-c.
647 4569 688 4618 4²·
703 4568 728 4605 et
745 4555 893 4618 snetsa]
929 4553 1111 4618 ⁴Aet.5.29.
1144 4554 1317 4616 ‘adprobat
1332 4567 1514 4617 tramam
