3450 5434
359 628 421 690 322
665 631 713 677 DE
737 632 830 697 JURE
856 631 1041 680 PRAEDAE.
1067 633 1147 679 CAP.
1171 634 1233 680 XV·

359 805 455 866 quam
488 785 573 851 inter
602 785 782 852 Lusitanos
808 786 1016 876 cognationis
1042 787 1262 854 necessitudo.
1308 789 1384 854 Etsi
1407 809 1447 854 ne
1471 791 1534 856 hoc

359 897 492 978 quidem
524 896 661 962 nimium
694 897 876 963 mirandum
910 913 981 978 est,
1015 918 1088 963 cum
1113 899 1233 980 passim
1257 900 1412 965 Lusitani
1437 901 1533 967 etiam

358 1007 561 1091 Lusitanos,
594 1008 654 1090 qui
685 1028 764 1074 suae
796 1028 864 1074 non
896 1024 974 1075 sunt
1008 1009 1198 1091 societatis,
1223 1010 1276 1076 sui
1299 1025 1425 1076 tantum
1451 1012 1534 1078 lucri

359 1119 460 1204 gratia
491 1119 683 1202 invidiaque
714 1119 755 1184 ad
786 1139 897 1185 necem
920 1135 1173 1203 persequantur.
1221 1122 1277 1187 Ab
1301 1122 1353 1189 his
1376 1123 1478 1208 igitur
1500 1143 1534 1190 se

358 1230 443 1296 tueri
465 1250 562 1298 nemo
583 1231 650 1296 nisi
673 1231 861 1297 ulciscendo
883 1246 1004 1313 potest.
1030 1233 1140 1315 Nam,
1164 1247 1202 1300 ut
1224 1247 1310 1300 recte
1334 1233 1419 1300 dixit
1439 1236 1535 1301 theo·

359 1344 455 1427 logus
468 1343 636 1427 Hispanus
648 1344 681 1423 ¹,
699 1343 842 1424 bellurn,
868 1341 962 1409 etiam
984 1343 1186 1411 defensionis
1205 1346 1309 1412 solius
1327 1366 1424 1412 causa
1445 1366 1535 1412 com-

358 1469 529 1538 paratum,
562 1454 629 1539 geri
660 1473 728 1520 non
757 1468 887 1538 potest,
920 1455 984 1520 nisi
1016 1455 1115 1522 simul
1143 1455 1175 1520 in
1200 1458 1313 1523 hostes
1336 1458 1533 1524 vindicetur.

360 1566 498 1631 Fiereat
520 1570 606 1630 caim
630 1568 758 1648 hostes,
781 1565 915 1648 inquit,
939 1565 1135 1633 audaciores
1159 1567 1206 1633 ad
1226 1573 1349 1634 iterum
1373 1568 1535 1636 invaden-

358 1677 461 1757 dum,
494 1681 561 1742 nisi
592 1681 711 1741 timore
735 1691 861 1761 poeaae
883 1676 1139 1742 deterrerentur
1161 1678 1202 1742 ab
1225 1680 1372 1764 injuria.
1419 1679 1535 1766 Quan-

358 1805 429 1856 tum
464 1788 565 1873 igitur
602 1788 736 1871 publice
773 1789 910 1856 interest
948 1803 1161 1854 mercaturam
1201 1790 1344 1856 Indicam
1377 1791 1534 1872 retineri,

358 1901 561 1967 tantumdem
594 1899 796 1981 Lusitanos,
829 1900 1096 1982 quandocunque
1128 1901 1224 1966 datur
1255 1902 1408 1982 occasio,
1440 1901 1534 1967 malis

360 2015 537 2096 omnibus,
570 2032 711 2096 quorum
742 2011 946 2078 levissimum
979 2025 1028 2078 est
1061 2033 1167 2079 rerum
1197 2013 1348 2098 jactura,
1377 2012 1532 2079 coerceri.

359 2125 404 2190 Et
425 2127 485 2191 hae
518 2125 651 2206 quidem
685 2123 934 2189 commoditates
957 2123 1070 2204 intus,
1095 2123 1176 2190 aliae
1198 2143 1278 2189 vero
1301 2141 1367 2190 non
1391 2123 1534 2188 minores

361 2251 450 2302 extra
473 2237 555 2302 sitae
578 2234 723 2316 sunt,in
744 2235 910 2300 sociorum
934 2235 1117 2301 commodis
1140 2249 1197 2300 aut
1225 2235 1441 2302 incommodis
1458 2237 1535 2301 hos·

227 2348 455 2455 garumnam.
501 2349 539 2412 In
569 2346 659 2413 omni
687 2346 751 2412 hoc
779 2345 935 2412 universo
963 2360 1039 2430 post
1066 2347 1173 2412 Deum
1205 2347 1421 2413 immortalem
1451 2347 1534 2412 nihil

361 2459 487 2527 homini
520 2474 570 2526 est
599 2457 715 2524 utilius
744 2459 899 2538 homine,
923 2459 1010 2524 unde
1033 2477 1157 2524 summa
1180 2458 1307 2524 utilitas
1330 2459 1433 2524 estin
1457 2477 1534 2524 con·

359 2572 510 2640 ciliandis
521 2571 691 2638 hominum
704 2569 846 2652 studiis,
872 2570 992 2652 dequo
1012 2569 1131 2635 Cicero
1144 2569 1256 2635 multis
1267 2570 1335 2655 agit
1345 2570 1533 2636 Panaetium

359 2699 518 2767 secutus,
541 2683 602 2766 qui
624 2702 754 2750 omnem
774 2683 814 2747 de
835 2681 910 2748 utili
930 2681 1185 2764 disputationem
1206 2680 1239 2747 in
1259 2681 1322 2747 isto
1343 2697 1534 2766 argumento

359 2810 592 2864 consumserat.
640 2793 736 2861 Sicut
758 2808 790 2858 et
813 2791 1010 2858 Aristoteles
1030 2789 1042 2824 ²
1062 2791 1145 2858 inter
1168 2813 1205 2857 ea
1239 2813 1323 2875 quae
1356 2793 1534 2876 plurimum

359 2923 499 2991 prosunt
521 2906 643 2974 amicos
663 2905 757 2990 ponit
786 2919 819 2970 et
846 2903 1027 2985 amicitias,
1053 2921 1135 2986 quas
1156 2919 1189 2970 et
1206 2925 1264 2986 per
1282 2924 1317 2970 se
1338 2906 1535 2989 expetendas

360 3021 464 3102 dicit,
496 3034 529 3085 et
559 3036 630 3084 esse
663 3019 839 3084 multarum
872 3035 979 3082 rerum
1012 3015 1217 3095 effectrices,
1241 3016 1328 3081 unde
1350 3023 1535 3102 mamercias

358 3143 411 3210 τῆς
432 3135 692 3220 φιλοχρηματίας,
716 3131 888 3193 amicitiae
907 3126 1126 3212 cupiditatem
1141 3130 1305 3212 pecuniae
1323 3127 1534 3214 eupiditate,

226 3265 349 3339 aratam
359 3243 625 3327 praestantiorem
646 3240 783 3325 judicat.
832 3239 918 3305 Cum
943 3252 1049 3303 autem
1074 3251 1185 3304 contra
1205 3238 1301 3304 etiam
1322 3239 1472 3321 accidat,
1498 3254 1536 3305 ut

225 3321 252 3364 ''
360 3355 512 3421 homines
542 3352 734 3418 hominibus
764 3350 942 3434 plurimum
974 3348 1106 3431 obsint,
1131 3351 1223 3432 quod
1252 3369 1368 3416 versus
1394 3350 1449 3418 ille
1469 3351 1535 3435 sig·

359 3464 488 3531 nificat:

447 3576 614 3640 Peraities
637 3576 763 3639 homini
786 3594 872 3659 quac
892 3573 1076 3638 maxima?
1100 3572 1186 3637 solus
1209 3575 1300 3637 homo
1324 3573 1439 3653 alter,

360 3707 401 3754 ex
423 3686 660 3754 contrariomm
683 3701 800 3751 natura
818 3683 970 3767 sequitur
987 3684 1021 3748 id
1042 3684 1140 3751 nobis
1157 3684 1317 3767 optimum
1336 3703 1429 3764 esse,
1443 3686 1536 3766 quod

360 3798 503 3866 inimicis
521 3798 699 3883 pessimum
724 3812 794 3864 est:
818 3796 907 3864 sicut
928 3815 945 3860 e
966 3795 1096 3862 diverso
1116 3795 1209 3877 quod
1229 3795 1382 3862 hostibus
1403 3798 1534 3880 placet,

361 3911 396 3977 id
415 3911 512 3977 nobis
532 3909 749 3994 pernitiosum
774 3926 844 3974 esse
867 3906 1104 3992 intelligimus,
1127 3907 1215 3972 unde
1239 3922 1311 3988 est,

491 4022 562 4088 Hoc
584 4023 720 4087 Ithacus
743 4021 825 4088 relit
848 4033 881 4083 et
904 4039 1022 4106 magno
1044 4031 1234 4084 mercentur
1254 4017 1415 4086 Atridae.

402 4134 528 4200 Merito
557 4132 659 4218 igitur
683 4132 740 4215 qui
773 4132 813 4197 de
833 4129 972 4197 utilibus
993 4129 1142 4196 scribunt
1161 4144 1194 4195 et
1216 4129 1333 4196 hocin
1353 4131 1533 4215 praecipuo

359 4247 474 4312 ordine
504 4247 678 4312 collocant.
724 4246 776 4309 Ac
807 4241 948 4325 primum
970 4241 1132 4306 amicitiae
1154 4255 1275 4322 quanta
1295 4241 1348 4308 vis
1371 4241 1414 4306 sit
1437 4261 1532 4309 nemo
1579 4311 1589 4340 Κ

359 4400 448 4409 η’.--
456 4401 554 4410 ..--..

394 4483 402 4514 ¹
421 4484 489 4534 Vict.
507 4485 539 4533 de
556 4481 612 4540 iure
629 4481 709 4540 belli,
727 4481 753 4528 in
772 4479 854 4540 princ.
888 4476 899 4509 ¹
916 4479 1024 4526 Rhetor.
1045 4492 1065 4526 1.
1085 4491 1108 4525 c.
1127 4479 1150 4525 6.
1171 4476 1210 4541 [p.
1231 4479 1303 4534 1362.
1322 4478 1347 4525 b.
1364 4489 1402 4525 vt.
1423 4477 1475 4539 ra]
