3450 5434
351 625 413 692 272
640 625 687 671 DF.
711 625 804 692 JURE
831 623 1017 671 nunaunt.
1044 625 1122 672 onl’.
1148 624 1230 672 x111.

351 776 475 858 quibus
508 780 609 844 multa
642 801 700 862 per
718 780 848 845 saecula
871 779 1055 862 respublica
1077 793 1233 862 steterat,
1259 780 1368 845 eadem
1394 780 1427 845 in
1451 801 1527 864 pro·

190 907 228 951 ns
246 890 479 966 regemvinciae
506 891 640 957 modum
667 893 892 974 Hispanorum
918 891 1048 956 libidini
1080 891 1310 976 subjiceretur.
1356 891 1526 958 Postremo

351 1001 445 1067 etiam
473 1002 591 1084 poenis
625 1002 799 1068 coercendi
834 985 946 1084 erant,
981 1003 1040 1085 qui
1073 1002 1197 1085 patriae
1225 1017 1284 1070 aut
1315 1003 1445 1068 civibus
1468 1022 1527 1084 per

217 1119 338 1217 i’rs'b'm
350 1112 500 1197 injuriam
525 1113 734 1179 insultabant.
781 1113 876 1201 Quae
900 1134 975 1179 cum
998 1114 1043 1180 ita
1063 1131 1172 1181 essent
1183 1129 1269 1180 certe
1282 1115 1324 1180 ad
1334 1114 1525 1197 Philippum

349 1223 531 1307 pertinuit,
559 1238 686 1290 oratum
716 1224 839 1305 toties,
862 1245 1038 1308 oppressos
1062 1225 1157 1291 annis
1179 1226 1364 1292 Hollandos
1388 1240 1421 1291 et
1443 1226 1525 1290 alios

351 1336 467 1421 Belgas
497 1335 669 1402 defendere
701 1351 734 1402 et
765 1337 799 1401 in
830 1351 942 1403 sontes
970 1338 1026 1421 jus
1054 1337 1199 1404 reddere.
1244 1337 1330 1403 Nam
1354 1337 1433 1402 haec
1456 1337 1524 1402 duo

351 1450 420 1513 sola
449 1463 550 1528 sunt,
582 1468 722 1530 quorum
755 1446 857 1532 gratia
886 1467 1000 1515 omnes
1028 1449 1173 1515 instituti
1206 1463 1284 1514 sunt
1305 1447 1523 1530 Principatus.

351 1558 504 1625 Tradunt
533 1574 642 1624 autem
674 1558 820 1643 magistri
852 1559 936 1643 juris
960 1579 1058 1642 posse
1081 1562 1241 1645 populum
1266 1580 1284 1624 a
1306 1559 1458 1642 Principe
1481 1559 1523 1624 ob

350 1669 502 1738 omissam
535 1668 757 1736 defensionem
789 1670 981 1753 discedere,
1015 1670 1060 1736 ita
1087 1687 1125 1738 ut
1145 1691 1204 1738 nec
1226 1673 1362 1738 alterum
1383 1670 1523 1755 eligendi

350 1795 495 1863 potestas
518 1780 546 1845 ei
568 1782 715 1866 neganda
734 1780 787 1846 sit.
833 1781 953 1847 Tradit
971 1796 1003 1847 et
1021 1783 1150 1849 Doctor
1174 1783 1365 1866 Hispanus¹
1378 1797 1410 1847 et
1433 1781 1524 1864 quod

350 1875 559 1976 estamplius
581 1893 615 1957 in
633 1892 779 1975 Philippi
799 1893 890 1958 illius
911 1913 1039 1960 summo
1064 1895 1227 1977 praetorio
1250 1908 1403 1975 senator,
1428 1911 1525 1976 supe-

349 2004 452 2071 riores
475 2025 514 2070 ex
533 2003 679 2088 justitiae
696 2024 771 2088 erga
782 2004 933 2071 subditos
947 2005 1161 2090 denegatione
1175 2025 1241 2072 non
1253 2007 1361 2070 solum
1374 2024 1524 2086 suprema

347 2115 577 2202 jurisdictione
603 2115 675 2199 ipso
692 2118 765 2201 jure
784 2116 930 2199 privari,
955 2136 1068 2181 verum
1092 2117 1189 2182 etiam
1213 2117 1319 2200 ipsius
1339 2134 1454 2182 rursus
1475 2135 1524 2180 re-

350 2226 553 2309 cuperandae
574 2226 743 2309 incapaces
761 2241 921 2310 perpetuo
943 2227 1024 2293 lieri.
1071 2227 1239 2309 Proinde,
1265 2226 1397 2310 inquit,
1421 2227 1525 2291 Prin·

349 2338 478 2425 cipibus
500 2352 700 2422 summopere
722 2337 904 2405 cavendum
928 2353 999 2419 est,
1024 2338 1151 2405 nedum
1165 2341 1299 2425 injuria
1312 2338 1524 2424 adjustitiae

349 2449 595 2536 denegationem
613 2463 823 2534 properant,
846 2453 912 2535 ipsi
935 2471 1062 2536 quoque
1073 2449 1200 2516 subditi
1211 2449 1260 2516 ad
1268 2449 1522 2514 inobedientiam

349 2573 381 2627 et
412 2560 623 2644 defectionem
644 2561 728 2645 jure
750 2560 926 2644 festinent.
972 2561 1064 2648 Quid
1088 2561 1189 2646 igitur
1212 2561 1387 2627 dicendum
1411 2575 1461 2626 est
1485 2560 1524 2625 de

350 2692 388 2737 eo
417 2671 590 2754 Principe,
624 2670 682 2753 qui
715 2689 782 2736 non
813 2673 912 2738 modo
947 2671 980 2737 in
1004 2688 1154 2739 auctores
1178 2674 1336 2738 malorum
1357 2669 1521 2755 justitiam

348 2804 415 2850 non
448 2798 598 2865 exercet,
630 2784 689 2849 sed
720 2783 849 2849 eosdem
881 2784 1064 2850 honoribus
1094 2784 1228 2865 evehit,
1251 2803 1317 2850 non
1340 2782 1438 2848 modo
1462 2803 1523 2865 op·

348 2913 496 2978 pressum
518 2897 679 2977 populum
700 2915 765 2960 non
784 2893 952 2975 defendit,
975 2896 1034 2960 sed
1056 2896 1126 2978 ipse
1137 2897 1180 2962 ad
1191 2896 1263 2980 ejus
1275 2894 1522 2978 oppressionem

349 3005 476 3072 confert
497 3006 635 3072 consilia
654 3025 735 3088 sua,
758 3006 939 3089 pecunias,
964 3009 1105 3089 classes,
1130 3007 1316 3088 exercitus,
1340 3021 1379 3070 ut
1397 3004 1524 3072 scilicet

350 3133 462 3184 contra
482 3131 623 3184 veterem
645 3115 771 3199 imperii
792 3115 950 3197 formam,
976 3117 1068 3200 quasi
1090 3117 1190 3184 victis
1213 3121 1301 3202 leges
1313 3138 1373 3200 pro
1387 3115 1522 3182 arbitrio

349 3228 521 3312 imponat?
569 3229 634 3293 Hie
666 3246 741 3293 sane
764 3228 804 3293 ab
825 3229 988 3310 obsequio
1011 3230 1183 3296 recedendi
1207 3231 1312 3295 multo
1332 3227 1456 3312 justior
1476 3241 1524 3292 est

216 3359 287 3407 inm
300 3340 443 3427 aerario.
489 3338 659 3406 Sententia
688 3353 801 3405 contra
831 3341 887 3423 jus
906 3339 1007 3422 partis
1028 3342 1092 3406 lata
1113 3341 1227 3423 iniqua
1247 3340 1386 3418 dieitur;
1411 3353 1522 3406 contra

217 3415 326 3460 ⁶¹⁰'⁶⁸⁸⁰'
348 3451 484 3517 formam
510 3450 711 3535 judiciorum
733 3449 894 3516 sententia
914 3471 981 3516 uon
1003 3466 1061 3519 est.
1106 3452 1194 3518 ldem
1218 3452 1251 3518 in
1273 3453 1355 3536 lege.
1400 3449 1522 3517 Divino

345 3566 420 3650 jure
448 3561 689 3628 matrimonium
720 3580 759 3628 eo
788 3564 860 3628 solo
894 3577 1029 3646 peccato
1060 3562 1245 3645 dirimitur,
1278 3563 1370 3646 quod
1395 3562 1519 3629 formae

349 3675 453 3759 ipsius
473 3673 671 3740 matrimonii
694 3673 893 3740 contrarium
913 3687 963 3740 est
983 3689 1016 3740 et
1037 3675 1234 3742 adulterium
1257 3673 1391 3741 dicitur.
1432 3674 1522 3760 Qua·

349 3787 523 3869 liscunque
551 3785 687 3852 alterius
714 3784 858 3852 criminis
889 3805 963 3850 reus
992 3803 1066 3852 ante
1085 3787 1324 3853 damnationem
1345 3783 1429 3850 civis
1453 3798 1521 3850 est:

349 3900 407 3967 sed
430 3899 458 3965 is
480 3899 538 3982 qui
561 3897 793 3981 rempublicam
817 3913 987 3981 oppugnat
1008 3897 1091 3966 civis
1115 3917 1185 3964 esse
1207 3895 1330 3964 desiuit
1349 3895 1372 3963 ³.
1410 3893 1522 3960 Simile

351 4027 401 4080 est
419 4011 452 4077 in
471 4009 661 4095 magistratu
685 4023 718 4074 et
738 4007 873 4090 quidem
893 4029 1032 4076 summ0.
1077 4010 1154 4098 Qua
1176 4009 1303 4075 ratione
1324 4023 1525 4092 negaverunt

356 4191 543 4202 ψ

385 4296 393 4329 ¹
412 4298 489 4357 vzsq.
514 4309 537 4343 c.
555 4307 579 4351 5.
597 4308 622 4343 ιι.
643 4307 682 4343 ιο.
700 4293 844 4343 Castrensis
861 4296 894 4344 ad
911 4297 930 4342 l.
948 4307 981 4342 ex
998 4296 1049 4343 hoc
1063 4293 1120 4351 jure
1139 4293 1165 4342 ff.
1184 4295 1216 4342 de
1233 4291 1293 4351 just.
1313 4304 1340 4342 et
1357 4290 1423 4350 jure.
1442 4305 1467 4340 n.
1488 4303 1523 4349 ¹7-

352 4401 377 4437 et
404 4391 442 4437 18.
468 4388 512 4449 [D.
539 4399 561 4435 1.
586 4399 608 4434 1.
631 4386 668 4447 s.]
692 4387 742 4434 Dd.
765 4385 792 4433 in
817 4387 834 4434 l.
852 4386 874 4435 si
892 4399 944 4434 non
963 4385 1131 4434 defendantur
1148 4384 1174 4433 fl.
1193 4387 1225 4433 de
1242 4384 1341 4444 poenis.
1361 4384 1406 4445 [D.
1424 4385 1466 4444 48.
1489 4395 1524 4442 ι9.

354 4479 406 4539 rm]
442 4476 546 4537 'vam
564 4477 589 4524 in
608 4477 689 4536 praef.
708 4487 828 4525 controv.
846 4476 884 4525 ill.
902 4491 927 4524 n.
951 4477 988 4526 16.
1007 4489 1032 4524 et
1054 4489 1091 4534 ιγ.
1125 4473 1136 4506 ⁸
1155 4475 1298 4524 Ciccatil.
1311 4489 1332 4522 1.
1344 4475 1380 4535 [c.
1393 4473 1525 4532 suntid
