3450 5434
349 625 411 688 302
635 626 683 673 DE
705 626 800 693 JURE
826 626 1012 672 PRAEDAE·
1039 627 1118 674 0AP·
1143 625 1221 672 XIV.

349 778 468 843 docent
502 781 573 864 eJ'us
607 779 830 845 excellentiam
863 780 897 844 in
929 778 1124 846 fortitudine
1155 779 1293 845 maxime
1326 792 1360 844 et
1387 779 1521 864 justitia

349 889 547 971 consistere,
584 891 676 972 quod
710 892 769 956 hae
800 891 928 958 scilicet
960 892 1101 957 virtutes
1137 892 1290 974 privatim
1321 889 1523 973 publiceque

349 1000 416 1066 sint
444 1001 644 1068 utilissimae.
690 1004 740 1067 Ac
772 1003 812 1068 de
847 1001 1039 1069 fortitudine
1060 1003 1192 1087 quidem
1214 1007 1328 1086 plenae
1355 1005 1524 1085 poitarum

349 1113 495 1198 paginae.
541 1113 649 1200 Quam
673 1113 844 1198 magnifica
867 1129 945 1179 sunt
968 1114 1023 1180 illa
1047 1113 1187 1200 Tyrtaei
1208 1118 1238 1177 ¹:

386 1283 394 1293 .
479 1229 634 1308 tepidare
656 1227 715 1310 γάρ
737 1231 798 1294 ἐστι
820 1228 871 1295 sal
894 1231 1010 1306 aanor
1033 1231 1109 1310 solil
1132 1228 1284 1310 μάχεσθαι

523 1345 580 1414 γῆς
602 1339 665 1419 περὶ
688 1339 738 1405 nol
762 1340 872 1406 παίδων
895 1341 1028 1420 κουριδίης
1050 1339 1191 1422 τὀὶλόχου

480 1449 640 1529 δυσμένεσι.

482 1558 624 1623 Illustre
646 1573 694 1624 est
716 1558 919 1644 dignumque
941 1563 1027 1626 siris
1045 1572 1110 1643 pro
1129 1561 1272 1645 pignore
1294 1579 1374 1622 caro

526 1667 702 1755 Corpora,
720 1683 785 1754 pro
809 1683 926 1735 tenero
950 1671 1109 1755 conjugo,
1131 1684 1196 1755 pro
1215 1673 1340 1756 patria

482 1781 641 1846 Hostibus
664 1781 822 1865 objecisse.

396 1892 473 1958 Huc
504 1891 686 1974 triumphi,
719 1894 785 1958 huc
810 1911 974 1975 coronae,
999 1894 1065 1959 huc
1085 1893 1315 1977 inscriptiones
1334 1891 1524 1975 pertinent,

351 2007 417 2071 huc
442 2019 475 2070 et
497 2005 765 2071 acclamationes:

459 2116 538 2191 οὗτος
560 2121 589 2184 ἒν
610 2121 760 2200 ἀνθρώποις
783 2118 947 2203 νικηφόρος,
972 2115 1050 2194 οὗτος
1074 2118 1198 2202 ἄριστος.

462 2224 580 2290 Victor
602 2227 679 2308 iric,
703 2228 757 2290 iric
781 2228 925 2291 homines
950 2229 1042 2293 inter
1064 2229 1272 2294 clarissimos
1296 2229 1406 2294 audii.

396 2336 486 2403 Haec
520 2351 569 2402 est
600 2336 657 2403 illa
687 2336 817 2419 virtus,
851 2360 918 2420 qua
950 2358 1043 2424 reges
1074 2340 1229 2405 celebrari
1262 2340 1429 2424 gaudent,
1460 2359 1526 2421 qua

352 2449 503 2515 homines
526 2448 675 2514 Deorum
696 2450 924 2515 asserebantur
944 2470 1099 2516 numero:

593 2560 668 2625 Hac
691 2574 768 2625 arte
790 2561 916 2626 Pollux
941 2575 971 2627 et
995 2583 1102 2648 tagus
1125 2563 1285 2628 Herculis

595 2672 739 2737 Innixus
763 2693 857 2737 arces
880 2671 998 2737 incolit
1022 2676 1136 2760 igneas
1157 2672 1178 2741 ².

397 2783 442 2848 Et
475 2783 553 2865 quia
585 2802 673 2848 nunc
707 2783 740 2848 in
773 2805 806 2849 re
839 2784 947 2850 navali
980 2805 1170 2866 versamur,
1199 2783 1444 2851 Themistocles
1469 2785 1527 2867 qui

352 2895 514 2960 Persicam
537 2895 716 2979 potentiam
741 2895 913 2961 navalibus
935 2895 1066 2979 praeliis
1088 2895 1246 2980 infregit,
1278 2915 1387 2962 nonne
1410 2897 1529 2962 clarior

353 3026 454 3089 prope
488 3006 631 3071 Athenis
654 3021 687 3071 et
710 3005 848 3072 Graecia
877 3026 936 3071 sua
960 3005 1096 3073 effectus
1120 3008 1196 3074 est‘i
1224 3008 1410 3092 Cynegirus
1432 3009 1530 3074 etiam

353 3117 501 3199 privatus
534 3133 700 3183 aeternum
735 3117 855 3183 meruit
887 3138 1015 3184 nomen.
1063 3119 1151 3185 lnter
1170 3120 1341 3186 Romanos
1358 3121 1529 3202 Duillius,

354 3228 412 3310 qui
432 3228 559 3295 Poenos
581 3228 660 3294 mari
684 3228 830 3309 vicerat,
853 3229 1007 3312 praelatis
1028 3229 1198 3298 funalibus
1219 3234 1312 3298 velut
1333 3247 1530 3316 perpetuum

353 3339 422 3424 egit
444 3340 659 3422 triumphurn.
704 3341 756 3405 Ac
790 3339 877 3407 sicut
899 3341 1011 3425 ignavi
1033 3341 1182 3409 homines
1204 3359 1237 3409 et
1254 3348 1427 3432 ῥιψάσπιδες
1450 3365 1529 3409 con·

352 3465 456 3516 temtu
480 3451 626 3533 ubique,
660 3451 780 3516 alicubi
805 3466 839 3516 et
860 3452 973 3536 paenis
997 3468 1238 3535 conteruntur,
1262 3455 1307 3520 ita
1330 3457 1421 3522 nulla
1449 3477 1531 3541 gens

244 3616 249 3624 .
353 3577 425 3644 est,
457 3563 547 3629 nulla
579 3562 785 3646 respublica,
819 3562 853 3627 in
886 3584 952 3646 qua
984 3583 1050 3630 non
1081 3565 1185 3648 prima
1207 3587 1281 3649 pars
1303 3567 1442 3633 honoris
1464 3569 1531 3634 illis

353 3674 568 3756 exhibeatur,
603 3675 661 3758 qui
692 3673 837 3741 fortibus
871 3674 965 3743 factis
997 3693 1029 3742 et
1062 3697 1158 3742 sunm
1191 3693 1225 3743 et
1256 3677 1379 3760 patriae
1411 3699 1532 3746 nomen

354 3788 553 3854 extulerunt.
600 3787 709 3872 Cujus
741 3787 788 3854 rei
821 3788 941 3853 indicia
975 3809 1049 3855 cum
1080 3790 1113 3856 in
1137 3789 1282 3856 omnium
1305 3793 1531 3873 populorum,

353 3915 423 3964 turn
447 3899 481 3965 in
504 3898 580 3982 his,
615 3920 700 3982 quae
725 3899 863 3965 maxime
887 3901 1084 3984 laudantur,
1109 3902 1279 3967 Laconum
1303 3901 1379 3967 dico
1404 3918 1437 3967 et
1460 3903 1532 3969 Ro-

355 4031 525 4078 manorum
545 4010 706 4078 institutis
729 4012 809 4079 adeo
831 4029 909 4078 sunt
933 4012 1097 4093 illustria,
1120 4028 1158 4078 ut
1175 4013 1254 4079 huic
1274 4015 1348 4078 loco
1366 4013 1532 4080 immorari

354 4124 418 4189 hoc
442 4143 521 4189 vero
544 4123 588 4190 sit
611 4143 740 4206 operam
766 4124 911 4206 perdere.
936 4125 993 4190 Ad
1012 4125 1174 4210 justitiam
1197 4145 1276 4191 vero
1289 4125 1381 4208 quod
1390 4126 1531 4206 attinet,

354 4250 442 4301 recte
466 4236 505 4301 ab
532 4234 772 4318 antiquissimis
806 4235 930 4304 dictum
965 4255 1032 4303 non
1055 4235 1202 4303 Luciferi
1226 4251 1283 4302 aut
1305 4236 1444 4319 Vesperi
1468 4235 1532 4302 ful·

358 4377 543 4389 t———n

390 4471 397 4503 ¹
419 4472 502 4532 [Eleg.
522 4485 543 4521 1.
558 4485 596 4521 vs.
611 4472 635 4520 ό.
655 4471 704 4535 sq.]
741 4469 753 4504 ²
769 4473 898 4522 Horatius.
918 4471 980 4537 [0d.
1000 4485 1023 4531 ³·
1040 4487 1062 4531 3.
1081 4475 1118 4536 9.]
