3450 5434
473 634 520 681 DE
543 634 637 699 June
662 636 845 683 PRAEDAE·
869 638 948 684 ΟΛΡ.
974 636 1038 683 xtt.
1289 638 1350 698 227

291 788 339 853 tu
360 787 573 853 nihilominus
595 791 661 875 ipsi
683 788 818 871 luceat,
839 810 913 855 cum
933 790 988 855 illi
1006 788 1195 857 accenderit
1215 796 1235 856 ¹.

221 898 350 985 Quidni
377 898 488 980 enim,
521 900 654 981 quando
685 899 756 966 sine
785 900 979 968 detrimento
1011 920 1072 968 suo
1102 916 1233 985 potest,
1257 903 1350 969 alteri

175 1010 362 1076 commodet
392 1009 404 1044 ²
435 1011 470 1075 in
502 1011 566 1091 iis,
590 1032 674 1094 quae
704 1028 783 1078 sunt
811 1013 986 1097 accipienti
1018 1014 1137 1095 utilia,
1169 1015 1259 1080 danti
1282 1036 1347 1081 non

176 1123 341 1189 molesta?
377 1123 470 1189 Haec
503 1138 584 1191 sunt
615 1144 699 1205 quae
723 1124 915 1209 philosophi
937 1126 948 1165 ³
972 1147 1038 1191 non
1063 1126 1179 1193 alienis
1197 1142 1347 1209 tantum,

176 1233 234 1298 sed
257 1248 289 1298 et
311 1233 446 1318 ingratis
465 1234 621 1317 praestari
648 1238 779 1304 volunt.
822 1238 918 1324 Quae
938 1258 1018 1305 vero
1038 1238 1071 1303 in
1095 1239 1194 1305 rebus
1213 1238 1349 1321 privatis

178 1344 303 1411 invidia
324 1360 398 1425 est,
420 1346 532 1412 eodem
554 1346 585 1411 in
606 1368 641 1413 re
663 1348 829 1415 communi
848 1367 915 1415 non
936 1364 1046 1431 potest
1064 1368 1130 1415 uon
1149 1368 1218 1415 esse
1238 1350 1348 1415 imma-

175 1454 272 1521 nitas
318 1456 601 1539 Improbissimnm
620 1458 790 1525 enimhoc
811 1474 885 1542 est,
905 1461 996 1542 quod
1016 1476 1150 1527 naturae
1171 1461 1348 1543 institut0‚

176 1585 338 1633 consensu
372 1567 543 1652 gentium,
566 1589 675 1635 meum
706 1589 775 1638 non
795 1570 905 1637 minus
926 1592 1023 1653 quam
1047 1587 1140 1637 tuum
1164 1588 1236 1653 est,
1261 1572 1294 1637 id
1317 1588 1349 1638 te

176 1677 222 1742 ita
243 1677 460 1762 intercipere,
483 1694 522 1747 ut
544 1699 585 1747 ne
608 1701 704 1749 usum
726 1682 859 1765 quidem
878 1682 957 1748 mihi
980 1684 1159 1765 concedas,
1184 1704 1251 1766 quo
1270 1704 1349 1751 con-

176 1808 273 1855 cessu
304 1789 410 1857 nihilo
431 1789 541 1857 minus
565 1791 599 1859 id
617 1807 711 1860 tuum
739 1792 783 1859 sit
805 1813 904 1874 quam
923 1808 1016 1860 antea
1036 1794 1112 1861 fuit.
1159 1793 1248 1861 Tum
1269 1816 1349 1863 vero

177 1900 300 1981 ctiam,
323 1902 382 1984 qui
404 1903 521 1970 alienis
544 1905 702 1971 incubant
722 1920 781 1971 aut
797 1904 982 1973 communia
1005 1905 1239 1990 intercipiunt,
1262 1922 1349 1973 certa
1396 1896 1403 1908 ⁸

176 2013 316 2094 quadam
344 2014 551 2097 possessione
577 2036 613 2082 se
636 2030 783 2083 tuentur.
827 2016 918 2104 Quia
941 2016 1025 2083 enim
1049 2018 1177 2101 prima,
1201 2034 1239 2085 ut
1262 2018 1349 2084 dixi-

175 2144 275 2205 mus,
298 2126 474 2209 occupatio
493 2148 545 2194 res
564 2128 713 2211 proprias
726 2126 827 2209 fecit,
852 2128 975 2195 idcirco
994 2126 1163 2213 imaginem
1177 2127 1347 2209 quamdam

176 2236 314 2303 dominii
336 2237 479 2320 praefert
508 2238 660 2320 quamvis
687 2239 810 2323 injusta
831 2240 987 2307 detentio.
1032 2239 1079 2305 At
1100 2237 1251 2306 Lusitani
1271 2258 1349 2304 num

178 2348 278 2414 sicuti
310 2364 411 2415 terras
443 2350 610 2432 solemus,
635 2350 680 2415 ita
707 2370 794 2417 mare
817 2352 903 2419 illud
923 2350 1085 2435 impositis
1112 2349 1283 2434 praesidiis
1305 2350 1350 2415 ita

179 2458 329 2541 undique
352 2459 543 2542 cinxerunt,
567 2461 658 2528 utin
678 2461 826 2545 ipsorum
847 2482 946 2529 manu
967 2477 1052 2529 esset
1062 2482 1147 2544 quos
1159 2462 1283 2528 vellent
1294 2481 1349 2527 ex-

176 2569 337 2636 cludere?
361 2571 417 2635 An
437 2591 519 2639 vero
543 2586 669 2639 tantum
694 2574 759 2639 hoe
779 2574 895 2654 abest,
917 2587 954 2643 ut
973 2572 1035 2656 ipsi
1059 2572 1177 2654 etiam,
1201 2592 1275 2637 cum
1294 2572 1350 2637 ad·

177 2700 293 2753 versus
324 2681 406 2747 alios
438 2686 579 2766 populos
611 2685 770 2751 mundum
793 2684 971 2765 dividunt,
994 2703 1060 2749 non
1084 2682 1160 2749 ullis
1187 2682 1350 2751 limitibus

177 2807 235 2857 aut
254 2806 369 2858 natura
392 2809 450 2859 aut
471 2814 569 2861 manu
592 2794 734 2879 positis,
758 2796 816 2863 sed
836 2794 1025 2880 imaginaria
1046 2793 1183 2876 quadam
1208 2792 1293 2859 linea
1315 2812 1350 2859 se

177 2904 359 2971 tueantur?
383 2905 485 2992 Quod
504 2905 534 2972 si
557 2906 737 2991 recipitur,
758 2922 792 2975 et
809 2906 970 2973 dimensio
981 2906 1054 2971 talis
1064 2906 1106 2973 ad
1116 2904 1349 2988 possidendum

142 2998 145 3002 ¹
176 3017 289 3097 vaiet,
326 3017 518 3102 jamdudum
547 3017 645 3085 nobis
680 3033 862 3103 geometrae
893 3033 1013 3097 terras,
1042 3015 1219 3083 astronomi
1253 3015 1348 3080 etiam

176 3128 304 3192 caelum
324 3127 497 3211 eriperent.
542 3128 612 3193 Ubi
632 3128 685 3194 hic
708 3129 810 3214 igitur
832 3144 881 3195 est
904 3127 984 3209 ista,
1007 3128 1159 3211 sineque
1178 3128 1269 3193 nulla
1291 3127 1350 3192 do-

176 3237 278 3303 minia
308 3252 511 3321 coeperunt,
545 3239 693 3322 corporis
722 3240 764 3307 ad
793 3260 914 3324 corpus
944 3238 1139 3325 adJunctiot
1183 3236 1349 3303 Nimirum

176 3363 310 3431 apparet
336 3347 370 3414 in
393 3351 485 3415 nulla
505 3369 539 3415 re
559 3350 673 3417 verius
693 3350 759 3417 dici
781 3371 902 3435 posse,
926 3352 1019 3434 quod
1039 3352 1192 3417 doctores
1214 3348 1319 3418 nostri
1338 3352 1350 3388 ⁴

177 3459 509 3542 prodiderunt,mare
528 3480 604 3531 cum
625 3462 669 3529 sit
689 3462 1017 3547 incomprehensibile
1036 3482 1102 3529 non
1121 3462 1229 3529 minus
1252 3481 1349 3545 quam

178 3574 253 3651 air,
286 3572 412 3637 nullius
439 3572 555 3655 popuii
587 3572 682 3639 bonis
712 3564 861 3657 potuisse
890 3574 1055 3658 applicari.
1101 3574 1137 3641 si
1169 3593 1248 3641 vero
1277 3588 1351 3641 ante

177 3682 262 3749 alios
292 3683 464 3768 navigasse
495 3697 528 3749 et
558 3683 645 3751 viam
665 3685 909 3768 quodammodo
932 3685 1121 3768 aperuisse,
1145 3687 1208 3752 hoc
1230 3700 1353 3753 vocant

177 3812 364 3876 occupare,
387 3794 470 3875 quid
490 3812 561 3861 esse
580 3810 690 3879 potest
711 3796 816 3881 magis
838 3795 1037 3863 ridiculum?
1063 3794 1150 3861 Nam
1169 3816 1242 3863 cum
1263 3798 1352 3863 nulla

176 3924 253 3988 pars
274 3905 320 3973 sit
341 3906 463 3988 maris,
486 3907 520 3974 in
538 3927 635 3991 quam
657 3928 723 3974 non
745 3908 866 3991 aliquis
881 3906 1007 3992 primus
1029 3906 1278 3992 ingressusne,
1302 3927 1352 3975 se-

178 4032 300 4099 quetur
331 4038 460 4085 omnem
487 4018 729 4105 navigationem
753 4021 793 4085 ab
822 4019 936 4102 aliquo
959 4038 1029 4087 esse
1054 4034 1256 4103 occupatam.
1304 4018 1353 4083 Ita

179 4196 374 4207 -——-—-—-

213 4299 343 4350 ¹Ennius.
370 4301 422 4365 [ap.
446 4303 502 4353 Cic.
526 4306 558 4352 de
580 4302 625 4352 off.
648 4306 665 4351 1.
692 4317 713 4352 r.
732 4318 755 4353 c.
778 4305 814 4353 16.
831 4306 853 4367 ς
872 4303 924 4369 sm]
960 4302 1045 4353 ’Cin
1063 4306 1095 4352 de
1113 4302 1162 4352 Off.
1180 4305 1196 4351 Ι.
1218 4301 1353 4363 r.[c.16.

178 4396 198 4449 5.
232 4404 272 4447 51·
307 4392 359 4453 su]
402 4390 414 4424 ⁸
437 4396 492 4442 sen.
517 4397 549 4443 de
574 4394 659 4443 benef.
684 4398 701 4443 1.
727 4408 749 4451 3.
774 4410 797 4443 c.
823 4399 862 4444 αθ.
905 4393 917 4430 ⁴
940 4396 997 4457 Job.
1023 4394 1101 4441 Faber
1131 4396 1162 4443 ad
1185 4395 1206 4455 ς
1232 4394 1353 4442 littorum.

181 4480 216 4544 t1·
235 4496 259 4529 2·
280 4496 301 4529 ¹·
318 4483 339 4543 S·
360 4484 395 4545 s]

1164 4576 1220 4654 15*
