3450 5434
503 669 549 714 nr
573 669 665 735 June
692 671 873 718 rnnrnna.
899 671 978 718 cnr.
1001 675 1049 721 vr.
1324 662 1365 743 63

191 833 264 901 ret,
297 821 361 885 boc
394 836 466 902 cst,
502 841 587 905 quar
609 843 686 888 suas
720 825 830 911 leges,
867 846 928 891 sua
952 826 1112 913 judicia,
1147 851 1209 896 rna
1230 834 1365 899 tributa

188 949 325 1015 suasque
351 936 573 1018 magistratus
602 935 698 998 habet
714 957 726 998 .·
750 934 802 1000 cui
834 937 1002 1020 proprium
1033 937 1207 1006 consilium
1237 945 1366 1027 propri-

189 1060 272 1122 aque
295 1057 344 1106 est
364 1042 562 1126 auctoritas,
587 1057 625 1108 ut
653 1045 812 1126 explicuit
833 1047 1283 1134 Cajetanusetllictoria1,
1307 1055 1364 1119 ubi

190 1151 286 1216 docet
310 1151 393 1218 nihil
424 1153 554 1220 obstare
584 1155 761 1236 quominus
790 1159 901 1239 plures
923 1159 1118 1242 principales
1138 1162 1365 1247 perfectaeque

188 1263 390 1345 respublicae
421 1266 483 1330 sub
515 1283 580 1330 uno
612 1265 679 1331 sint
709 1265 883 1350 Principe,
918 1284 974 1334 aut
1002 1270 1149 1353 alioquin
1182 1275 1366 1341 arctissimo

190 1371 275 1438 inter
305 1393 339 1439 se
371 1373 502 1442 foedere
535 1377 706 1461 colligatae
717 1385 741 1443 ².
785 1378 860 1446 Nisi
889 1396 997 1446 autern
1017 1401 1234 1466 unaquaeque
1251 1405 1365 1469 respu-

189 1483 272 1549 blica
296 1485 372 1550 belli
392 1486 525 1571 gerendi
549 1487 683 1554 haberet
697 1504 910 1571 potestatem,
928 1511 995 1558 non
1012 1508 1096 1560 esset
1115 1493 1229 1561 adsui
1252 1495 1365 1562 defen·

188 1593 310 1661 sionem
346 1597 510 1664 sufficiens
523 1607 548 1666 ¹.
596 1599 706 1686 Quare
736 1603 860 1684 populo
895 1603 1047 1670 Romano
1085 1605 1209 1670 bellum
1248 1608 1365 1693 jubere

188 1705 284 1773 licuit
315 1723 349 1774 et
378 1707 532 1791 Latinis,
557 1709 730 1794 Etruscis,
766 1712 990 1793 Samnitibus,
1027 1713 1215 1781 Tarentinis
1248 1732 1365 1800 totque

189 1816 260 1882 aliis
284 1817 394 1884 ltaliae
417 1821 568 1903 populis,
592 1842 768 1905 quoscum
799 1826 924 1907 populo
948 1825 1099 1892 Romano
1122 1841 1262 1914 certasse
1282 1829 1364 1913 legi-

189 1929 298 2008 mus⁴;
322 1944 361 1995 ut
380 1950 466 1997 nunc
492 1933 777 2019 Carthaginienses
804 1935 837 2001 in
857 1933 974 2000 Africa
994 1951 1142 2019 taceam,
1167 1937 1200 2004 in
1223 1940 1365 2007 Graecia

186 2039 485 2125 Lacedaemonios,
510 2045 727 2113 Athenienses
753 2048 940 2129 multasque
966 2047 1045 2114 alias
1075 2048 1238 2117 civitates.
1274 2051 1363 2117 ldern

187 2151 228 2216 de
249 2152 410 2220 Hebraeis
431 2154 607 2236 veteribus,
622 2157 687 2222 dici
708 2171 817 2240 potest
836 2173 870 2224 et
890 2157 930 2222 de
950 2158 1105 2224 omnibus
1124 2160 1281 2244 populis,
1304 2163 1363 2243 qui

187 2263 238 2328 sui
261 2262 396 2331 fuerunt
422 2267 515 2349 juris.
562 2268 650 2334 Hinc
678 2283 754 2352 post
776 2269 949 2335 Cunaeum
972 2269 1127 2337 Bartolus
1149 2278 1160 2311 ⁵
1180 2270 1264 2338 inter
1282 2272 1364 2338 duas

186 2374 307 2440 liberas
324 2375 475 2445 civitates
495 2379 616 2444 bellum
632 2382 757 2465 justum
783 2399 852 2446 esse
874 2378 1013 2446 affirmat
1035 2396 1068 2446 et
1096 2396 1188 2464 capta
1208 2382 1364 2464 capienti·

187 2503 242 2550 um
265 2485 346 2552 lieri.
381 2488 443 2554 Est
463 2505 497 2556 et
512 2465 589 2557 belli
603 2491 727 2574 publici
738 2490 936 2574 suscipiendi
949 2510 1050 2574 penes
1063 2492 1271 2578 magistratus
1284 2513 1364 2560 auc·

186 2597 301 2662 toritas
319 2607 343 2664 ⁸.
388 2597 471 2665 Nanr
498 2621 571 2667 curn
603 2602 785 2686 respublica
806 2623 898 2668 suam
917 2604 1121 2668 voluntatem
1144 2605 1244 2670 semel
1269 2604 1303 2670 in
1325 2605 1363 2670 il-

186 2709 291 2774 lorum
319 2713 522 2778 voluntatem
553 2713 751 2795 contulerit,
777 2713 868 2794 quod
897 2713 1097 2796 reipublicae
1119 2734 1178 2797 pro
1210 2734 1244 2779 se
1261 2715 1362 2797 licet,

185 2818 270 2886 idern
298 2823 501 2907 magistratui
531 2845 590 2907 pro
619 2824 784 2908 republica
803 2833 825 2888 ⁷.
873 2822 1086 2907 Magistratus
1106 2837 1213 2890 autern
1234 2825 1288 2891 hie
1309 2827 1359 2890 in·

184 2932 288 3016 telligi
309 2933 428 3014 debet,
452 2935 510 3018 qui
527 2935 713 3002 mandamns
734 2935 811 3001 belli
831 2934 963 3019 gerendi
974 2935 1083 3000 habet.
1108 2934 1241 3000 Habent
1253 2950 1361 3000 autent

185 3044 426 3124 quodammodo
445 3067 580 3129 omnes,
604 3047 667 3113 nisi
689 3045 872 3130 specialiter
894 3060 1068 3130 exceptum
1090 3060 1260 3130 appareat,
1282 3045 1360 3129 quia

185 3155 331 3239 ejusdem
355 3171 404 3222 est
420 3159 475 3242 jus
494 3158 600 3224 dicere
625 3173 657 3224 et
674 3158 936 3244 jurisdictionem
955 3177 1046 3224 suam
1064 3157 1169 3241 tueri,
1188 3158 1362 3224 decernere

185 3280 219 3331 et
247 3266 375 3333 decreta
394 3269 527 3351 exsequi
548 3269 573 3337 ⁸.
619 3270 657 3335 ld
678 3285 786 3336 autern
809 3271 879 3336 sine
902 3271 990 3336 bello
1013 3267 1176 3336 interdum
1200 3268 1272 3334 lieri
1292 3288 1359 3337 non

185 3393 306 3460 potest.
352 3379 517 3478 Praeterea
545 3381 578 3448 in
604 3383 715 3448 hostes
736 3382 882 3448 internos
902 3380 1091 3448 vindicandi
1124 3395 1158 3446 et
1188 3379 1223 3445 in
1254 3395 1360 3447 exter·

184 3505 247 3553 nos
276 3490 463 3557 naturaliter
491 3492 635 3578 ejusdem
658 3507 707 3559 est
727 3493 900 3576 potestatis
921 3491 945 3558 ⁸.
991 3493 1057 3558 Sed
1084 3492 1165 3559 ordo
1183 3493 1360 3559 observan-

185 3599 248 3665 dus
277 3614 334 3666 est.
379 3603 463 3667 Nam
495 3623 569 3669 cunt
602 3603 684 3669 nihil
716 3604 758 3671 sit
785 3604 817 3668 in
841 3623 910 3685 quo
931 3601 1131 3685 reipublicae
1151 3605 1239 3670 salus
1257 3604 1361 3688 magis

186 3730 283 3794 quam
306 3713 339 3778 in
363 3714 450 3780 bello
472 3714 695 3797 periclitetur,
719 3733 785 3782 non
808 3729 857 3780 est
872 3714 1008 3780 dubium
1028 3713 1109 3796 quin
1133 3713 1162 3779 ei
1183 3713 1238 3780 cui
1257 3715 1360 3798 pluri-

221 3932 228 3965 ¹
248 3931 328 3990 cajet.
346 3935 418 3986 diesis
436 3937 507 3987 loeis.
522 3937 586 3987 Vier.
604 3940 635 3988 dc
652 3937 708 3996 iure
725 3939 787 3987 belli
802 3952 826 3986 n.
846 3951 869 3994 5.
884 3950 909 3986 et
925 3953 950 3986 n.
970 3951 994 3996 7.
1029 3938 1105 3985 Henr.
1122 3937 1225 3985 Gorlcb.
1243 3939 1275 3986 ‹le
1291 3933 1361 3985 bello
1433 3921 1439 3933 ¹

184 4021 253 4081 ituro
273 4024 395 4086 inpraef.
429 4025 533 4078 ¹Arist.
551 4031 583 4078 de
597 4043 651 4090 rep.
674 4032 691 4077 l.
715 4043 737 4078 a.
762 4044 782 4077 e.
805 4043 819 4077 a
839 4027 878 4092 [p.
899 4030 970 4078 1261.
988 4043 1027 4078 vs.
1042 4042 1082 4089 aa.
1100 4027 1168 4091 sqq]
1188 4040 1212 4076 et
1223 4030 1239 4075 l.
1263 4040 1360 4089 aeq.

186 4111 227 4177 [p.
248 4117 319 4163 1280.
335 4129 356 4164 r.
374 4130 413 4166 vs.
432 4131 471 4176 31.
483 4117 552 4182 sqq]
588 4117 599 4151 ³
616 4121 646 4167 V.
664 4117 740 4169 defin.
753 4131 811 4179 post
827 4133 879 4180 reg.
897 4131 920 4176 5.
939 4135 959 4166 e.
976 4133 999 4166 a.
1016 4118 1094 4166 Arist.
1112 4120 1143 4167 dc
1160 4131 1215 4178 rep.
1232 4120 1249 4164 l.
1267 4129 1291 4174 7.
1305 4132 1361 4179 e.4.

187 4201 227 4266 [p.
248 4206 319 4262 1326.
341 4219 361 4254 r.
380 4221 418 4254 vs.
448 4209 478 4257 16
494 4207 563 4271 sqq]
586 4208 645 4256 ⁴V.
664 4211 681 4257 l.
698 4211 793 4258 hostes.
809 4208 834 4256 ll'.
853 4211 884 4258 de
907 4221 973 4270 capt.
998 4209 1042 4271 [1).
1059 4223 1101 4271 49.
1121 4220 1159 4264 rs.
1177 4207 1231 4271 24]
1266 4207 1326 4256 ‘ad
1344 4211 1361 4255 l.

185 4305 218 4340 ex
232 4296 281 4344 boe
296 4293 350 4352 jure
364 4295 390 4344 ff.
407 4299 439 4346 de
457 4295 515 4354 just.
533 4310 558 4348 et
574 4297 636 4356 jure.
655 4297 700 4362 [D.
720 4313 740 4347 1.
760 4313 781 4347 r.
799 4299 835 4364 5.]
846 4310 871 4348 et
888 4303 919 4348 ad
937 4302 954 4347 l.
968 4301 1063 4348 hostes.
1079 4298 1105 4346 ff.
1122 4300 1154 4346 de
1175 4309 1240 4358 capt.
1257 4297 1300 4359 [D.
1318 4312 1361 4360 49.

188 4396 227 4440 rs.
254 4385 306 4449 aa]
340 4386 399 4434 ὅν.
424 4390 454 4435 ad
480 4391 497 4436 l.
518 4401 555 4437 ro.
576 4401 601 4438 et
623 4403 739 4439 rr.e.a.
772 4387 784 4427 ⁷
818 4389 1024 4439 esdefin.e.a.
1058 4387 1360 4448 ⁸V.l.quirestit.ff.

185 4476 218 4524 de
244 4476 281 4524 rel
304 4477 374 4526 vind.
402 4477 447 4542 [D.
464 4481 488 4528 6.
508 4493 528 4527 1.
546 4480 601 4544 68.]
621 4493 645 4528 et
664 4483 721 4529 llart
740 4484 771 4530 ad
789 4483 813 4532 d.
831 4485 847 4529 l.
865 4484 959 4530 hostes.
976 4493 1001 4528 n.
1030 4493 1068 4528 rr.
1103 4477 1213 4536 ⁹Caiet.
1230 4480 1257 4526 in
1272 4493 1360 4527 summ.

188 4579 257 4625 pete.
276 4567 301 4616 in
320 4584 345 4616 v.
364 4571 468 4619 Bellum.
488 4571 556 4630 Fulg.
575 4571 600 4618 in
618 4573 642 4620 d.
660 4574 676 4619 l.
695 4585 725 4620 cx
744 4575 791 4619 boc
808 4569 870 4627 jure.
889 4569 934 4633 [D.
955 4585 976 4618 r.
999 4584 1018 4617 r.
1038 4568 1075 4632 5.]
1099 4570 1169 4619 Oldr.
1186 4583 1254 4620 eons.
1273 4584 1314 4627 70.
