<?xml version="1.0" encoding="UTF-8"?>
<!DOCTYPE html PUBLIC "-//W3C//DTD XHTML 1.0 Transitional//EN"
    "http://www.w3.org/TR/xhtml1/DTD/xhtml1-transitional.dtd">
<html xmlns="http://www.w3.org/1999/xhtml" xml:lang="en" lang="en">
 <head>
  <title>
</title>
<meta http-equiv="Content-Type" content="text/html;charset=utf-8" />
  <meta name='ocr-system' content='tesseract 3.04.00' />
  <meta name='ocr-capabilities' content='ocr_page ocr_carea ocr_par ocr_line ocrx_word'/>
</head>
<body>
  <div class='ocr_page' id='page_1' title='image "./ledroitdeprised02hamagoog_0268.png"; bbox 0 0 3450 5434; ppageno 0'>
   <div class='ocr_carea' id='block_1_1' title="bbox 368 602 1243 684">
    <p class='ocr_par' dir='ltr' id='par_1_1' title="bbox 368 602 1243 684">
     <span class='ocr_line' id='line_1_1' title="bbox 368 602 1243 684; baseline -0.011 -15"><span class='ocrx_word' id='word_1_1' title='bbox 368 602 431 684; x_wconf 73' lang='lat' dir='ltr'>aas</span> <span class='ocrx_word' id='word_1_2' title='bbox 667 617 717 667; x_wconf 85' lang='lat' dir='ltr'>ns</span> <span class='ocrx_word' id='word_1_3' title='bbox 740 616 835 683; x_wconf 81' lang='lat' dir='ltr'>Juas</span> <span class='ocrx_word' id='word_1_4' title='bbox 858 614 1047 667; x_wconf 74' lang='lat' dir='ltr'>euasura.</span> <span class='ocrx_word' id='word_1_5' title='bbox 1072 614 1154 665; x_wconf 79' lang='lat' dir='ltr'>cus.</span> <span class='ocrx_word' id='word_1_6' title='bbox 1177 614 1243 665; x_wconf 83' lang='lat' dir='ltr'>xrs.</span> 
     </span>
    </p>
   </div>
   <div class='ocr_carea' id='block_1_2' title="bbox 365 768 1544 3876">
    <p class='ocr_par' dir='ltr' id='par_1_2' title="bbox 365 768 1544 3876">
     <span class='ocr_line' id='line_1_2' title="bbox 366 768 1542 855; baseline -0.003 -15"><span class='ocrx_word' id='word_1_7' title='bbox 366 771 529 855; x_wconf 88' lang='lat' dir='ltr'>scriptio,</span> <span class='ocrx_word' id='word_1_8' title='bbox 562 792 621 843; x_wconf 86' lang='lat' dir='ltr'>seu</span> <span class='ocrx_word' id='word_1_9' title='bbox 650 770 924 841; x_wconf 71' lang='lat' dir='ltr'><strong>consuetudinem</strong></span> <span class='ocrx_word' id='word_1_10' title='bbox 954 770 1059 840; x_wconf 88' lang='lat' dir='ltr'>mavis</span> <span class='ocrx_word' id='word_1_11' title='bbox 1086 769 1206 841; x_wconf 83' lang='lat' dir='ltr'><strong>dicere.</strong></span> <span class='ocrx_word' id='word_1_12' title='bbox 1259 768 1325 839; x_wconf 86' lang='lat' dir='ltr'>Sed</span> <span class='ocrx_word' id='word_1_13' title='bbox 1353 789 1414 837; x_wconf 90' lang='lat' dir='ltr'>nec</span> <span class='ocrx_word' id='word_1_14' title='bbox 1443 771 1542 855; x_wconf 79' lang='lat' dir='ltr'>huius</span> 
     </span>
     <span class='ocr_line' id='line_1_3' title="bbox 366 881 1542 964; baseline -0.006 -9"><span class='ocrx_word' id='word_1_15' title='bbox 366 902 426 955; x_wconf 88' lang='lat' dir='ltr'>nec</span> <span class='ocrx_word' id='word_1_16' title='bbox 457 883 546 951; x_wconf 86' lang='lat' dir='ltr'>iilius</span> <span class='ocrx_word' id='word_1_17' title='bbox 578 884 646 952; x_wconf 89' lang='lat' dir='ltr'>vim</span> <span class='ocrx_word' id='word_1_18' title='bbox 679 902 750 953; x_wconf 88' lang='lat' dir='ltr'>esse</span> <span class='ocrx_word' id='word_1_19' title='bbox 770 881 914 964; x_wconf 82' lang='lat' dir='ltr'><strong>aliquam</strong></span> <span class='ocrx_word' id='word_1_20' title='bbox 937 882 1021 953; x_wconf 89' lang='lat' dir='ltr'>inter</span> <span class='ocrx_word' id='word_1_21' title='bbox 1044 882 1162 951; x_wconf 86' lang='lat' dir='ltr'>liberas</span> <span class='ocrx_word' id='word_1_22' title='bbox 1184 882 1334 951; x_wconf 87' lang='lat' dir='ltr'>nationes</span> <span class='ocrx_word' id='word_1_23' title='bbox 1355 896 1412 949; x_wconf 87' lang='lat' dir='ltr'>aut</span> <span class='ocrx_word' id='word_1_24' title='bbox 1434 881 1542 949; x_wconf 86' lang='lat' dir='ltr'>diver·</span> 
     </span>
     <span class='ocr_line' id='line_1_4' title="bbox 368 993 1543 1079; baseline -0.001 -18"><span class='ocrx_word' id='word_1_25' title='bbox 368 1013 475 1067; x_wconf 84' lang='lat' dir='ltr'>sarum</span> <span class='ocrx_word' id='word_1_26' title='bbox 500 996 647 1079; x_wconf 76' lang='lat' dir='ltr'>gentium</span> <span class='ocrx_word' id='word_1_27' title='bbox 677 993 871 1077; x_wconf 76' lang='lat' dir='ltr'>Principes,</span> <span class='ocrx_word' id='word_1_28' title='bbox 895 1012 956 1065; x_wconf 86' lang='lat' dir='ltr'>uec</span> <span class='ocrx_word' id='word_1_29' title='bbox 978 994 1138 1063; x_wconf 85' lang='lat' dir='ltr'>adversus</span> <span class='ocrx_word' id='word_1_30' title='bbox 1167 1015 1204 1060; x_wconf 90' lang='lat' dir='ltr'>ea</span> <span class='ocrx_word' id='word_1_31' title='bbox 1234 1014 1318 1077; x_wconf 86' lang='lat' dir='ltr'>quae</span> <span class='ocrx_word' id='word_1_32' title='bbox 1348 993 1543 1078; x_wconf 88' lang='lat' dir='ltr'>primigenio</span> 
     </span>
     <span class='ocr_line' id='line_1_5' title="bbox 365 1106 1543 1190; baseline -0.001 -17"><span class='ocrx_word' id='word_1_33' title='bbox 365 1106 438 1190; x_wconf 85' lang='lat' dir='ltr'>jure</span> <span class='ocrx_word' id='word_1_34' title='bbox 468 1108 656 1179; x_wconf 88' lang='lat' dir='ltr'>introducta</span> <span class='ocrx_word' id='word_1_35' title='bbox 686 1121 785 1186; x_wconf 91' lang='lat' dir='ltr'>sunt,</span> <span class='ocrx_word' id='word_1_36' title='bbox 818 1126 893 1176; x_wconf 90' lang='lat' dir='ltr'>cum</span> <span class='ocrx_word' id='word_1_37' title='bbox 923 1106 1074 1189; x_wconf 88' lang='lat' dir='ltr'>Vasquio</span> <span class='ocrx_word' id='word_1_38' title='bbox 1107 1106 1321 1175; x_wconf 88' lang='lat' dir='ltr'><strong>ostendimus.</strong></span> <span class='ocrx_word' id='word_1_39' title='bbox 1375 1107 1490 1173; x_wconf 76' lang='lat' dir='ltr'>Quare</span> <span class='ocrx_word' id='word_1_40' title='bbox 1513 1120 1543 1173; x_wconf 93' lang='lat' dir='ltr'>et</span> 
     </span>
     <span class='ocr_line' id='line_1_6' title="bbox 367 1217 1543 1303; baseline 0.001 -20"><span class='ocrx_word' id='word_1_41' title='bbox 367 1219 444 1301; x_wconf 89' lang='lat' dir='ltr'>hic,</span> <span class='ocrx_word' id='word_1_42' title='bbox 469 1234 507 1287; x_wconf 94' lang='lat' dir='ltr'>ut</span> <span class='ocrx_word' id='word_1_43' title='bbox 528 1220 582 1303; x_wconf 80' lang='lat' dir='ltr'>ius</span> <span class='ocrx_word' id='word_1_44' title='bbox 605 1217 769 1290; x_wconf 84' lang='lat' dir='ltr'><strong>mercandi</strong></span> <span class='ocrx_word' id='word_1_45' title='bbox 792 1217 961 1301; x_wconf 87' lang='lat' dir='ltr'>proprium</span> <span class='ocrx_word' id='word_1_46' title='bbox 994 1218 1071 1299; x_wconf 88' lang='lat' dir='ltr'>fiat,</span> <span class='ocrx_word' id='word_1_47' title='bbox 1097 1219 1189 1300; x_wconf 91' lang='lat' dir='ltr'>quod</span> <span class='ocrx_word' id='word_1_48' title='bbox 1218 1218 1427 1302; x_wconf 79' lang='lat' dir='ltr'>proprietatis</span> <span class='ocrx_word' id='word_1_49' title='bbox 1448 1232 1543 1285; x_wconf 90' lang='lat' dir='ltr'>natu·</span> 
     </span>
     <span class='ocr_line' id='line_1_7' title="bbox 367 1329 1543 1415; baseline -0.005 -14"><span class='ocrx_word' id='word_1_50' title='bbox 367 1351 433 1401; x_wconf 86' lang='lat' dir='ltr'>ram</span> <span class='ocrx_word' id='word_1_51' title='bbox 459 1334 525 1401; x_wconf 86' lang='lat' dir='ltr'>nen</span> <span class='ocrx_word' id='word_1_52' title='bbox 549 1331 684 1413; x_wconf 83' lang='lat' dir='ltr'>recipit,</span> <span class='ocrx_word' id='word_1_53' title='bbox 708 1331 802 1399; x_wconf 91' lang='lat' dir='ltr'>nullo</span> <span class='ocrx_word' id='word_1_54' title='bbox 825 1344 972 1413; x_wconf 85' lang='lat' dir='ltr'>tempore</span> <span class='ocrx_word' id='word_1_55' title='bbox 1003 1329 1151 1399; x_wconf 88' lang='lat' dir='ltr'>efficitur.</span> <span class='ocrx_word' id='word_1_56' title='bbox 1197 1330 1312 1415; x_wconf 88' lang='lat' dir='ltr'>Itaque</span> <span class='ocrx_word' id='word_1_57' title='bbox 1342 1350 1403 1399; x_wconf 85' lang='lat' dir='ltr'>nec</span> <span class='ocrx_word' id='word_1_58' title='bbox 1424 1330 1543 1396; x_wconf 92' lang='lat' dir='ltr'>titulus</span> 
     </span>
     <span class='ocr_line' id='line_1_8' title="bbox 368 1441 1542 1527; baseline 0 -18"><span class='ocrx_word' id='word_1_59' title='bbox 368 1443 422 1515; x_wconf 89' lang='lat' dir='ltr'>bic</span> <span class='ocrx_word' id='word_1_60' title='bbox 455 1442 601 1517; x_wconf 84' lang='lat' dir='ltr'>adfuisse</span> <span class='ocrx_word' id='word_1_61' title='bbox 638 1457 771 1527; x_wconf 87' lang='lat' dir='ltr'>potest,</span> <span class='ocrx_word' id='word_1_62' title='bbox 806 1462 866 1510; x_wconf 86' lang='lat' dir='ltr'>nec</span> <span class='ocrx_word' id='word_1_63' title='bbox 895 1442 981 1509; x_wconf 92' lang='lat' dir='ltr'>bona</span> <span class='ocrx_word' id='word_1_64' title='bbox 1017 1442 1117 1511; x_wconf 85' lang='lat' dir='ltr'>fides:</span> <span class='ocrx_word' id='word_1_65' title='bbox 1150 1462 1234 1525; x_wconf 85' lang='lat' dir='ltr'>quae</span> <span class='ocrx_word' id='word_1_66' title='bbox 1264 1462 1338 1511; x_wconf 92' lang='lat' dir='ltr'>cum</span> <span class='ocrx_word' id='word_1_67' title='bbox 1371 1441 1542 1509; x_wconf 81' lang='lat' dir='ltr'>manifeste</span> 
     </span>
     <span class='ocr_line' id='line_1_9' title="bbox 368 1552 1542 1638; baseline 0.001 -18"><span class='ocrx_word' id='word_1_68' title='bbox 368 1555 510 1635; x_wconf 86' lang='lat' dir='ltr'><strong>desunt,</strong></span> <span class='ocrx_word' id='word_1_69' title='bbox 541 1554 756 1638; x_wconf 78' lang='lat' dir='ltr'>praescriptio</span> <span class='ocrx_word' id='word_1_70' title='bbox 784 1552 964 1621; x_wconf 89' lang='lat' dir='ltr'>secundum</span> <span class='ocrx_word' id='word_1_71' title='bbox 997 1574 1139 1625; x_wconf 88' lang='lat' dir='ltr'>canones</span> <span class='ocrx_word' id='word_1_72' title='bbox 1165 1574 1232 1636; x_wconf 84' lang='lat' dir='ltr'>non</span> <span class='ocrx_word' id='word_1_73' title='bbox 1259 1555 1314 1638; x_wconf 88' lang='lat' dir='ltr'>jus</span> <span class='ocrx_word' id='word_1_74' title='bbox 1337 1554 1466 1621; x_wconf 83' lang='lat' dir='ltr'>dicetm</span> <span class='ocrx_word' id='word_1_75' title='bbox 1485 1555 1542 1621; x_wconf 92' lang='lat' dir='ltr'>sed</span> 
     </span>
     <span class='ocr_line' id='line_1_10' title="bbox 368 1665 1544 1753; baseline 0 -21"><span class='ocrx_word' id='word_1_76' title='bbox 368 1667 498 1750; x_wconf 78' lang='lat' dir='ltr'>injuria.</span> <span class='ocrx_word' id='word_1_77' title='bbox 545 1666 637 1753; x_wconf 90' lang='lat' dir='ltr'>Quin</span> <span class='ocrx_word' id='word_1_78' title='bbox 670 1682 702 1734; x_wconf 91' lang='lat' dir='ltr'>et</span> <span class='ocrx_word' id='word_1_79' title='bbox 729 1666 801 1749; x_wconf 88' lang='lat' dir='ltr'>ipsa</span> <span class='ocrx_word' id='word_1_80' title='bbox 823 1665 987 1736; x_wconf 76' lang='lat' dir='ltr'>mercandi</span> <span class='ocrx_word' id='word_1_81' title='bbox 1017 1666 1110 1748; x_wconf 87' lang='lat' dir='ltr'>quasi</span> <span class='ocrx_word' id='word_1_82' title='bbox 1133 1666 1300 1749; x_wconf 85' lang='lat' dir='ltr'>possessio</span> <span class='ocrx_word' id='word_1_83' title='bbox 1323 1685 1389 1735; x_wconf 91' lang='lat' dir='ltr'>non</span> <span class='ocrx_word' id='word_1_84' title='bbox 1414 1686 1454 1735; x_wconf 86' lang='lat' dir='ltr'>cx</span> <span class='ocrx_word' id='word_1_85' title='bbox 1471 1667 1544 1750; x_wconf 85' lang='lat' dir='ltr'>jure</span> 
     </span>
     <span class='ocr_line' id='line_1_11' title="bbox 367 1777 1543 1863; baseline -0.003 -15"><span class='ocrx_word' id='word_1_86' title='bbox 367 1779 502 1862; x_wconf 86' lang='lat' dir='ltr'>proprio</span> <span class='ocrx_word' id='word_1_87' title='bbox 534 1778 713 1863; x_wconf 80' lang='lat' dir='ltr'>contigisse</span> <span class='ocrx_word' id='word_1_88' title='bbox 745 1777 899 1859; x_wconf 84' lang='lat' dir='ltr'>uidetur,</span> <span class='ocrx_word' id='word_1_89' title='bbox 932 1777 991 1843; x_wconf 91' lang='lat' dir='ltr'>sed</span> <span class='ocrx_word' id='word_1_90' title='bbox 1012 1798 1051 1843; x_wconf 86' lang='lat' dir='ltr'>ex</span> <span class='ocrx_word' id='word_1_91' title='bbox 1080 1780 1152 1863; x_wconf 86' lang='lat' dir='ltr'>jure</span> <span class='ocrx_word' id='word_1_92' title='bbox 1173 1778 1365 1858; x_wconf 90' lang='lat' dir='ltr'>communi,</span> <span class='ocrx_word' id='word_1_93' title='bbox 1390 1778 1485 1860; x_wconf 89' lang='lat' dir='ltr'>quod</span> <span class='ocrx_word' id='word_1_94' title='bbox 1504 1779 1543 1845; x_wconf 89' lang='lat' dir='ltr'>ad</span> 
     </span>
     <span class='ocr_line' id='line_1_12' title="bbox 368 1889 1543 1973; baseline 0 -16"><span class='ocrx_word' id='word_1_95' title='bbox 368 1910 482 1962; x_wconf 86' lang='lat' dir='ltr'>omnes</span> <span class='ocrx_word' id='word_1_96' title='bbox 514 1889 695 1973; x_wconf 87' lang='lat' dir='ltr'>acqualiter</span> <span class='ocrx_word' id='word_1_97' title='bbox 724 1889 884 1973; x_wconf 74' lang='lat' dir='ltr'>pertinere</span> <span class='ocrx_word' id='word_1_98' title='bbox 918 1889 1006 1959; x_wconf 91' lang='lat' dir='ltr'>sicut</span> <span class='ocrx_word' id='word_1_99' title='bbox 1038 1904 1150 1955; x_wconf 88' lang='lat' dir='ltr'>contra</span> <span class='ocrx_word' id='word_1_100' title='bbox 1174 1891 1266 1973; x_wconf 92' lang='lat' dir='ltr'>qued</span> <span class='ocrx_word' id='word_1_101' title='bbox 1288 1890 1370 1957; x_wconf 86' lang='lat' dir='ltr'>aliae</span> <span class='ocrx_word' id='word_1_102' title='bbox 1391 1890 1543 1957; x_wconf 87' lang='lat' dir='ltr'>nationes</span> 
     </span>
     <span class='ocr_line' id='line_1_13' title="bbox 368 2000 1541 2086; baseline 0.002 -19"><span class='ocrx_word' id='word_1_103' title='bbox 368 2022 443 2071; x_wconf 86' lang='lat' dir='ltr'>curn</span> <span class='ocrx_word' id='word_1_104' title='bbox 467 2004 557 2071; x_wconf 84' lang='lat' dir='ltr'>Indis</span> <span class='ocrx_word' id='word_1_105' title='bbox 579 2004 768 2073; x_wconf 85' lang='lat' dir='ltr'>contrahere</span> <span class='ocrx_word' id='word_1_106' title='bbox 792 2000 878 2071; x_wconf 85' lang='lat' dir='ltr'>forte</span> <span class='ocrx_word' id='word_1_107' title='bbox 901 2004 1133 2086; x_wconf 84' lang='lat' dir='ltr'>neglexerunt,</span> <span class='ocrx_word' id='word_1_108' title='bbox 1155 2001 1190 2071; x_wconf 91' lang='lat' dir='ltr'>id</span> <span class='ocrx_word' id='word_1_109' title='bbox 1218 2022 1285 2071; x_wconf 92' lang='lat' dir='ltr'>non</span> <span class='ocrx_word' id='word_1_110' title='bbox 1303 2001 1541 2069; x_wconf 84' lang='lat' dir='ltr'>Lusitanorum</span> 
     </span>
     <span class='ocr_line' id='line_1_14' title="bbox 369 2112 1541 2200; baseline -0.001 -20"><span class='ocrx_word' id='word_1_111' title='bbox 369 2114 470 2197; x_wconf 85' lang='lat' dir='ltr'>gratia</span> <span class='ocrx_word' id='word_1_112' title='bbox 505 2112 620 2200; x_wconf 85' lang='lat' dir='ltr'>fecisse</span> <span class='ocrx_word' id='word_1_113' title='bbox 655 2113 862 2183; x_wconf 76' lang='lat' dir='ltr'>existimandi</span> <span class='ocrx_word' id='word_1_114' title='bbox 897 2128 997 2195; x_wconf 91' lang='lat' dir='ltr'>sunt,</span> <span class='ocrx_word' id='word_1_115' title='bbox 1031 2114 1089 2182; x_wconf 90' lang='lat' dir='ltr'>sed</span> <span class='ocrx_word' id='word_1_116' title='bbox 1121 2112 1199 2195; x_wconf 92' lang='lat' dir='ltr'>quia</span> <span class='ocrx_word' id='word_1_117' title='bbox 1223 2113 1285 2182; x_wconf 90' lang='lat' dir='ltr'>sibi</span> <span class='ocrx_word' id='word_1_118' title='bbox 1318 2113 1365 2181; x_wconf 92' lang='lat' dir='ltr'>ita</span> <span class='ocrx_word' id='word_1_119' title='bbox 1388 2113 1541 2197; x_wconf 86' lang='lat' dir='ltr'>expedire</span> 
     </span>
     <span class='ocr_line' id='line_1_15' title="bbox 368 2224 1542 2308; baseline 0.003 -19"><span class='ocrx_word' id='word_1_120' title='bbox 368 2224 594 2294; x_wconf 88' lang='lat' dir='ltr'>crediderunt:</span> <span class='ocrx_word' id='word_1_121' title='bbox 623 2227 715 2307; x_wconf 90' lang='lat' dir='ltr'>quod</span> <span class='ocrx_word' id='word_1_122' title='bbox 740 2225 823 2300; x_wconf 85' lang='lat' dir='ltr'>nibil</span> <span class='ocrx_word' id='word_1_123' title='bbox 846 2227 979 2307; x_wconf 86' lang='lat' dir='ltr'>obstat,</span> <span class='ocrx_word' id='word_1_124' title='bbox 1003 2226 1181 2308; x_wconf 85' lang='lat' dir='ltr'>quominus</span> <span class='ocrx_word' id='word_1_125' title='bbox 1210 2226 1267 2293; x_wconf 91' lang='lat' dir='ltr'>ubi</span> <span class='ocrx_word' id='word_1_126' title='bbox 1290 2226 1431 2293; x_wconf 81' lang='lat' dir='ltr'>suaserit</span> <span class='ocrx_word' id='word_1_127' title='bbox 1455 2226 1542 2295; x_wconf 79' lang='lat' dir='ltr'>utili</span> 
     </span>
     <span class='ocr_line' id='line_1_16' title="bbox 369 2335 1543 2419; baseline 0 -14"><span class='ocrx_word' id='word_1_128' title='bbox 369 2349 417 2405; x_wconf 89' lang='lat' dir='ltr'>tas</span> <span class='ocrx_word' id='word_1_129' title='bbox 445 2335 479 2403; x_wconf 93' lang='lat' dir='ltr'>ld</span> <span class='ocrx_word' id='word_1_130' title='bbox 505 2335 614 2407; x_wconf 86' lang='lat' dir='ltr'>facere</span> <span class='ocrx_word' id='word_1_131' title='bbox 641 2337 788 2419; x_wconf 82' lang='lat' dir='ltr'>possint,</span> <span class='ocrx_word' id='word_1_132' title='bbox 803 2337 910 2419; x_wconf 53' lang='lat' dir='ltr'>»quod</span> <span class='ocrx_word' id='word_1_133' title='bbox 945 2352 1037 2405; x_wconf 88' lang='lat' dir='ltr'>antea</span> <span class='ocrx_word' id='word_1_134' title='bbox 1059 2355 1125 2407; x_wconf 89' lang='lat' dir='ltr'>non</span> <span class='ocrx_word' id='word_1_135' title='bbox 1150 2336 1301 2407; x_wconf 88' lang='lat' dir='ltr'>fecerint.</span> <span class='ocrx_word' id='word_1_136' title='bbox 1348 2337 1543 2408; x_wconf 85' lang='lat' dir='ltr'>Certissima</span> 
     </span>
     <span class='ocr_line' id='line_1_17' title="bbox 369 2447 1543 2534; baseline 0.005 -21"><span class='ocrx_word' id='word_1_137' title='bbox 369 2447 454 2515; x_wconf 86' lang='lat' dir='ltr'>enim</span> <span class='ocrx_word' id='word_1_138' title='bbox 487 2448 542 2516; x_wconf 90' lang='lat' dir='ltr'>ilia</span> <span class='ocrx_word' id='word_1_139' title='bbox 573 2448 1139 2534; x_wconf 84' lang='lat' dir='ltr'>regulaadoctoribus1traditur</span> <span class='ocrx_word' id='word_1_140' title='bbox 1174 2449 1207 2515; x_wconf 90' lang='lat' dir='ltr'>in</span> <span class='ocrx_word' id='word_1_141' title='bbox 1239 2449 1314 2530; x_wconf 89' lang='lat' dir='ltr'>bis,</span> <span class='ocrx_word' id='word_1_142' title='bbox 1348 2470 1434 2531; x_wconf 87' lang='lat' dir='ltr'>quae</span> <span class='ocrx_word' id='word_1_143' title='bbox 1466 2464 1543 2519; x_wconf 92' lang='lat' dir='ltr'>sunt</span> 
     </span>
     <span class='ocr_line' id='line_1_18' title="bbox 368 2559 1543 2644; baseline 0.003 -17"><span class='ocrx_word' id='word_1_144' title='bbox 368 2559 463 2631; x_wconf 86' lang='lat' dir='ltr'>liberi</span> <span class='ocrx_word' id='word_1_145' title='bbox 495 2560 620 2629; x_wconf 87' lang='lat' dir='ltr'>arbitrii</span> <span class='ocrx_word' id='word_1_146' title='bbox 648 2581 706 2629; x_wconf 86' lang='lat' dir='ltr'>scu</span> <span class='ocrx_word' id='word_1_147' title='bbox 730 2581 836 2629; x_wconf 87' lang='lat' dir='ltr'>merae</span> <span class='ocrx_word' id='word_1_148' title='bbox 859 2559 1051 2643; x_wconf 86' lang='lat' dir='ltr'>facultatis,</span> <span class='ocrx_word' id='word_1_149' title='bbox 1075 2559 1119 2631; x_wconf 81' lang='lat' dir='ltr'>ita</span> <span class='ocrx_word' id='word_1_150' title='bbox 1142 2577 1180 2629; x_wconf 94' lang='lat' dir='ltr'>ut</span> <span class='ocrx_word' id='word_1_151' title='bbox 1202 2582 1261 2644; x_wconf 88' lang='lat' dir='ltr'>per</span> <span class='ocrx_word' id='word_1_152' title='bbox 1283 2580 1318 2625; x_wconf 90' lang='lat' dir='ltr'>se</span> <span class='ocrx_word' id='word_1_153' title='bbox 1340 2576 1451 2631; x_wconf 89' lang='lat' dir='ltr'>actum</span> <span class='ocrx_word' id='word_1_154' title='bbox 1476 2578 1543 2631; x_wconf 90' lang='lat' dir='ltr'>tsn-</span> 
     </span>
     <span class='ocr_line' id='line_1_19' title="bbox 367 2671 1542 2757; baseline 0.005 -21"><span class='ocrx_word' id='word_1_155' title='bbox 367 2686 438 2741; x_wconf 90' lang='lat' dir='ltr'>tutu</span> <span class='ocrx_word' id='word_1_156' title='bbox 470 2671 638 2742; x_wconf 85' lang='lat' dir='ltr'>facultatis</span> <span class='ocrx_word' id='word_1_157' title='bbox 672 2673 767 2757; x_wconf 78' lang='lat' dir='ltr'>eJus,</span> <span class='ocrx_word' id='word_1_158' title='bbox 800 2692 867 2739; x_wconf 87' lang='lat' dir='ltr'>non</span> <span class='ocrx_word' id='word_1_159' title='bbox 900 2689 1008 2741; x_wconf 90' lang='lat' dir='ltr'>sutem</span> <span class='ocrx_word' id='word_1_160' title='bbox 1034 2675 1089 2757; x_wconf 87' lang='lat' dir='ltr'>jus</span> <span class='ocrx_word' id='word_1_161' title='bbox 1112 2692 1235 2745; x_wconf 88' lang='lat' dir='ltr'>novutn</span> <span class='ocrx_word' id='word_1_162' title='bbox 1260 2688 1460 2755; x_wconf 86' lang='lat' dir='ltr'>operentur,</span> <span class='ocrx_word' id='word_1_163' title='bbox 1484 2694 1542 2742; x_wconf 88' lang='lat' dir='ltr'>nec</span> 
     </span>
     <span class='ocr_line' id='line_1_20' title="bbox 367 2784 1543 2876; baseline -0.002 -21"><span class='ocrx_word' id='word_1_164' title='bbox 367 2785 642 2876; x_wconf 83' lang='lat' dir='ltr'>praescriptionis.</span> <span class='ocrx_word' id='word_1_165' title='bbox 668 2804 727 2853; x_wconf 86' lang='lat' dir='ltr'>nec</span> <span class='ocrx_word' id='word_1_166' title='bbox 761 2784 1012 2854; x_wconf 87' lang='lat' dir='ltr'>consuetudinis</span> <span class='ocrx_word' id='word_1_167' title='bbox 1053 2784 1152 2853; x_wconf 89' lang='lat' dir='ltr'>titulo</span> <span class='ocrx_word' id='word_1_168' title='bbox 1186 2804 1288 2853; x_wconf 88' lang='lat' dir='ltr'>annos</span> <span class='ocrx_word' id='word_1_169' title='bbox 1322 2784 1419 2851; x_wconf 87' lang='lat' dir='ltr'>etiam</span> <span class='ocrx_word' id='word_1_170' title='bbox 1455 2787 1543 2853; x_wconf 89' lang='lat' dir='ltr'>mille</span> 
     </span>
     <span class='ocr_line' id='line_1_21' title="bbox 368 2896 1543 2981; baseline -0.002 -14"><span class='ocrx_word' id='word_1_171' title='bbox 368 2896 547 2969; x_wconf 81' lang='lat' dir='ltr'>valituros:</span> <span class='ocrx_word' id='word_1_172' title='bbox 577 2896 668 2978; x_wconf 90' lang='lat' dir='ltr'>quod</span> <span class='ocrx_word' id='word_1_173' title='bbox 691 2910 723 2966; x_wconf 90' lang='lat' dir='ltr'>ct</span> <span class='ocrx_word' id='word_1_174' title='bbox 745 2896 936 2965; x_wconf 83' lang='lat' dir='ltr'>affirmative</span> <span class='ocrx_word' id='word_1_175' title='bbox 960 2912 993 2967; x_wconf 87' lang='lat' dir='ltr'>et</span> <span class='ocrx_word' id='word_1_176' title='bbox 1014 2896 1165 2981; x_wconf 83' lang='lat' dir='ltr'>negative</span> <span class='ocrx_word' id='word_1_177' title='bbox 1188 2896 1360 2979; x_wconf 88' lang='lat' dir='ltr'>procedit,</span> <span class='ocrx_word' id='word_1_178' title='bbox 1385 2912 1423 2965; x_wconf 90' lang='lat' dir='ltr'>ut</span> <span class='ocrx_word' id='word_1_179' title='bbox 1445 2898 1543 2967; x_wconf 88' lang='lat' dir='ltr'>docet</span> 
     </span>
     <span class='ocr_line' id='line_1_22' title="bbox 369 3006 1542 3094; baseline 0.008 -24"><span class='ocrx_word' id='word_1_180' title='bbox 369 3007 539 3090; x_wconf 90' lang='lat' dir='ltr'>Vasquius</span> <span class='ocrx_word' id='word_1_181' title='bbox 558 3006 581 3076; x_wconf 81' lang='lat'>¹.</span> <span class='ocrx_word' id='word_1_182' title='bbox 624 3008 697 3079; x_wconf 87' lang='lat' dir='ltr'>Nec</span> <span class='ocrx_word' id='word_1_183' title='bbox 725 3009 811 3078; x_wconf 88' lang='lat' dir='ltr'>enirn</span> <span class='ocrx_word' id='word_1_184' title='bbox 835 3009 928 3090; x_wconf 91' lang='lat' dir='ltr'>quod</span> <span class='ocrx_word' id='word_1_185' title='bbox 950 3008 1051 3075; x_wconf 87' lang='lat' dir='ltr'>libere</span> <span class='ocrx_word' id='word_1_186' title='bbox 1073 3008 1161 3089; x_wconf 87' lang='lat' dir='ltr'>ieci,</span> <span class='ocrx_word' id='word_1_187' title='bbox 1186 3008 1292 3078; x_wconf 83' lang='lat' dir='ltr'>iacere</span> <span class='ocrx_word' id='word_1_188' title='bbox 1323 3029 1449 3094; x_wconf 89' lang='lat' dir='ltr'>cogor,</span> <span class='ocrx_word' id='word_1_189' title='bbox 1484 3031 1542 3079; x_wconf 84' lang='lat' dir='ltr'>nec</span> 
     </span>
     <span class='ocr_line' id='line_1_23' title="bbox 370 3118 1541 3205; baseline 0.006 -22"><span class='ocrx_word' id='word_1_190' title='bbox 370 3119 461 3199; x_wconf 91' lang='lat' dir='ltr'>quod</span> <span class='ocrx_word' id='word_1_191' title='bbox 492 3138 558 3185; x_wconf 90' lang='lat' dir='ltr'>non</span> <span class='ocrx_word' id='word_1_192' title='bbox 591 3118 676 3200; x_wconf 84' lang='lat' dir='ltr'>ieci,</span> <span class='ocrx_word' id='word_1_193' title='bbox 707 3120 867 3190; x_wconf 85' lang='lat' dir='ltr'>omittere.</span> <span class='ocrx_word' id='word_1_194' title='bbox 915 3120 1078 3203; x_wconf 88' lang='lat' dir='ltr'>Alioquin</span> <span class='ocrx_word' id='word_1_195' title='bbox 1112 3120 1194 3203; x_wconf 91' lang='lat' dir='ltr'>quid</span> <span class='ocrx_word' id='word_1_196' title='bbox 1226 3138 1313 3188; x_wconf 88' lang='lat' dir='ltr'>esset</span> <span class='ocrx_word' id='word_1_197' title='bbox 1345 3122 1541 3205; x_wconf 87' lang='lat' dir='ltr'>absurdius,</span> 
     </span>
     <span class='ocr_line' id='line_1_24' title="bbox 369 3232 1542 3319; baseline 0.008 -26"><span class='ocrx_word' id='word_1_198' title='bbox 369 3248 466 3310; x_wconf 85' lang='lat' dir='ltr'>quam</span> <span class='ocrx_word' id='word_1_199' title='bbox 491 3251 530 3297; x_wconf 84' lang='lat' dir='ltr'>err</span> <span class='ocrx_word' id='word_1_200' title='bbox 554 3251 592 3297; x_wconf 85' lang='lat' dir='ltr'>ee</span> <span class='ocrx_word' id='word_1_201' title='bbox 616 3233 707 3313; x_wconf 91' lang='lat' dir='ltr'>quod</span> <span class='ocrx_word' id='word_1_202' title='bbox 731 3232 853 3316; x_wconf 84' lang='lat' dir='ltr'>singuli</span> <span class='ocrx_word' id='word_1_203' title='bbox 876 3252 939 3298; x_wconf 91' lang='lat' dir='ltr'>nou</span> <span class='ocrx_word' id='word_1_204' title='bbox 960 3252 1138 3316; x_wconf 89' lang='lat' dir='ltr'>possumus</span> <span class='ocrx_word' id='word_1_205' title='bbox 1158 3252 1232 3301; x_wconf 90' lang='lat' dir='ltr'>cum</span> <span class='ocrx_word' id='word_1_206' title='bbox 1255 3232 1395 3317; x_wconf 88' lang='lat' dir='ltr'>singulis</span> <span class='ocrx_word' id='word_1_207' title='bbox 1416 3254 1542 3319; x_wconf 84' lang='lat' dir='ltr'>scrnpct</span> 
     </span>
     <span class='ocr_line' id='line_1_25' title="bbox 368 3341 1541 3430; baseline 0.007 -25"><span class='ocrx_word' id='word_1_208' title='bbox 368 3341 584 3422; x_wconf 85' lang='lat' dir='ltr'>contrahere,</span> <span class='ocrx_word' id='word_1_209' title='bbox 618 3344 744 3415; x_wconf 84' lang='lat' dir='ltr'>salvum</span> <span class='ocrx_word' id='word_1_210' title='bbox 777 3342 875 3411; x_wconf 87' lang='lat' dir='ltr'>uobis</span> <span class='ocrx_word' id='word_1_211' title='bbox 908 3343 940 3409; x_wconf 89' lang='lat' dir='ltr'>in</span> <span class='ocrx_word' id='word_1_212' title='bbox 973 3360 1140 3426; x_wconf 87' lang='lat' dir='ltr'>posterum</span> <span class='ocrx_word' id='word_1_213' title='bbox 1174 3364 1241 3411; x_wconf 89' lang='lat' dir='ltr'>non</span> <span class='ocrx_word' id='word_1_214' title='bbox 1278 3364 1346 3413; x_wconf 88' lang='lat' dir='ltr'>esse</span> <span class='ocrx_word' id='word_1_215' title='bbox 1378 3346 1435 3430; x_wconf 86' lang='lat' dir='ltr'>jus</span> <span class='ocrx_word' id='word_1_216' title='bbox 1467 3366 1541 3413; x_wconf 89' lang='lat' dir='ltr'>curn</span> 
     </span>
     <span class='ocr_line' id='line_1_26' title="bbox 368 3450 1543 3539; baseline 0.004 -23"><span class='ocrx_word' id='word_1_217' title='bbox 368 3450 459 3532; x_wconf 86' lang='lat' dir='ltr'>illis,</span> <span class='ocrx_word' id='word_1_218' title='bbox 479 3452 507 3519; x_wconf 88' lang='lat' dir='ltr'>si</span> <span class='ocrx_word' id='word_1_219' title='bbox 531 3472 611 3519; x_wconf 87' lang='lat' dir='ltr'>usus</span> <span class='ocrx_word' id='word_1_220' title='bbox 634 3455 1026 3534; x_wconf 78' lang='lat' dir='ltr'>tulerit,contrahendii</span> <span class='ocrx_word' id='word_1_221' title='bbox 1073 3456 1162 3521; x_wconf 87' lang='lat' dir='ltr'>idem</span> <span class='ocrx_word' id='word_1_222' title='bbox 1186 3455 1355 3539; x_wconf 90' lang='lat' dir='ltr'>Vasquius</span> <span class='ocrx_word' id='word_1_223' title='bbox 1375 3455 1385 3491; x_wconf 82' lang='lat'>²</span> <span class='ocrx_word' id='word_1_224' title='bbox 1406 3473 1438 3523; x_wconf 89' lang='lat' dir='ltr'>ct</span> <span class='ocrx_word' id='word_1_225' title='bbox 1461 3457 1543 3523; x_wconf 87' lang='lat' dir='ltr'>illud</span> 
     </span>
     <span class='ocr_line' id='line_1_27' title="bbox 368 3561 1541 3651; baseline 0.009 -24"><span class='ocrx_word' id='word_1_226' title='bbox 368 3561 570 3644; x_wconf 85' lang='lat' dir='ltr'>rectissime,</span> <span class='ocrx_word' id='word_1_227' title='bbox 594 3585 635 3629; x_wconf 88' lang='lat' dir='ltr'>ne</span> <span class='ocrx_word' id='word_1_228' title='bbox 658 3564 790 3632; x_wconf 89' lang='lat' dir='ltr'>infinito</span> <span class='ocrx_word' id='word_1_229' title='bbox 814 3566 948 3649; x_wconf 89' lang='lat' dir='ltr'>quidem</span> <span class='ocrx_word' id='word_1_230' title='bbox 972 3582 1117 3651; x_wconf 88' lang='lat' dir='ltr'>tempere</span> <span class='ocrx_word' id='word_1_231' title='bbox 1139 3567 1246 3649; x_wconf 88' lang='lat' dir='ltr'>cilici,</span> <span class='ocrx_word' id='word_1_232' title='bbox 1270 3583 1307 3634; x_wconf 95' lang='lat' dir='ltr'>ut</span> <span class='ocrx_word' id='word_1_233' title='bbox 1328 3568 1411 3650; x_wconf 91' lang='lat' dir='ltr'>quid</span> <span class='ocrx_word' id='word_1_234' title='bbox 1431 3588 1541 3637; x_wconf 85' lang='lat' dir='ltr'>ncces·</span> 
     </span>
     <span class='ocr_line' id='line_1_28' title="bbox 367 3671 1541 3762; baseline 0.009 -22"><span class='ocrx_word' id='word_1_235' title='bbox 367 3674 463 3747; x_wconf 88' lang='lat' dir='ltr'>sitate</span> <span class='ocrx_word' id='word_1_236' title='bbox 486 3676 599 3759; x_wconf 89' lang='lat' dir='ltr'>potius</span> <span class='ocrx_word' id='word_1_237' title='bbox 623 3696 719 3759; x_wconf 87' lang='lat' dir='ltr'>quam</span> <span class='ocrx_word' id='word_1_238' title='bbox 743 3671 860 3761; x_wconf 86' lang='lat' dir='ltr'>spente&#39;</span> <span class='ocrx_word' id='word_1_239' title='bbox 884 3677 1007 3749; x_wconf 85' lang='lat' dir='ltr'>factum</span> <span class='ocrx_word' id='word_1_240' title='bbox 1032 3678 1194 3747; x_wconf 87' lang='lat' dir='ltr'>videatur.</span> <span class='ocrx_word' id='word_1_241' title='bbox 1232 3680 1404 3747; x_wconf 88' lang='lat' dir='ltr'>Probanda</span> <span class='ocrx_word' id='word_1_242' title='bbox 1430 3680 1541 3762; x_wconf 85' lang='lat' dir='ltr'>itaque</span> 
     </span>
     <span class='ocr_line' id='line_1_29' title="bbox 367 3786 1540 3876; baseline 0.002 -19"><span class='ocrx_word' id='word_1_243' title='bbox 367 3786 540 3859; x_wconf 85' lang='lat' dir='ltr'>Lusitanis</span> <span class='ocrx_word' id='word_1_244' title='bbox 561 3786 647 3858; x_wconf 87' lang='lat' dir='ltr'>soret</span> <span class='ocrx_word' id='word_1_245' title='bbox 669 3790 817 3873; x_wconf 88' lang='lat' dir='ltr'>coactio,</span> <span class='ocrx_word' id='word_1_246' title='bbox 847 3812 931 3873; x_wconf 88' lang='lat' dir='ltr'>quae</span> <span class='ocrx_word' id='word_1_247' title='bbox 954 3806 1062 3861; x_wconf 88' lang='lat' dir='ltr'>tamen</span> <span class='ocrx_word' id='word_1_248' title='bbox 1085 3791 1265 3875; x_wconf 86' lang='lat' dir='ltr'>ipsa,cum</span> <span class='ocrx_word' id='word_1_249' title='bbox 1290 3794 1349 3859; x_wconf 83' lang='lat' dir='ltr'>isac</span> <span class='ocrx_word' id='word_1_250' title='bbox 1375 3790 1408 3857; x_wconf 90' lang='lat' dir='ltr'>in</span> <span class='ocrx_word' id='word_1_251' title='bbox 1431 3812 1465 3857; x_wconf 88' lang='lat' dir='ltr'>re</span> <span class='ocrx_word' id='word_1_252' title='bbox 1475 3791 1540 3876; x_wconf 90' lang='lat' dir='ltr'>juri</span> 
     </span>
    </p>
   </div>
   <div class='ocr_carea' id='block_1_3' title="bbox 368 3991 564 4003">
    <p class='ocr_par' dir='ltr' id='par_1_3' title="bbox 368 3991 564 4003">
     <span class='ocr_line' id='line_1_30' title="bbox 368 3991 564 4003; baseline 0.01 -2"><span class='ocrx_word' id='word_1_253' title='bbox 368 3991 564 4003; x_wconf 63' lang='lat' dir='ltr'>noc—-</span> 
     </span>
    </p>
   </div>
   <div class='ocr_carea' id='block_1_4' title="bbox 365 4109 1541 4449">
    <p class='ocr_par' dir='ltr' id='par_1_4' title="bbox 365 4109 1541 4449">
     <span class='ocr_line' id='line_1_31' title="bbox 401 4109 1541 4181; baseline 0.001 -20"><span class='ocrx_word' id='word_1_254' title='bbox 401 4109 408 4141; x_wconf 92' lang='lat'>¹</span> <span class='ocrx_word' id='word_1_255' title='bbox 428 4113 469 4161; x_wconf 88' lang='lat' dir='ltr'>Gi.</span> <span class='ocrx_word' id='word_1_256' title='bbox 482 4124 507 4161; x_wconf 83' lang='lat' dir='ltr'>et</span> <span class='ocrx_word' id='word_1_257' title='bbox 531 4115 597 4161; x_wconf 82' lang='lat' dir='ltr'>liare.</span> <span class='ocrx_word' id='word_1_258' title='bbox 615 4112 641 4169; x_wconf 86' lang='lat' dir='ltr'>in</span> <span class='ocrx_word' id='word_1_259' title='bbox 656 4114 674 4165; x_wconf 90' lang='lat' dir='ltr'>l.</span> <span class='ocrx_word' id='word_1_260' title='bbox 693 4113 760 4170; x_wconf 79' lang='lat' dir='ltr'>vitm</span> <span class='ocrx_word' id='word_1_261' title='bbox 775 4112 914 4181; x_wconf 82' lang='lat' dir='ltr'>publicam.</span> <span class='ocrx_word' id='word_1_262' title='bbox 930 4112 957 4169; x_wconf 72' lang='lat' dir='ltr'>ff..</span> <span class='ocrx_word' id='word_1_263' title='bbox 974 4115 1005 4163; x_wconf 92' lang='lat' dir='ltr'>dc</span> <span class='ocrx_word' id='word_1_264' title='bbox 1024 4113 1066 4161; x_wconf 86' lang='lat' dir='ltr'>via</span> <span class='ocrx_word' id='word_1_265' title='bbox 1085 4113 1155 4174; x_wconf 86' lang='lat' dir='ltr'>publ·</span> <span class='ocrx_word' id='word_1_266' title='bbox 1177 4112 1220 4179; x_wconf 62' lang='grc' dir='ltr'>[Π</span> <span class='ocrx_word' id='word_1_267' title='bbox 1236 4127 1277 4177; x_wconf 74' lang='grc'>43·</span> <span class='ocrx_word' id='word_1_268' title='bbox 1296 4128 1335 4165; x_wconf 87' lang='lat' dir='ltr'>rt.</span> <span class='ocrx_word' id='word_1_269' title='bbox 1355 4115 1392 4179; x_wconf 83' lang='lat' dir='ltr'>a.]</span> <span class='ocrx_word' id='word_1_270' title='bbox 1428 4114 1541 4169; x_wconf 64' lang='lat' dir='ltr'>Balbin</span> 
     </span>
     <span class='ocr_line' id='line_1_32' title="bbox 365 4198 1540 4272; baseline 0.003 -23"><span class='ocrx_word' id='word_1_271' title='bbox 365 4214 390 4263; x_wconf 86' lang='lat'>4.</span> <span class='ocrx_word' id='word_1_272' title='bbox 413 4216 468 4263; x_wconf 87' lang='lat' dir='ltr'>par.</span> <span class='ocrx_word' id='word_1_273' title='bbox 495 4215 518 4258; x_wconf 82' lang='lat' dir='ltr'>s.</span> <span class='ocrx_word' id='word_1_274' title='bbox 541 4217 593 4263; x_wconf 87' lang='lat' dir='ltr'>par.</span> <span class='ocrx_word' id='word_1_275' title='bbox 616 4203 697 4263; x_wconf 86' lang='lat' dir='ltr'>princ.</span> <span class='ocrx_word' id='word_1_276' title='bbox 721 4217 746 4263; x_wconf 89' lang='lat' dir='ltr'>q.</span> <span class='ocrx_word' id='word_1_277' title='bbox 758 4198 794 4251; x_wconf 78' lang='lat' dir='ltr'>&#39;r.</span> <span class='ocrx_word' id='word_1_278' title='bbox 812 4204 871 4251; x_wconf 87' lang='lat' dir='ltr'>Pan.</span> <span class='ocrx_word' id='word_1_279' title='bbox 896 4203 923 4251; x_wconf 89' lang='lat' dir='ltr'>in</span> <span class='ocrx_word' id='word_1_280' title='bbox 941 4217 964 4252; x_wconf 87' lang='lat' dir='ltr'>c.</span> <span class='ocrx_word' id='word_1_281' title='bbox 982 4217 1014 4252; x_wconf 86' lang='lat' dir='ltr'>ex</span> <span class='ocrx_word' id='word_1_282' title='bbox 1033 4217 1104 4264; x_wconf 84' lang='lat' dir='ltr'>parte</span> <span class='ocrx_word' id='word_1_283' title='bbox 1122 4200 1244 4261; x_wconf 69' lang='lat' dir='ltr'>estensis.</span> <span class='ocrx_word' id='word_1_284' title='bbox 1263 4206 1294 4259; x_wconf 84' lang='lat' dir='ltr'>de</span> <span class='ocrx_word' id='word_1_285' title='bbox 1319 4219 1436 4263; x_wconf 82' lang='lat' dir='ltr'>concess.</span> <span class='ocrx_word' id='word_1_286' title='bbox 1454 4206 1540 4272; x_wconf 86' lang='lat' dir='ltr'>praeb.</span> 
     </span>
     <span class='ocr_line' id='line_1_33' title="bbox 366 4292 1539 4361; baseline 0.003 -20"><span class='ocrx_word' id='word_1_287' title='bbox 366 4293 507 4355; x_wconf 83' lang='lat' dir='ltr'>[Decreral.</span> <span class='ocrx_word' id='word_1_288' title='bbox 526 4307 549 4351; x_wconf 80' lang='lat'>3.</span> <span class='ocrx_word' id='word_1_289' title='bbox 567 4297 591 4342; x_wconf 88' lang='lat'>8.</span> <span class='ocrx_word' id='word_1_290' title='bbox 609 4292 661 4357; x_wconf 88' lang='grc' dir='ltr'><strong>ιο.]</strong></span> <span class='ocrx_word' id='word_1_291' title='bbox 681 4294 730 4342; x_wconf 84' lang='lat' dir='ltr'>nd.</span> <span class='ocrx_word' id='word_1_292' title='bbox 744 4294 770 4342; x_wconf 90' lang='lat' dir='ltr'>in</span> <span class='ocrx_word' id='word_1_293' title='bbox 788 4295 805 4342; x_wconf 93' lang='lat' dir='ltr'>i.</span> <span class='ocrx_word' id='word_1_294' title='bbox 825 4294 870 4355; x_wconf 90' lang='lat' dir='ltr'>qui</span> <span class='ocrx_word' id='word_1_295' title='bbox 887 4292 943 4350; x_wconf 86' lang='lat' dir='ltr'>jurc</span> <span class='ocrx_word' id='word_1_296' title='bbox 962 4294 1149 4344; x_wconf 80' lang='lat' dir='ltr'>familiaritatis.</span> <span class='ocrx_word' id='word_1_297' title='bbox 1174 4296 1199 4343; x_wconf 75' lang='lat' dir='ltr'>ff.</span> <span class='ocrx_word' id='word_1_298' title='bbox 1218 4298 1249 4344; x_wconf 89' lang='lat' dir='ltr'>de</span> <span class='ocrx_word' id='word_1_299' title='bbox 1268 4311 1324 4357; x_wconf 88' lang='lat' dir='ltr'>acq.</span> <span class='ocrx_word' id='word_1_300' title='bbox 1340 4310 1409 4357; x_wconf 87' lang='lat' dir='ltr'>poss.</span> <span class='ocrx_word' id='word_1_301' title='bbox 1439 4296 1483 4361; x_wconf 86' lang='lat' dir='ltr'>[D.</span> <span class='ocrx_word' id='word_1_302' title='bbox 1499 4310 1539 4358; x_wconf 81' lang='lat'>4¹·</span> 
     </span>
     <span class='ocr_line' id='line_1_34' title="bbox 366 4383 1539 4449; baseline 0.005 -17"><span class='ocrx_word' id='word_1_303' title='bbox 366 4397 389 4432; x_wconf 84' lang='lat' dir='ltr'>a.</span> <span class='ocrx_word' id='word_1_304' title='bbox 414 4383 471 4448; x_wconf 65' lang='lat' dir='ltr'>aa]</span> <span class='ocrx_word' id='word_1_305' title='bbox 487 4396 512 4433; x_wconf 87' lang='lat' dir='ltr'>et</span> <span class='ocrx_word' id='word_1_306' title='bbox 535 4388 633 4445; x_wconf 77' lang='lat' dir='ltr'>aliegat.</span> <span class='ocrx_word' id='word_1_307' title='bbox 655 4398 703 4445; x_wconf 86' lang='lat' dir='ltr'>pst</span> <span class='ocrx_word' id='word_1_308' title='bbox 715 4386 823 4435; x_wconf 72' lang='lat' dir='ltr'>covarr,</span> <span class='ocrx_word' id='word_1_309' title='bbox 839 4384 867 4434; x_wconf 90' lang='lat' dir='ltr'>in</span> <span class='ocrx_word' id='word_1_310' title='bbox 885 4398 908 4434; x_wconf 90' lang='lat' dir='ltr'>c.</span> <span class='ocrx_word' id='word_1_311' title='bbox 926 4398 1068 4446; x_wconf 81' lang='lat' dir='ltr'>possessor.</span> <span class='ocrx_word' id='word_1_312' title='bbox 1085 4399 1111 4447; x_wconf 91' lang='lat' dir='ltr'>p.</span> <span class='ocrx_word' id='word_1_313' title='bbox 1135 4400 1158 4436; x_wconf 81' lang='lat' dir='ltr'>a.</span> <span class='ocrx_word' id='word_1_314' title='bbox 1167 4390 1189 4446; x_wconf 70' lang='grc' dir='ltr'>ξ.</span> <span class='ocrx_word' id='word_1_315' title='bbox 1197 4400 1222 4449; x_wconf 83' lang='lat'>4.</span> <span class='ocrx_word' id='word_1_316' title='bbox 1232 4401 1256 4435; x_wconf 90' lang='lat' dir='ltr'>n.</span> <span class='ocrx_word' id='word_1_317' title='bbox 1266 4388 1290 4436; x_wconf 87' lang='lat'>6.</span> <span class='ocrx_word' id='word_1_318' title='bbox 1324 4385 1335 4421; x_wconf 90' lang='lat'><strong>¹</strong></span> <span class='ocrx_word' id='word_1_319' title='bbox 1353 4390 1539 4437; x_wconf 72' lang='lat' dir='ltr'>Ceutronum</span> 
     </span>
    </p>
   </div>
   <div class='ocr_carea' id='block_1_5' title="bbox 364 4473 892 4537">
    <p class='ocr_par' dir='ltr' id='par_1_5' title="bbox 364 4473 892 4537">
     <span class='ocr_line' id='line_1_35' title="bbox 364 4473 892 4537; baseline -0.006 0"><span class='ocrx_word' id='word_1_320' title='bbox 364 4474 431 4537; x_wconf 74' lang='lat' dir='ltr'>fras·</span> <span class='ocrx_word' id='word_1_321' title='bbox 445 4488 508 4536; x_wconf 59' lang='lat' dir='ltr'>ee</span> <span class='ocrx_word' id='word_1_322' title='bbox 525 4489 553 4533; x_wconf 68' lang='lat' dir='ltr'>aa</span> <span class='ocrx_word' id='word_1_323' title='bbox 568 4488 606 4525; x_wconf 71' lang='grc' dir='ltr'>ιο·</span> <span class='ocrx_word' id='word_1_324' title='bbox 620 4486 646 4525; x_wconf 87' lang='lat' dir='ltr'>et</span> <span class='ocrx_word' id='word_1_325' title='bbox 667 4489 706 4535; x_wconf 61' lang='lat' dir='ltr'>rs,</span> <span class='ocrx_word' id='word_1_326' title='bbox 738 4473 835 4534; x_wconf 68' lang='lat' dir='ltr'>ide</span> <span class='ocrx_word' id='word_1_327' title='bbox 853 4489 892 4534; x_wconf 80' lang='lat' dir='ltr'>rs·</span> 
     </span>
    </p>
   </div>
   <div class='ocr_carea' id='block_1_6' title="bbox 0 0 1730 5434">
    <p class='ocr_par' dir='ltr' id='par_1_6' title="bbox 0 0 1730 5434">
     <span class='ocr_line' id='line_1_36' title="bbox 0 0 1730 5434; baseline 0 0"><span class='ocrx_word' id='word_1_328' title='bbox 0 0 1730 5434; x_wconf 95' lang='lat' dir='ltr'> </span> 
     </span>
    </p>
   </div>
  </div>
 </body>
</html>
