3450 5434
385 671 424 734 52
700 669 745 714 DE
769 667 862 734 JURE
888 665 1075 728 Pannonia.
1102 667 1184 712 CAP.
1210 667 1262 713 1v.

383 823 521 911 Deinde,
540 824 631 905 quod
663 823 696 888 in
729 820 821 887 civili
851 821 938 886 bello
968 820 1104 902 praedae
1127 821 1237 885 locum
1260 820 1497 903 musacium,
1523 822 1556 888 in

383 937 447 1001 hoc
479 934 573 999 etiam
604 933 777 1000 falluntur.
822 931 909 1026 Nam
940 946 977 996 ut
1004 930 1158 996 historias
1178 931 1345 1013 omittam,
1371 951 1410 997 ex
1434 933 1558 1013 quibus

383 1046 540 1113 discimus
564 1045 644 1110 adeo
668 1046 786 1128 praeda
809 1060 931 1111 scatere
953 1045 1038 1109 bella
1061 1043 1195 1125 civilia,
1223 1059 1261 1109 ut
1284 1043 1345 1108 ista
1367 1045 1556 1127 saepissime

384 1159 505 1242 cupido
529 1157 741 1234 hominesad
764 1177 814 1222 res
838 1177 941 1223 novas
965 1156 1134 1238 pellexerit
1158 1157 1191 1237 ¹,
1215 1176 1298 1238 quae
1322 1171 1371 1222 est
1393 1157 1476 1222 ratio
1497 1177 1557 1221 cur

384 1270 615 1354 magistratus,
644 1269 676 1333 si
705 1269 801 1333 aliter
822 1286 890 1332 non
913 1266 1019 1348 possit
1038 1271 1074 1347 ²,
1109 1266 1144 1331 id
1166 1267 1258 1348 quod
1280 1267 1479 1349 reipublicae
1499 1267 1556 1332 de-

384 1382 503 1461 betur,
536 1382 589 1446 vel
623 1382 667 1444 ob
691 1381 791 1444 solam
814 1396 952 1462 poenam
976 1377 1189 1460 rebellionis,
1213 1392 1333 1442 annata
1355 1398 1452 1442 manu
1476 1399 1556 1444 eon-

385 1490 478 1573 sequi
513 1511 579 1555 nou
599 1490 742 1556 debeat?
789 1479 918 1555 Plato¹¹⁸
941 1508 1017 1553 sane
1051 1509 1125 1553 cum
1161 1488 1195 1552 in
1228 1486 1329 1554 civili.
1353 1488 1556 1555 dissensione

385 1604 506 1667 bellum
527 1602 608 1668 velit
636 1623 706 1668 esse
727 1622 824 1684 quam
848 1601 1090 1684 pacatissimum
1114 1599 1275 1682 permittit
1295 1614 1401 1664 tamen
1421 1605 1469 1668 τὸν
1490 1604 1558 1668 ἕπε’-

383 1741 455 1782 aerea
486 1719 593 1797 καρπὸν
622 1719 805 1800 &dormiebat
836 1725 896 1788 τοῖς
927 1719 1059 1796 reputabor
1089 1719 1145 1780 τῶν
1171 1715 1388 1794 κρατουμένων,
1414 1710 1556 1795 fructus

385 1845 512 1889 annuos
540 1827 627 1908 eripi
658 1827 756 1891 uictis
786 1844 807 1886 a
837 1823 1030 1890 victricibus.
1076 1822 1165 1887 Tum
1186 1840 1265 1886 vero
1287 1821 1369 1902 quid
1389 1837 1454 1886 tam
1477 1841 1557 1886 con·

384 1934 519 1998 trarium
544 1949 606 2013 est,
632 1952 730 2015 quam
753 1933 903 2015 praedam
925 1932 1110 2016 prohibere,
1133 1933 1191 1998 ubi
1211 1933 1326 1997 caedes
1344 1932 1556 2015 permittam?

228 2051 300 2150 iil..
310 2061 371 2149 lgr·
386 2045 474 2110 Quia
483 2065 561 2110 vero
568 2045 624 2128 J'us
635 2060 684 2110 est
696 2043 843 2127 gentium
856 2045 983 2109 hostem
996 2044 1156 2126 spoliare,
1169 2043 1264 2108 etiam
1275 2043 1331 2127 jus
1340 2043 1438 2109 civile
1447 2043 1491 2108 sit
1502 2063 1558 2110 ne-

386 2175 475 2222 cesse
495 2169 557 2222 est.
581 2155 684 2222 Quod
696 2171 728 2222 et
740 2155 942 2239 singularum
956 2155 1124 2221 nationum
1136 2157 1226 2239 leges
1238 2170 1271 2220 et
1282 2154 1557 2232 consuetudines,

387 2286 471 2351 quae
481 2267 521 2332 de
532 2268 669 2349 praedae
681 2266 916 2333 distributione
929 2267 1054 2348 ubique
1065 2266 1225 2349 plurimae
1237 2281 1335 2345 sunt,
1347 2264 1555 2331 manifestum

385 2375 519 2444 faciunt.
568 2379 606 2444 ln
629 2379 780 2444 Romano
802 2391 911 2444 autem
931 2378 1015 2462 juris
1038 2378 1397 2460 corpore⁵saepissime
1425 2395 1556 2459 expres·

386 2507 457 2554 sum
480 2505 528 2555 est
551 2491 643 2573 ‘capta
664 2491 751 2556 bello
774 2490 971 2571 capientium
992 2488 1064 2554 lieri
1076 2488 1228 2571 idemque
1240 2489 1380 2572 probant
1392 2488 1555 2554 Canones.

387 2600 476 2665 Haec
509 2616 615 2666 autem
640 2601 749 2667 omnia
769 2600 918 2666 dubitare
941 2619 1002 2666 nos
1022 2618 1089 2665 non
1119 2601 1310 2682 patiuntur,
1334 2599 1415 2681 quin
1437 2598 1556 2682 praeda

386 2711 475 2776 omni
505 2712 578 2795 jure
610 2733 763 2779 concessa
793 2713 846 2778 sit.
892 2712 996 2793 quue
1016 2712 1122 2794 ipsum
1145 2732 1251 2778 sacrae
1272 2712 1384 2776 literae
1414 2713 1556 2793 loquun-

243 2799 315 2936 geffi
334 2835 448 2936 :ztan
504 2823 606 2890 Estne
628 2825 756 2907 aliquid
789 2824 879 2905 quod
912 2823 1014 2907 magis
1046 2825 1224 2905 volumus,
1250 2843 1347 2905 quam
1371 2822 1462 2903 quod
1484 2823 1555 2905 lege

244 2924 322 2990 tic-'12
384 2953 535 3016 expressa
555 2935 737 3019 jubemus?
790 2934 893 3016 Atqui
917 2935 1001 2998 inter
1022 2935 1108 3018 leges
1131 2934 1287 2999 militares
1308 2948 1386 2999 sunt
1408 2934 1470 2998 ista
1491 2933 1555 2997 Dei

384 3045 483 3111 verba
505 3046 518 3082 ⁸
540 3045 580 3110 de
612 3061 705 3128 capta
736 3046 888 3111 civitate:
924 3045 1047 3110 Omnia
1082 3045 1188 3131 spolia
1219 3047 1288 3130 ejm
1324 3043 1463 3129 diripias
1492 3044 1556 3107 tibi

384 3154 564 3240 fratreque
591 3155 723 3239 praeda
744 3156 886 3220 hostium
911 3169 1071 3237 tuorum,
1095 3176 1195 3240 quam
1227 3154 1366 3242 dederat
1405 3153 1555 3220 dominus

384 3265 477 3331 Deus
500 3279 578 3330 tuus
600 3267 674 3330 tibi.
722 3266 816 3332 Sicut
835 3267 937 3351 igitur
956 3265 1096 3331 victoria
1115 3267 1163 3331 sic
1186 3266 1280 3331 etiam
1302 3265 1419 3348 praeda
1444 3285 1463 3329 a
1482 3264 1555 3328 Deo

385 3392 454 3443 est:
479 3377 566 3442 unde
588 3391 621 3442 et
640 3392 762 3460 partem
785 3378 858 3443 Deo
882 3392 1037 3444 sacratam
1060 3378 1200 3461 legimus
1223 3378 1295 3459 ipso
1307 3391 1502 3461 agnoscente
1523 3377 1554 3455 ⁷,

385 3487 477 3569 quod
499 3506 539 3551 ne
558 3487 714 3570 profanae
733 3489 863 3570 quidem
884 3504 997 3574 gentes
1014 3489 1148 3555 omnino
1169 3487 1400 3572 ignoraverunt
1421 3486 1457 3569 ⁸,
1482 3506 1555 3550 cum

383 3596 498 3682 Jovem
520 3599 746 3666 Praedatorem
779 3615 811 3666 et
839 3599 1025 3667 Minervam
1060 3598 1215 3678 Leitida‚
1249 3598 1391 3663 Martem
1414 3599 1556 3680 denique

382 3815 574 3824 *mm-..-

418 3927 426 3960 ¹
446 3930 505 3978 Tac.
524 3930 589 3978 Hist.
607 3933 624 3979 l.
644 3945 666 3989 ³·
687 3929 720 3994 [c.
741 3931 796 3992 33.]
821 3929 831 3964 ¹
849 3931 922 3980 Adde
940 3931 1118 3979 limitationem
1135 3932 1197 3979 silv.
1215 3933 1248 3979 ad
1265 3933 1351 3978 eoncl.
1368 3929 1555 3991 s.§11.verbo

384 4022 489 4070 Bellum.
522 4019 582 4069 ³de
599 4035 652 4082 rep.
669 4025 686 4070 l.
701 4033 724 4078 s.
740 4021 776 4084 [p.
791 4035 850 4083 470.
864 4023 890 4071 b.
905 4021 972 4084 d.e.]
1009 4022 1152 4081 ⁴utsnpra
1169 4021 1319 4082 boccapite.
1354 4019 1400 4068 ⁸1.
1409 4023 1555 4068 naturalem.

384 4113 410 4160 in
423 4110 481 4159 line.
492 4125 548 4160 cum
558 4115 575 4159 l.
590 4125 643 4172 seq.
658 4113 684 4159 fs.
702 4114 733 4161 de
746 4125 802 4172 aeq.
817 4114 887 4161 dom.
912 4111 956 4174 [D.
971 4125 1013 4172 4¹·
1034 4125 1053 4160 1.
1065 4124 1088 4168 5.
1101 4123 1126 4160 et
1136 4110 1172 4174 6.]
1193 4115 1210 4161 l.
1220 4112 1313 4171 siquid
1326 4113 1406 4160 bello.
1413 4111 1439 4159 ff.
1449 4113 1481 4160 de
1490 4124 1556 4171 capt.

386 4200 431 4264 [D.
446 4216 487 4264 49.
508 4215 544 4257 15.
560 4201 613 4264 ab]
640 4203 700 4250 lost.
720 4203 752 4250 de
774 4216 822 4250 rer.
846 4203 899 4250 div.
916 4203 1005 4263 §item
1020 4215 1084 4261 quae
1100 4203 1130 4249 ab
1146 4202 1271 4250 hostibus.
1292 4199 1323 4264 [l.
1339 4215 1363 4249 a.
1381 4215 1402 4249 1.
1419 4201 1471 4265 17.]
1490 4203 1555 4249 Dist.

386 4305 407 4340 1.
423 4305 447 4339 c.
467 4289 507 4348 ius
524 4292 643 4340 militare.
666 4292 692 4340 in
710 4290 771 4341 fine.
796 4291 885 4356 [Decr.
911 4294 979 4340 Grat.
1004 4305 1030 4352 p.
1051 4306 1073 4341 1.
1097 4292 1156 4340 dist.
1177 4306 1198 4341 1.
1216 4306 1239 4341 c.
1260 4290 1309 4355 10.]
1331 4306 1352 4340 c.
1370 4294 1439 4341 dicat
1456 4293 1556 4352 aliquis.

386 4378 474 4442 [Decr.
491 4383 559 4429 Grat.
573 4395 598 4441 p.
616 4395 640 4430 a.
656 4396 679 4430 c.
696 4394 736 4438 23·
751 4397 776 4443 q.
791 4396 814 4438 5.
828 4397 851 4431 e.
870 4381 922 4446 25.]
943 4384 974 4431 V.
999 4384 1039 4430 Gl.
1057 4382 1084 4430 in
1102 4384 1126 4430 d.
1142 4396 1165 4431 c.
1180 4381 1220 4439 ius
1238 4383 1355 4431 militare.
1372 4395 1398 4430 et
1413 4384 1438 4430 in
1456 4397 1479 4431 c.
1493 4382 1555 4440 iratis

383 4471 494 4531 gentium
523 4470 558 4534 [c.
584 4470 619 4535 1.]
648 4475 673 4520 d.
700 4473 761 4522 dist.
794 4473 899 4520 “Deua
924 4486 964 4520 ao.
988 4486 1027 4532 14.
1062 4471 1167 4520 ⁷Num.
1194 4486 1234 4530 31.
1251 4485 1276 4520 et
1293 4474 1361 4520 alibi.
1397 4473 1503 4522 ⁸Diod.
1519 4473 1558 4520 sic

385 4573 469 4620 saepe.
487 4561 556 4620 virg.
574 4562 631 4611 Liv.
650 4577 689 4624 ap.
708 4565 779 4612 Fabr.
799 4567 863 4613 Sem.
884 4566 901 4612 l.
921 4577 944 4611 a.
963 4577 985 4612 c.
1002 4576 1025 4619 3.
1041 4563 1067 4611 in
1087 4562 1145 4611 line.
