3450 5434
367 641 408 704 34
665 639 712 688 na
735 639 828 707 Junn
853 639 1038 686 arraona.
1063 639 1146 687 cnr.
1172 639 1229 686 ιιι.

365 793 577 879 mogenianus
597 803 606 836 ¹
626 793 666 858 ad
693 794 748 878 jus
778 795 923 878 gentium
945 794 1059 874 refert,
1086 810 1119 860 et
1139 793 1350 859 Florentinus
1368 795 1380 832 ²
1400 795 1537 858 tutelam

365 906 514 988 corporis
543 920 575 969 et
605 904 712 970 omnis
743 903 882 988 injuriae
910 907 1199 990 propulsationem.
1244 904 1341 970 Vidit
1369 906 1434 970 hoc
1466 904 1539 970 Bal·

364 1015 467 1097 dus³,
488 1016 546 1099 qui
565 1017 649 1082 inter
663 1015 917 1099 jurisconsultos
933 1019 1055 1102 optime
1074 1017 1344 1101 philosophatur,
1364 1036 1439 1082 cum
1456 1015 1539 1081 dixit

365 1128 478 1193 annari
506 1127 695 1208 rationem,
722 1129 854 1209 quoties
881 1131 1010 1213 justitia
1039 1129 1109 1197 sine
1140 1127 1237 1193 armis
1264 1141 1335 1192 tuta
1368 1144 1439 1192 esse
1470 1145 1537 1192 non

364 1253 483 1322 potest.
530 1238 622 1325 Quin
651 1253 684 1303 et
713 1240 790 1304 orbe
817 1241 883 1324 jam
915 1239 981 1306 fere
1011 1240 1100 1306 omni
1132 1238 1325 1323 percognito
1348 1257 1428 1322 gens
1448 1239 1539 1304 nulla

364 1366 416 1415 est
434 1365 580 1434 reperta,
605 1370 688 1432 quae
709 1370 775 1416 non
795 1348 843 1415 fas
863 1366 958 1434 putet
975 1356 1031 1438 jus
1052 1370 1146 1417 suum
1169 1351 1223 1417 vel
1245 1350 1343 1415 armis
1363 1350 1535 1433 persequi:

364 1477 462 1544 atque
486 1461 567 1528 adeo
587 1463 650 1526 alta
672 1461 767 1527 etiam
783 1469 862 1544 pace'
883 1462 1013 1528 urbium
1025 1463 1293 1547 propugnacula,
1317 1459 1434 1527 finium
1446 1482 1538 1544 prae·

365 1573 470 1654 sidia,
500 1588 666 1657 portarurn
696 1573 852 1639 custodes
884 1573 965 1655 quid
999 1574 1089 1640 aliud
1111 1591 1209 1656 quarn
1232 1573 1353 1639 bellum
1373 1573 1539 1640 minantur

365 1685 638 1752 adversantibus?
685 1685 786 1772 Quod
813 1685 841 1750 si
871 1685 1025 1752 omnibus
1047 1701 1081 1750 et
1103 1685 1138 1752 in
1157 1703 1272 1751 omnes
1291 1686 1347 1769 jus
1368 1700 1438 1767 est,
1462 1705 1538 1769 pro-

364 1795 454 1863 fecto
488 1796 583 1862 etiam
616 1796 814 1870 Christianis
847 1795 882 1862 in
915 1797 1125 1864 Christianos
1156 1797 1238 1877 erit,
1270 1794 1536 1878 quandoquidem

366 1908 572 1975 Christianos
602 1907 771 1974 hominurn
800 1927 938 1974 numero
969 1909 1200 1993 comprehendi
1226 1927 1294 1974 non
1326 1927 1482 1994 negamus
1506 1925 1538 1974 et

365 2019 448 2086 ratio
467 2021 598 2104 insuper
619 2020 729 2086 eadem
750 2035 809 2086 est.
854 2019 941 2085 Nam
960 2019 1142 2087 Christiani
1155 2035 1187 2085 et
1199 2019 1318 2104 injuria
1332 2020 1537 2101 afficiuntur,

365 2147 398 2196 et
418 2131 537 2217 injuria
557 2131 723 2212 afficiunt,
747 2132 911 2197 interdum
930 2132 1026 2198 etiam
1047 2147 1175 2199 arrhata.
1206 2133 1293 2198 Cum
1314 2132 1400 2197 enim
1422 2132 1538 2198 Chris·

364 2242 471 2308 tianos
499 2243 555 2309 hic
585 2244 747 2325 dicimus,
776 2241 937 2326 professio
959 2244 1100 2310 nominis
1119 2243 1334 2328 intelligitur,
1359 2263 1428 2309 non
1453 2243 1538 2310 vitae

365 2355 525 2438 imitatio,
559 2373 623 2437 qua
654 2376 727 2422 vere
759 2355 940 2421 Christiani
962 2355 1164 2423 ostendimur
1185 2355 1209 2420 ⁵.
1258 2355 1388 2421 Fratres
1406 2375 1537 2423 sumus:

365 2482 456 2532 esto:
483 2483 515 2532 at
536 2467 632 2532 etiarn
661 2466 792 2534 fratrem
824 2468 988 2534 ardentem
1010 2469 1044 2534 in
1065 2489 1168 2535 meam
1198 2488 1310 2535 necem
1333 2482 1366 2534 et
1386 2469 1451 2551 jam
1473 2470 1538 2533 tela

363 2579 545 2645 vibrantem
566 2594 674 2660 recte,
697 2579 731 2645 ni
752 2578 871 2663 fallor,
895 2583 992 2646 armis
1011 2583 1175 2664 repellam.
1210 2581 1298 2646 Bella
1310 2580 1412 2664 igitur
1423 2599 1535 2665 gerere

206 2687 351 2787 gwy·
364 2692 456 2757 nullo
474 2693 547 2777 jure
569 2706 769 2777 repugnante
792 2711 985 2758 concessum
1009 2707 1068 2758 est.
1112 2692 1185 2777 Juri
1205 2692 1289 2761 enim
1310 2692 1448 2772 divino,
1473 2693 1537 2758 hoc

365 2818 414 2869 est
442 2818 575 2870 naturae
607 2818 639 2869 et
665 2803 829 2888 gentium,
859 2824 1039 2890 congruere
1067 2805 1132 2888 jam
1156 2805 1234 2870 satis
1253 2803 1423 2888 apparuit:
1453 2823 1537 2886 quae

364 2930 471 2981 autem
491 2929 623 2981 naturae
642 2918 695 2982 vel
718 2917 863 3000 gentium
879 2918 952 3002 jure
970 2915 1238 2998 praecipiuntur,
1261 2917 1333 3000 lege
1357 2915 1449 2982 civili
1461 2915 1535 2981 tolli

363 3045 404 3091 ne
431 3042 570 3110 possunt
598 3026 746 3108 quidem:
776 3043 829 3106 et,
858 3042 896 3092 ut
918 3027 1054 3092 Tullius
1076 3027 1211 3108 scribit,
1246 3026 1335 3113 quod
1352 3027 1451 3095 ciuile
1471 3048 1536 3091 non

363 3136 447 3203 idem
474 3142 628 3202 continuo
640 3140 701 3222 jas
719 3142 896 3224 gentium,
920 3137 1009 3223 quod
1026 3153 1138 3204 autem
1155 3143 1307 3226 gentium
1330 3138 1415 3205 idem
1438 3136 1537 3203 civile

363 3270 427 3314 esse
448 3248 540 3314 debet
560 3259 582 3314 ¹.
629 3249 714 3314 Nam
739 3265 771 3314 et
792 3249 897 3328 civis,
921 3270 995 3315 cum
1016 3250 1116 3315 homo
1137 3251 1200 3334 sit,
1225 3250 1310 3315 idem
1330 3252 1416 3316 velle
1437 3249 1534 3314 debet

363 3360 454 3443 quod
483 3358 630 3426 homines
659 3380 794 3441 omnes,
825 3375 857 3425 et
884 3361 1007 3441 homo,
1037 3375 1154 3445 utpote
1186 3362 1251 3428 Dei
1282 3359 1476 3445 opificium,
1501 3359 1536 3426 id

364 3472 455 3555 quod
479 3472 571 3538 Deus
595 3493 654 3555 per
676 3487 822 3539 naturam
843 3472 965 3552 dictat,
988 3473 1082 3556 sequi
1100 3473 1319 3557 compellitur.
1365 3473 1536 3537 Praeterea

362 3603 429 3649 non
448 3584 489 3649 ad
509 3583 712 3668 singulorum
733 3585 892 3652 duntaxat
910 3583 1190 3665 incolumitatem,
1213 3585 1272 3650 sed
1283 3585 1324 3650 ad
1335 3583 1535 3667 reipublicae

362 3694 458 3760 etiam
487 3709 519 3760 et
545 3696 792 3781 magistratuum
820 3696 995 3762 tuitionem
1020 3697 1105 3762 bella
1136 3697 1311 3781 pertinent.
1357 3695 1457 3761 Unde
1488 3709 1537 3759 est

363 3807 454 3892 quod
479 3809 570 3874 nulla
598 3807 764 3876 invenitur
791 3807 928 3890 civitas,
960 3829 1044 3891 quae
1071 3828 1139 3876 non
1159 3808 1286 3891 aliquid
1305 3809 1347 3874 de
1366 3806 1445 3872 belli
1463 3809 1536 3892 jure

360 3921 479 3988 habeat
492 3920 724 3988 constitutum:
749 3921 919 3987 clarissimi
941 3939 1019 3988 vero
1029 3921 1231 4006 legislatores
1243 3919 1447 4004 praecipuam
1457 3937 1536 4002 ope·

395 4195 402 4227 ¹
429 4198 445 4243 l.
471 4209 503 4244 ex
525 4199 575 4245 hoc
599 4193 664 4253 lure.
689 4195 715 4244 ff.
740 4197 771 4244 de
795 4193 856 4252 lust.
879 4204 904 4241 et
930 4193 985 4251 iure
1004 4194 1049 4256 [D.
1070 4207 1092 4242 ι.
1113 4207 1134 4242 ι.
1154 4193 1191 4256 5.]
1226 4191 1270 4241 ¹1.
1288 4204 1316 4241 ut
1335 4189 1396 4242 vim.
1414 4191 1476 4240 eod.
1493 4189 1535 4238 tit.

361 4287 406 4349 [D.
427 4288 546 4350 1.1.3.]
582 4283 642 4336 ⁸ad
658 4289 674 4334 l.
694 4299 716 4335 a.
736 4288 764 4335 C.
784 4288 815 4337 de
832 4287 921 4336 servit.
940 4297 966 4335 et
982 4299 1056 4346 aqua.
1076 4284 1118 4347 [C.
1138 4297 1161 4342 3.
1181 4285 1236 4346 sp]
1255 4297 1279 4332 ru
1297 4284 1337 4345 ⁶9·
1372 4281 1535 4330 ⁴v.'l’hom.

361 4393 384 4428 a.
403 4393 428 4428 a.
446 4394 470 4440 q.
492 4383 547 4429 108.
565 4391 611 4428 art.
632 4393 654 4428 1.
673 4380 704 4427 ad
722 4391 746 4436 ³·
781 4376 827 4425 Β1.
845 4390 933 4427 ornnes
950 4377 1050 4440 populi.
1067 4375 1093 4425 ff.
1112 4379 1144 4425 de
1160 4373 1219 4434 inst.
1238 4374 1344 4432 etjure.
1363 4373 1407 4435 [D.
1422 4387 1442 4422 ι.
1461 4386 1481 4422 ι.
1497 4371 1534 4435 9.]

359 4471 450 4521 Thon.
478 4483 499 4520 r.
525 4485 548 4519 a.
574 4483 600 4531 q.
624 4481 665 4533 9⁵·
689 4481 735 4518 art.
761 4483 784 4518 a.
808 4471 879 4518 Plato
901 4469 968 4519 Min.
993 4469 1031 4531 [p.
1057 4467 1113 4526 aro.
1139 4482 1162 4517 a.
1187 4467 1213 4515 b.
1237 4466 1274 4528 c]
1292 4466 1348 4515 Cic.
1367 4467 1399 4515 de
1416 4465 1492 4514 offil
1512 4476 1537 4521 3.

362 4561 400 4628 [c.
424 4574 460 4620 1⁷·
478 4565 500 4620 l·
517 4563 572 4626 δι]
