3450 5434
544 639 593 686 DE
615 639 709 708 JURE
735 639 919 688 PRAEDAE·
943 641 1024 690 CAP·
1048 643 1102 695 lv·

672 795 702 862 C
716 795 749 860 A
761 795 786 862 P
798 795 834 862 U
845 793 879 860 T
900 793 971 881 31v.

697 999 882 1064 quassrro
902 980 945 1046 11.

232 1185 320 1231 ΛΚΤ.
345 1183 368 1231 1.
414 1164 474 1229 AN
500 1183 676 1230 PRAEDAM
702 1181 846 1228 CAPERE
870 1183 1086 1249 ALIQUANDO
1107 1181 1253 1250 Jusrutr
1278 1182 1360 1245 str,

146 1360 150 1369 .
233 1320 321 1366 nar.
346 1319 385 1366 11.
693 1298 968 1382 Crrnrsrrnnts,

232 1455 320 1502 aar.
345 1455 399 1502 111.
654 1455 704 1502 rx
727 1435 1001 1520 Cunrsrrnurs,

233 1591 321 1638 aar.
346 1591 396 1636 rv.
708 1591 802 1638 omnr
826 1591 932 1656 Juntr.

720 1787 915 1798 ---—.-—.

277 1947 438 2016 Confecta
469 1950 661 2036 quaestione
690 1951 730 2018 de
762 1951 873 2033 bello,
906 1953 1006 2019 altera
1027 1953 1067 2018 de
1094 1953 1211 2036 praeda
1239 1951 1404 2019 succedit:

233 2062 311 2127 haec
333 2061 482 2145 quaestio
503 2061 619 2128 similis
639 2061 764 2146 priori,
789 2079 820 2129 et
841 2084 880 2128 err
899 2063 1008 2147 priore
1029 2063 1173 2148 expediri
1194 2079 1313 2150 potest.
1337 2063 1404 2129 Ubi
1418 2085 1565 2153 amqua-

233 2173 316 2239 enim
335 2174 460 2258 justum
485 2189 533 2240 est
555 2173 699 2257 aliquid,
719 2190 881 2257 quatenus
900 2175 940 2240 ad
956 2175 1053 2241 finem
1068 2174 1197 2257 tendit,
1220 2178 1323 2242 multo
1341 2197 1405 2241 ma·
1418 2149 1565 2240 binim*

232 2284 282 2370 gis
315 2284 389 2351 finis
420 2285 490 2369 ipse
519 2287 630 2371 justus
662 2301 720 2352 est.
766 2286 892 2354 Bellum
913 2303 1021 2353 autem
1039 2288 1166 2372 justum
1187 2285 1308 2354 idcirco
1332 2304 1405 2371 cst,

232 2395 310 2479 quia
333 2397 374 2462 ad
394 2396 478 2481 juris
499 2397 702 2481 adeptionem
724 2397 829 2464 tendit
851 2399 872 2464 ¹.
918 2397 1018 2464 Etim
1039 2399 1156 2483 praeda
1183 2399 1239 2484 jus
1258 2416 1405 2466 nostrum

230 2529 288 2592 per
310 2509 432 2574 bellurn
454 2508 686 2593 adipiscimur,
711 2525 748 2575 ut
768 2508 848 2575 mihi
872 2509 1003 2592 quidem
1024 2525 1110 2576 recte
1131 2509 1252 2577 dixisse
1273 2511 1406 2577 videan-

232 2635 311 2703 tur,
336 2621 394 2702 qui
415 2621 503 2705 justa
532 2622 616 2687 bella
640 2621 673 2686 in
703 2621 765 2686 hoc
786 2621 923 2687 maxime
944 2637 1061 2705 putant
1082 2621 1284 2704 consistere,
1316 2623 1407 2705 quod

233 2747 324 2817 capta
345 2730 541 2817 capientium
566 2731 646 2797 liant
665 2731 701 2815 ¹,
726 2733 816 2815 quod
836 2747 869 2798 et
890 2731 1085 2800 Germanica
1108 2732 1185 2798 belli
1211 2754 1293 2799 voce
1322 2733 1404 2800 indi·
1472 2805 1477 2813 ,

232 2859 323 2910 catur
335 2852 346 2884 ¹
360 2859 392 2910 et
412 2843 537 2910 Graeca
558 2843 696 2922 Martis;
721 2857 771 2911 est
790 2858 898 2909 autem
914 2847 1023 2927 Ἄρης,
1046 2859 1084 2909 ut
1106 2842 1256 2926 videtur,
1278 2851 1338 2914 dal
1353 2853 1405 2916 τοῦ

230 2961 326 3041 αἴρειν.
371 2956 524 3022 Praedam
555 2954 655 3039 igitur
687 2953 827 3037 aliquam
855 2955 976 3039 justam
1000 2973 1070 3020 esse
1089 2974 1221 3022 necesse
1242 2970 1293 3021 est
1314 2961 1350 3037 ⁴,
1373 2971 1405 3022 et

233 3066 364 3149 quidem
385 3065 467 3132 inter
490 3067 616 3132 easdem
639 3084 794 3150 personas
817 3079 849 3132 et
870 3065 958 3131 omni
985 3065 1097 3132 eodem
1119 3067 1216 3150 iure,
1242 3087 1310 3149 quo
1336 3068 1404 3133 hel-

231 3179 298 3243 lum
319 3177 444 3261 justum
467 3197 536 3244 esse
556 3177 858 3244 demonstravimus.
905 3177 971 3244 Sed
994 3177 1071 3260 quia
1093 3179 1177 3244 hanc
1199 3194 1321 3262 partem
1338 3179 1403 3246 dis·

231 3288 413 3373 putationis
442 3285 581 3374 intelligi
609 3289 746 3355 maxime
777 3288 935 3371 interest,
962 3308 1070 3373 neque
1092 3309 1172 3356 vero
1195 3291 1311 3356 caeteri
1335 3311 1403 3356 eam

232 3414 493 3485 pertractarunt,
518 3399 575 3483 qui
607 3401 648 3467 de
677 3401 763 3468 bello
794 3401 1000 3468 commentati
1023 3418 1124 3484 sunt,
1158 3402 1268 3468 eadem
1299 3402 1404 3486 capita

233 3511 355 3594 quibus
370 3510 509 3597 priorem
528 3511 728 3578 absolvimus
749 3512 993 3595 quaestionem,
1017 3513 1051 3579 in
1062 3515 1124 3579 hac
1135 3513 1230 3580 etiam
1244 3513 1402 3581 redordiri

231 3625 349 3705 placet.
396 3623 446 3688 Ut
475 3622 575 3708 igitur
602 3622 773 3690 videamus
795 3625 963 3706 quomodo
985 3625 1103 3708 praeda
1132 3624 1261 3691 divinae
1283 3628 1480 3716 volun-uqa
1495 3663 1535 3698 are

156 3781 158 3786 -
231 3734 289 3800 tati
311 3736 488 3801 secundum
509 3737 598 3821 leges
617 3736 829 3822 respondeat,
853 3734 1021 3801 sciendum
1043 3751 1094 3802 est
1112 3736 1194 3803 duas
1214 3738 1253 3802 ab
1275 3757 1310 3803 ea
1330 3705 1520 3821 ρετ-’Μ

232 3861 279 3911 tes
302 3845 462 3914 contineri
482 3859 517 3928 ⁵,
540 3845 756 3930 privationem
776 3845 901 3913 scilicet
919 3845 1038 3930 prioris
1060 3847 1276 3932 possessionis
1297 3864 1329 3914 et
1350 3869 1401 3914 ac·

231 3955 441 4041 quisitionem
474 3957 611 4024 dominii
643 3957 733 4024 novi.
778 3957 828 4024 Ut
854 3956 939 4024 enlm
970 3957 1063 4042 ejus,
1097 3959 1187 4041 quod
1219 3960 1300 4042 quid
1329 3975 1402 4041 est,

231 4069 313 4134 duae
336 4069 434 4135 simul
456 4068 581 4136 formae
601 4089 755 4136 essenon
777 4084 941 4153 possunt,
962 4067 1007 4135 ita
1026 4089 1086 4135 nec
1107 4071 1251 4155 eiusdem
1272 4069 1318 4136 rei
1334 4071 1402 4137 duo

265 4361 273 4394 ¹
292 4374 324 4411 ex
340 4365 424 4411 coucl.
445 4375 466 4410 r.
483 4373 508 4411 et
523 4362 781 4414 demonstrationibus
797 4362 1018 4423 praecedentibus.
1036 4362 1102 4411 Vide
1119 4361 1196 4412 nitra
1212 4362 1279 4412 inira
1293 4363 1320 4413 in
1335 4376 1400 4416 trac·

229 4463 282 4500 ratu
307 4454 339 4502 de
361 4451 421 4502 fine.
463 4449 474 4484 ¹
499 4454 558 4502 Pan.
582 4452 608 4502 in
634 4467 657 4504 c.
680 4453 753 4504 sicut.
776 4455 822 4504 ult.
845 4455 878 4504 de
898 4451 1003 4510 iureiur.
1019 4454 1195 4514 [Dennaba.
1210 4467 1250 4516 η,
1266 4455 1319 4518 aa]
1335 4469 1361 4505 n.
1378 4470 1401 4506 r.

230 4541 346 4606 ’tripla
378 4542 446 4594 ⁴Ex
462 4545 600 4596 demonstr.
615 4555 669 4608 seq.
703 4544 825 4598 ‘confer
840 4543 1401 4600 mamonae-enit.r·mtc.1.concr.1.
