3450 5434
339 612 395 683 348
821 624 1029 668 nocunarvrn.

337 812 367 857 et
396 800 536 873 navibus,
566 799 656 857 carris
676 810 706 856 et
726 801 825 873 equis,
847 799 953 872 quibus
974 815 1081 856 merces
1102 797 1252 872 impositae
1274 809 1373 870 erant,
1394 809 1424 855 et
1445 814 1506 855 cae-

338 917 412 962 teras
432 914 579 976 praeterea
597 919 703 976 poenas
726 904 874 972 incurret,
894 920 968 976 quae
990 902 1126 976 deinceps
1144 900 1362 959 indicabuntur.
1392 903 1431 959 Et
1448 919 1506 974 quo

337 1009 438 1066 melius
467 1020 682 1080 praevertamus
712 1023 810 1065 omnes
839 1005 951 1064 fraudes
981 1019 1011 1064 et
1042 1006 1185 1074 fallacias,
1205 1021 1274 1076 quas
1295 1004 1429 1062 adversus
1451 1006 1506 1062 hoc

337 1111 467 1170 edictum
499 1113 618 1170 forsitan
644 1114 750 1186 aliquis
772 1124 883 1170 struere
904 1112 995 1184 velit,
1015 1125 1150 1183 expresse
1171 1107 1302 1182 jubemus
1323 1125 1421 1166 omnes
1441 1124 1506 1180 por-

338 1216 440 1272 titores
470 1227 501 1272 et
530 1228 679 1274 coactores
707 1230 894 1288 caeterosque
934 1215 1116 1286 magistratus
1148 1226 1261 1273 nostros
1295 1215 1324 1271 in
1357 1215 1507 1288 portibus,

337 1315 453 1389 oppidis
481 1317 581 1373 aliisve
613 1317 684 1374 locis
712 1327 852 1376 terrarum
881 1316 1090 1375 foederatarum
1120 1315 1168 1395 (bi
1200 1329 1294 1376 autem
1324 1319 1506 1375 meminerint

336 1419 524 1493 jurisjurandi
544 1431 574 1477 et
595 1423 727 1494 cogitent
746 1437 775 1477 se
795 1421 924 1494 alioquin
948 1436 1067 1476 munere
1088 1438 1140 1478 suo
1162 1423 1308 1494 privatum
1331 1423 1366 1478 iri
1390 1433 1418 1479 et
1439 1437 1505 1494 poe-

337 1539 387 1580 nas
408 1535 510 1581 nostro
538 1525 659 1583 arbitrio
680 1521 835 1602 daturos),
856 1525 984 1597 reliquos
1009 1535 1156 1597 practerea
1176 1541 1294 1592 omnes,
1315 1527 1364 1596 qui
1388 1525 1506 1598 provin-

337 1629 447 1685 ciarum
477 1627 683 1686 foederataram
715 1629 794 1686 cives
815 1639 883 1685 sunt
904 1631 950 1685 vel
972 1644 1017 1685 eas
1035 1629 1243 1702 frequentant,
1264 1640 1298 1686 ut
1318 1644 1418 1700 magna
1439 1643 1506 1684 cura

337 1743 367 1790 et
394 1732 546 1806 diligentia
576 1733 744 1806 inquirant,
775 1749 810 1788 an
844 1744 949 1790 contra
970 1733 1027 1790 hoc
1051 1731 1178 1790 edictum
1200 1747 1307 1789 merces
1327 1732 1440 1805 aliquae
1460 1733 1506 1787 vel

338 1836 414 1894 bona
444 1836 480 1894 ad
511 1847 612 1910 portus
642 1849 672 1894 et
702 1835 811 1910 oppida
842 1837 968 1894 hostium
1001 1837 1254 1894 transmittantur:
1286 1833 1367 1908 quod
1398 1836 1421 1890 si
1450 1849 1507 1891 esse

338 1953 517 2014 compertum
539 1942 596 2009 sit,
616 1940 747 2014 jubemus
768 1956 876 1997 merces
897 1955 995 1997 omnes
1016 1951 1045 1997 et
1066 1940 1142 1997 bona
1170 1956 1235 1996 cum
1257 1939 1398 2010 navibus,
1420 1937 1508 1994 carris

338 2056 368 2103 et
398 2046 499 2119 equis,
529 2045 635 2118 quibus
664 2045 798 2118 imposita
829 2045 905 2113 sint,
934 2043 1058 2102 detineri
1087 2055 1117 2102 et
1144 2044 1305 2117 publicari,
1326 2044 1367 2100 ita
1388 2054 1423 2100 ut
1444 2059 1507 2117 pars

338 2167 395 2208 una
426 2147 510 2206 cedat
539 2147 681 2216 delatori,
709 2149 769 2205 sive
790 2148 972 2221 magistratus
991 2150 1028 2205 sit
1050 2148 1142 2220 reip,
1160 2147 1220 2204 sive
1241 2149 1391 2221 privatus,
1413 2161 1508 2222 partes

338 2269 409 2311 vero
437 2251 510 2310 duae
537 2253 697 2308 inserviant
718 2252 759 2307 rei
781 2253 948 2320 communi,
968 2250 1094 2325 indeque
1111 2255 1243 2309 solvatur
1261 2252 1438 2327 quaesitori,
1456 2254 1508 2325 qui

340 2372 398 2413 rem
427 2354 504 2429 apud
524 2353 635 2428 iudices
656 2365 860 2428 prosequetur.
902 2354 1022 2429 Insuper
1043 2355 1173 2428 iubemus
1194 2373 1261 2413 curn
1283 2354 1416 2413 dominos
1436 2372 1508 2413 mer-

339 2461 435 2528 cium,
467 2471 528 2518 tum
560 2459 754 2517 navicularios
776 2462 822 2516 vel
844 2459 1057 2530 vehicularius,
1077 2476 1201 2533 quorum
1222 2460 1343 2518 navibus
1360 2462 1407 2517 vel
1429 2459 1509 2517 vehi-

339 2565 413 2622 culis
443 2579 551 2621 merces
580 2561 616 2620 ad
645 2563 740 2621 hostes
770 2574 1022 2638 transportentur,
1053 2563 1082 2620 in
1110 2579 1223 2621 carcere
1250 2563 1395 2638 detineri,
1416 2562 1509 2621 donec

338 2671 462 2726 mulctas
483 2668 641 2736 solverint,
663 2683 736 2740 quae
761 2666 893 2740 judicum
915 2668 1056 2725 sententia
1078 2668 1228 2741 impositae
1249 2669 1327 2724 sint:
1346 2668 1399 2725 hae
1419 2670 1509 2725 mulc-

340 2785 385 2829 tae
416 2773 446 2829 in
477 2770 601 2829 dominis
632 2771 769 2829 mercium
792 2770 908 2828 florenis
929 2773 1026 2841 mille,
1048 2773 1077 2828 in
1099 2773 1266 2830 vectoribus
1286 2771 1402 2830 florenis
1423 2773 1509 2845 quin-

339 2877 433 2949 gentis
463 2873 539 2932 haud
567 2876 692 2932 minores
721 2891 781 2932 esse
812 2874 970 2933 debebunt.
1021 2875 1061 2932 Et
1090 2893 1149 2948 quo
1180 2875 1349 2949 diligentius
1378 2875 1508 2934 edictum

338 2981 532 3047 observetur,
559 2979 594 3036 ab
625 2978 759 3035 omnibus
786 2995 860 3051 quos
889 2977 1001 3052 aliquid
1029 2981 1058 3036 in
1089 2977 1216 3036 fraudem
1246 2980 1307 3052 eius
1336 2981 1510 3037 commisisse

339 3095 519 3156 compertum
550 3084 588 3139 sit
619 3083 695 3140 intra
725 3099 832 3140 annum
875 3094 988 3154 praeter
1026 3085 1147 3141 mulctas
1189 3098 1275 3155 supra
1307 3079 1400 3138 dictas
1433 3079 1510 3153 apud

339 3188 523 3260 magistratus
544 3198 574 3244 et
601 3185 727 3259 judices,
755 3186 790 3244 ad
811 3204 885 3259 quos
906 3204 937 3244 ea
959 3203 1003 3244 res
1029 3188 1190 3261 pertineat,
1209 3187 1294 3244 etiam
1316 3185 1411 3258 pretia
1432 3185 1509 3256 exigi

338 3294 473 3348 volumus
493 3291 631 3360 navium,
651 3291 851 3350 vehiculorum
872 3302 901 3348 et
921 3309 1077 3365 equorum:
1096 3309 1150 3350 nec
1171 3295 1260 3350 ullam
1282 3292 1311 3348 in
1323 3289 1510 3348 exsecutione

339 3411 446 3452 moram
476 3396 642 3467 interponi,
674 3398 743 3453 licet
771 3395 920 3454 damnatus
948 3397 1019 3453 alios
1039 3395 1149 3470 judices
1178 3396 1330 3468 appellarit
1351 3406 1381 3452 et
1402 3409 1509 3468 provo-

339 3499 423 3555 carit.
463 3498 597 3570 Denique
625 3499 647 3554 si
677 3498 754 3557 forte
777 3501 840 3572 quis
861 3501 891 3558 in
913 3502 1072 3575 provinciis
1094 3499 1247 3559 foederatis
1268 3517 1378 3558 merces
1400 3501 1508 3573 aliquas

339 3605 386 3660 vel
415 3602 490 3660 bona
520 3603 594 3660 velit
614 3605 809 3662 transmittere
836 3602 872 3661 ad
893 3615 1007 3678 gentem
1027 3606 1152 3678 aliquam
1173 3604 1300 3661 vicinam
1322 3615 1352 3662 et
1371 3606 1508 3671 amicam,

340 3706 370 3764 id
400 3707 427 3764 ei
456 3707 550 3764 facere
572 3724 630 3764 non
652 3707 770 3777 licebit,
791 3708 846 3764 nisi
868 3709 947 3781 prius
968 3708 1131 3765 obtinuerit
1152 3719 1342 3766 commeatum
1364 3709 1400 3766 ab
1421 3706 1510 3764 admi·

340 3813 433 3869 ralatu
461 3810 588 3883 generali
615 3823 734 3882 nostro,
756 3814 803 3868 vel
831 3811 868 3868 ab
889 3812 923 3868 iis
943 3812 1048 3884 quibus
1071 3829 1122 3870 nos
1143 3812 1229 3884 huius
1251 3813 1292 3870 rei
1314 3827 1410 3870 curam
1433 3827 1511 3867 man-

341 3912 523 3984 daverimus,
551 3926 582 3973 et
613 3915 730 3988 insuper
761 3917 870 3974 caverit
890 3917 1077 3986 vectoribus,
1099 3919 1129 3975 in
1151 3931 1275 3990 quorum
1297 3930 1382 3971 naves
1404 3930 1511 3972 merces

341 4019 529 4091 impositurus
551 4019 607 4086 sit,
635 4017 671 4075 de
692 4020 787 4092 pretio
809 4021 924 4077 navium
946 4032 976 4078 et
997 4036 1107 4079 merces
1129 4037 1187 4078 non
1208 4021 1265 4077 alio
1285 4036 1370 4091 quam
1390 4017 1426 4075 ad
1447 4021 1511 4076 loca

341 4123 433 4180 amica
461 4133 687 4196 transportatum
717 4124 769 4192 iri,
797 4121 886 4196 idque
909 4125 984 4181 intra
1009 4137 1117 4182 certam
1145 4121 1239 4196 diem,
1258 4139 1332 4196 quae
1353 4125 1383 4181 in
1402 4125 1512 4182 instru-

341 4238 440 4283 mento
471 4225 592 4284 indicari
620 4224 738 4283 debeat:
770 4225 873 4299 quodsi
902 4227 985 4285 aliter
1013 4227 1134 4302 fecerit,
1155 4228 1250 4284 statim
1272 4225 1366 4284 dictae
1387 4231 1512 4287 mulctae

342 4328 534 4387 damnabitur.
575 4328 746 4387 Mandamus
768 4331 852 4388 etiam
883 4331 1016 4390 omnibus
1038 4331 1160 4391 ducibus
1182 4334 1393 4408 praefectisque
1415 4337 1513 4410 copia·

343 4448 406 4490 rum
424 4434 629 4492 maritimarum
649 4445 678 4492 et
700 4435 897 4500 terrestrium,
918 4447 951 4493 ut
972 4435 1128 4507 diligenter
1149 4437 1300 4496 attendant
1322 4455 1439 4512 omnes,
1460 4441 1510 4510 qui
