<?xml version="1.0" encoding="UTF-8"?>
<!DOCTYPE html PUBLIC "-//W3C//DTD XHTML 1.0 Transitional//EN"
    "http://www.w3.org/TR/xhtml1/DTD/xhtml1-transitional.dtd">
<html xmlns="http://www.w3.org/1999/xhtml" xml:lang="en" lang="en">
 <head>
  <title>
</title>
<meta http-equiv="Content-Type" content="text/html;charset=utf-8" />
  <meta name='ocr-system' content='tesseract 3.04.00' />
  <meta name='ocr-capabilities' content='ocr_page ocr_carea ocr_par ocr_line ocrx_word'/>
</head>
<body>
  <div class='ocr_page' id='page_1' title='image "./ledroitdeprised02hamagoog_0316.png"; bbox 0 0 3450 5434; ppageno 0'>
   <div class='ocr_carea' id='block_1_1' title="bbox 353 650 1248 716">
    <p class='ocr_par' dir='ltr' id='par_1_1' title="bbox 353 650 1248 716">
     <span class='ocr_line' id='line_1_1' title="bbox 353 650 1248 716; baseline -0.001 -18"><span class='ocrx_word' id='word_1_1' title='bbox 353 652 416 715; x_wconf 76' lang='lat'><strong>294</strong></span> <span class='ocrx_word' id='word_1_2' title='bbox 663 652 710 697; x_wconf 82' lang='lat' dir='ltr'><strong>DE</strong></span> <span class='ocrx_word' id='word_1_3' title='bbox 733 652 826 716; x_wconf 81' lang='lat' dir='ltr'>JURE</span> <span class='ocrx_word' id='word_1_4' title='bbox 853 650 1037 698; x_wconf 80' lang='lat' dir='ltr'><strong>PRAEDAE.</strong></span> <span class='ocrx_word' id='word_1_5' title='bbox 1062 650 1142 696; x_wconf 84' lang='lat' dir='ltr'><strong>CAP.</strong></span> <span class='ocrx_word' id='word_1_6' title='bbox 1167 651 1248 697; x_wconf 83' lang='lat' dir='ltr'><strong>XIII.</strong></span> 
     </span>
    </p>
   </div>
   <div class='ocr_carea' id='block_1_2' title="bbox 200 803 1537 1558">
    <p class='ocr_par' dir='ltr' id='par_1_2' title="bbox 200 803 1537 1558">
     <span class='ocr_line' id='line_1_2' title="bbox 353 803 1533 887; baseline -0.001 -15"><span class='ocrx_word' id='word_1_7' title='bbox 353 807 530 887; x_wconf 88' lang='lat' dir='ltr'><strong>sabantur,</strong></span> <span class='ocrx_word' id='word_1_8' title='bbox 572 825 639 872; x_wconf 93' lang='lat' dir='ltr'><strong>non</strong></span> <span class='ocrx_word' id='word_1_9' title='bbox 676 819 804 870; x_wconf 89' lang='lat' dir='ltr'><strong>tanturn</strong></span> <span class='ocrx_word' id='word_1_10' title='bbox 839 805 883 870; x_wconf 93' lang='lat' dir='ltr'><strong>ob</strong></span> <span class='ocrx_word' id='word_1_11' title='bbox 918 803 1125 887; x_wconf 86' lang='lat' dir='ltr'><strong>singulorum</strong></span> <span class='ocrx_word' id='word_1_12' title='bbox 1160 803 1301 868; x_wconf 89' lang='lat' dir='ltr'><strong>facinora</strong></span> <span class='ocrx_word' id='word_1_13' title='bbox 1344 804 1533 887; x_wconf 84' lang='lat' dir='ltr'><strong>impunita,</strong></span> 
     </span>
     <span class='ocr_line' id='line_1_3' title="bbox 354 915 1534 1001; baseline 0 -18"><span class='ocrx_word' id='word_1_14' title='bbox 354 940 468 984; x_wconf 90' lang='lat' dir='ltr'><strong>verum</strong></span> <span class='ocrx_word' id='word_1_15' title='bbox 493 918 571 1001; x_wconf 92' lang='lat' dir='ltr'><strong>quia</strong></span> <span class='ocrx_word' id='word_1_16' title='bbox 594 933 627 983; x_wconf 92' lang='lat' dir='ltr'><strong>et</strong></span> <span class='ocrx_word' id='word_1_17' title='bbox 648 915 768 1000; x_wconf 88' lang='lat' dir='ltr'><strong>legatio</strong></span> <span class='ocrx_word' id='word_1_18' title='bbox 792 930 825 980; x_wconf 91' lang='lat' dir='ltr'><strong>et</strong></span> <span class='ocrx_word' id='word_1_19' title='bbox 845 934 945 980; x_wconf 92' lang='lat' dir='ltr'><strong>naves</strong></span> <span class='ocrx_word' id='word_1_20' title='bbox 969 916 1104 998; x_wconf 90' lang='lat' dir='ltr'><strong>publica</strong></span> <span class='ocrx_word' id='word_1_21' title='bbox 1127 916 1322 983; x_wconf 89' lang='lat' dir='ltr'><strong>auctoritate</strong></span> <span class='ocrx_word' id='word_1_22' title='bbox 1347 930 1379 979; x_wconf 91' lang='lat' dir='ltr'><strong>et</strong></span> <span class='ocrx_word' id='word_1_23' title='bbox 1400 916 1534 983; x_wconf 89' lang='lat' dir='ltr'><strong>decreto</strong></span> 
     </span>
     <span class='ocr_line' id='line_1_4' title="bbox 356 1025 1535 1113; baseline -0.003 -17"><span class='ocrx_word' id='word_1_24' title='bbox 356 1050 494 1110; x_wconf 91' lang='lat' dir='ltr'><strong>eorum,</strong></span> <span class='ocrx_word' id='word_1_25' title='bbox 518 1028 577 1111; x_wconf 92' lang='lat' dir='ltr'><strong>qui</strong></span> <span class='ocrx_word' id='word_1_26' title='bbox 601 1029 766 1093; x_wconf 91' lang='lat' dir='ltr'><strong>Malaccae</strong></span> <span class='ocrx_word' id='word_1_27' title='bbox 790 1026 1001 1109; x_wconf 86' lang='lat' dir='ltr'>praesident,</span> <span class='ocrx_word' id='word_1_28' title='bbox 1025 1026 1143 1092; x_wconf 89' lang='lat' dir='ltr'><strong>missae</strong></span> <span class='ocrx_word' id='word_1_29' title='bbox 1165 1025 1267 1092; x_wconf 91' lang='lat' dir='ltr'><strong>fuere.</strong></span> <span class='ocrx_word' id='word_1_30' title='bbox 1314 1027 1406 1113; x_wconf 91' lang='lat' dir='ltr'>Quid</span> <span class='ocrx_word' id='word_1_31' title='bbox 1430 1027 1535 1112; x_wconf 79' lang='lat' dir='ltr'><strong>Igitur</strong></span> 
     </span>
     <span class='ocr_line' id='line_1_5' title="bbox 356 1137 1534 1232; baseline -0.001 -27"><span class='ocrx_word' id='word_1_32' title='bbox 356 1139 390 1205; x_wconf 93' lang='lat' dir='ltr'><strong>in</strong></span> <span class='ocrx_word' id='word_1_33' title='bbox 433 1160 593 1206; x_wconf 88' lang='lat' dir='ltr'><strong>caraccam</strong></span> <span class='ocrx_word' id='word_1_34' title='bbox 626 1138 860 1205; x_wconf 85' lang='lat' dir='ltr'><strong>Lusitanorum</strong></span> <span class='ocrx_word' id='word_1_35' title='bbox 892 1137 986 1220; x_wconf 86' lang='lat' dir='ltr'><strong>juxta</strong></span> <span class='ocrx_word' id='word_1_36' title='bbox 1019 1138 1168 1232; x_wconf 91' lang='lat' dir='ltr'><strong>mandata</strong></span> <span class='ocrx_word' id='word_1_37' title='bbox 1202 1138 1357 1219; x_wconf 85' lang='lat' dir='ltr'><strong>licuerit,</strong></span> <span class='ocrx_word' id='word_1_38' title='bbox 1393 1139 1534 1204; x_wconf 90' lang='lat' dir='ltr'><strong>dubium</strong></span> 
     </span>
     <span class='ocr_line' id='line_1_6' title="bbox 356 1247 1535 1335; baseline -0.001 -19"><span class='ocrx_word' id='word_1_39' title='bbox 356 1269 426 1317; x_wconf 89' lang='lat' dir='ltr'><strong>esse</strong></span> <span class='ocrx_word' id='word_1_40' title='bbox 457 1272 523 1316; x_wconf 92' lang='lat' dir='ltr'><strong>non</strong></span> <span class='ocrx_word' id='word_1_41' title='bbox 555 1265 665 1335; x_wconf 87' lang='lat' dir='ltr'><strong>potest</strong></span> <span class='ocrx_word' id='word_1_42' title='bbox 697 1248 884 1331; x_wconf 84' lang='lat' dir='ltr'><strong>inspicienti</strong></span> <span class='ocrx_word' id='word_1_43' title='bbox 916 1263 973 1313; x_wconf 93' lang='lat' dir='ltr'><strong>aut</strong></span> <span class='ocrx_word' id='word_1_44' title='bbox 996 1249 1169 1316; x_wconf 89' lang='lat' dir='ltr'><strong>codicillos</strong></span> <span class='ocrx_word' id='word_1_45' title='bbox 1194 1247 1371 1332; x_wconf 89' lang='lat' dir='ltr'><strong>praefecti,</strong></span> <span class='ocrx_word' id='word_1_46' title='bbox 1397 1249 1456 1331; x_wconf 94' lang='lat' dir='ltr'><strong>qui</strong></span> <span class='ocrx_word' id='word_1_47' title='bbox 1477 1252 1535 1335; x_wconf 87' lang='lat' dir='ltr'><strong>jus</strong></span> 
     </span>
     <span class='ocr_line' id='line_1_7' title="bbox 356 1359 1537 1443; baseline -0.001 -16"><span class='ocrx_word' id='word_1_48' title='bbox 356 1363 509 1427; x_wconf 91' lang='lat' dir='ltr'><strong>tribuunt</strong></span> <span class='ocrx_word' id='word_1_49' title='bbox 540 1362 636 1426; x_wconf 91' lang='lat' dir='ltr'><strong>etiam</strong></span> <span class='ocrx_word' id='word_1_50' title='bbox 668 1360 707 1424; x_wconf 92' lang='lat' dir='ltr'><strong>de</strong></span> <span class='ocrx_word' id='word_1_51' title='bbox 737 1359 886 1443; x_wconf 89' lang='lat' dir='ltr'><strong>personis</strong></span> <span class='ocrx_word' id='word_1_52' title='bbox 916 1361 1104 1441; x_wconf 86' lang='lat' dir='ltr'><strong>statuendi,</strong></span> <span class='ocrx_word' id='word_1_53' title='bbox 1138 1359 1231 1442; x_wconf 93' lang='lat' dir='ltr'><strong>quod</strong></span> <span class='ocrx_word' id='word_1_54' title='bbox 1258 1361 1336 1443; x_wconf 93' lang='lat' dir='ltr'><strong>plus</strong></span> <span class='ocrx_word' id='word_1_55' title='bbox 1371 1376 1443 1441; x_wconf 89' lang='lat' dir='ltr'><strong>est,</strong></span> <span class='ocrx_word' id='word_1_56' title='bbox 1476 1379 1537 1427; x_wconf 89' lang='lat' dir='ltr'><strong>aut</strong></span> 
     </span>
     <span class='ocr_line' id='line_1_8' title="bbox 200 1472 1536 1558; baseline -0.001 -19"><span class='ocrx_word' id='word_1_57' title='bbox 200 1493 347 1558; x_wconf 61' lang='lat' dir='ltr'><strong>sgaprqnn-</strong></span> <span class='ocrx_word' id='word_1_58' title='bbox 357 1474 608 1553; x_wconf 90' lang='lat' dir='ltr'><strong>centurionum,</strong></span> <span class='ocrx_word' id='word_1_59' title='bbox 632 1472 691 1555; x_wconf 88' lang='lat' dir='ltr'><strong>qui</strong></span> <span class='ocrx_word' id='word_1_60' title='bbox 712 1472 752 1536; x_wconf 92' lang='lat' dir='ltr'><strong>de</strong></span> <span class='ocrx_word' id='word_1_61' title='bbox 773 1472 890 1555; x_wconf 90' lang='lat' dir='ltr'><strong>praeda</strong></span> <span class='ocrx_word' id='word_1_62' title='bbox 912 1472 1088 1554; x_wconf 83' lang='lat' dir='ltr'><strong>expressim</strong></span> <span class='ocrx_word' id='word_1_63' title='bbox 1111 1474 1305 1553; x_wconf 91' lang='lat' dir='ltr'><strong>loquuntur.</strong></span> <span class='ocrx_word' id='word_1_64' title='bbox 1339 1472 1536 1538; x_wconf 87' lang='lat' dir='ltr'><strong>Mandatum</strong></span> 
     </span>
    </p>
   </div>
   <div class='ocr_carea' id='block_1_3' title="bbox 199 1557 347 1591">
    <p class='ocr_par' dir='ltr' id='par_1_3' title="bbox 199 1557 347 1591">
     <span class='ocr_line' id='line_1_9' title="bbox 199 1557 347 1591; baseline -0.014 0"><span class='ocrx_word' id='word_1_65' title='bbox 199 1557 310 1591; x_wconf 69' lang='lat' dir='ltr'><strong>mamm</strong></span> <span class='ocrx_word' id='word_1_66' title='bbox 316 1560 347 1590; x_wconf 63' lang='lat'><strong>60·</strong></span> 
     </span>
    </p>
   </div>
   <div class='ocr_carea' id='block_1_4' title="bbox 199 1582 1536 1668">
    <p class='ocr_par' dir='ltr' id='par_1_4' title="bbox 199 1582 1536 1668">
     <span class='ocr_line' id='line_1_10' title="bbox 199 1582 1536 1668; baseline 0.003 -22"><span class='ocrx_word' id='word_1_67' title='bbox 199 1600 329 1646; x_wconf 67' lang='lat' dir='ltr'><strong>ascitarum</strong></span> <span class='ocrx_word' id='word_1_68' title='bbox 359 1604 435 1668; x_wconf 85' lang='lat' dir='ltr'><strong>ergo</strong></span> <span class='ocrx_word' id='word_1_69' title='bbox 457 1586 642 1650; x_wconf 90' lang='lat' dir='ltr'><strong>habuerunt</strong></span> <span class='ocrx_word' id='word_1_70' title='bbox 663 1583 741 1649; x_wconf 90' lang='lat' dir='ltr'><strong>belli</strong></span> <span class='ocrx_word' id='word_1_71' title='bbox 763 1583 894 1668; x_wconf 81' lang='lat' dir='ltr'><strong>gerendi</strong></span> <span class='ocrx_word' id='word_1_72' title='bbox 907 1598 972 1648; x_wconf 88' lang='lat' dir='ltr'><strong>tam</strong></span> <span class='ocrx_word' id='word_1_73' title='bbox 984 1582 1192 1665; x_wconf 83' lang='lat' dir='ltr'><strong>praefectus,</strong></span> <span class='ocrx_word' id='word_1_74' title='bbox 1214 1603 1311 1664; x_wconf 92' lang='lat' dir='ltr'><strong>quam</strong></span> <span class='ocrx_word' id='word_1_75' title='bbox 1323 1584 1536 1650; x_wconf 90' lang='lat' dir='ltr'><strong>centuriones</strong></span> 
     </span>
    </p>
   </div>
   <div class='ocr_carea' id='block_1_5' title="bbox 201 1654 348 1699">
    <p class='ocr_par' dir='ltr' id='par_1_5' title="bbox 201 1654 348 1699">
     <span class='ocr_line' id='line_1_11' title="bbox 201 1654 348 1699; baseline -0.02 0"><span class='ocrx_word' id='word_1_76' title='bbox 201 1654 348 1699; x_wconf 73' lang='lat' dir='ltr'><strong>centuriona-</strong></span> 
     </span>
    </p>
   </div>
   <div class='ocr_carea' id='block_1_6' title="bbox 200 1693 1536 1807">
    <p class='ocr_par' dir='ltr' id='par_1_6' title="bbox 200 1693 1536 1807">
     <span class='ocr_line' id='line_1_12' title="bbox 200 1693 1536 1807; baseline 0.002 -48"><span class='ocrx_word' id='word_1_77' title='bbox 200 1709 280 1807; x_wconf 52' lang='lat' dir='ltr'><strong>tfflc</strong></span> <span class='ocrx_word' id='word_1_78' title='bbox 291 1716 339 1804; x_wconf 47' lang='lat' dir='ltr'><strong>ezd</strong></span> <span class='ocrx_word' id='word_1_79' title='bbox 359 1710 391 1760; x_wconf 89' lang='lat' dir='ltr'><strong>et</strong></span> <span class='ocrx_word' id='word_1_80' title='bbox 409 1716 466 1778; x_wconf 89' lang='lat' dir='ltr'><strong>per</strong></span> <span class='ocrx_word' id='word_1_81' title='bbox 485 1695 558 1760; x_wconf 93' lang='lat' dir='ltr'><strong>illos</strong></span> <span class='ocrx_word' id='word_1_82' title='bbox 578 1710 719 1775; x_wconf 91' lang='lat' dir='ltr'><strong>nautae,</strong></span> <span class='ocrx_word' id='word_1_83' title='bbox 744 1713 830 1776; x_wconf 92' lang='lat' dir='ltr'><strong>quos</strong></span> <span class='ocrx_word' id='word_1_84' title='bbox 848 1693 976 1760; x_wconf 89' lang='lat' dir='ltr'><strong>scilicet</strong></span> <span class='ocrx_word' id='word_1_85' title='bbox 997 1715 1036 1758; x_wconf 89' lang='lat' dir='ltr'><strong>ex</strong></span> <span class='ocrx_word' id='word_1_86' title='bbox 1055 1695 1090 1759; x_wconf 92' lang='lat' dir='ltr'><strong>vi</strong></span> <span class='ocrx_word' id='word_1_87' title='bbox 1107 1694 1249 1760; x_wconf 91' lang='lat' dir='ltr'><strong>mandati</strong></span> <span class='ocrx_word' id='word_1_88' title='bbox 1262 1694 1536 1776; x_wconf 86' lang='lat' dir='ltr'><strong>centurionibus,</strong></span> 
     </span>
    </p>
   </div>
   <div class='ocr_carea' id='block_1_7' title="bbox 201 1805 1539 3892">
    <p class='ocr_par' dir='ltr' id='par_1_7' title="bbox 201 1805 1538 2892">
     <span class='ocr_line' id='line_1_13' title="bbox 201 1805 1538 1914; baseline -0.001 -42"><span class='ocrx_word' id='word_1_89' title='bbox 201 1817 272 1914; x_wconf 61' lang='lat'><strong>2352</strong></span> <span class='ocrx_word' id='word_1_90' title='bbox 291 1813 346 1914; x_wconf 61' lang='lat' dir='ltr'><em>W</em></span> <span class='ocrx_word' id='word_1_91' title='bbox 358 1825 425 1872; x_wconf 93' lang='lat' dir='ltr'><strong>non</strong></span> <span class='ocrx_word' id='word_1_92' title='bbox 456 1805 564 1873; x_wconf 92' lang='lat' dir='ltr'><strong>minus</strong></span> <span class='ocrx_word' id='word_1_93' title='bbox 597 1826 694 1888; x_wconf 92' lang='lat' dir='ltr'><strong>quam</strong></span> <span class='ocrx_word' id='word_1_94' title='bbox 719 1805 924 1886; x_wconf 88' lang='lat' dir='ltr'><strong>interrestri</strong></span> <span class='ocrx_word' id='word_1_95' title='bbox 961 1805 1104 1872; x_wconf 85' lang='lat' dir='ltr'><strong>exercitu</strong></span> <span class='ocrx_word' id='word_1_96' title='bbox 1127 1808 1233 1890; x_wconf 85' lang='lat' dir='ltr'><strong>legere</strong></span> <span class='ocrx_word' id='word_1_97' title='bbox 1257 1805 1362 1871; x_wconf 88' lang='lat' dir='ltr'><strong>licuit.</strong></span> <span class='ocrx_word' id='word_1_98' title='bbox 1409 1805 1478 1893; x_wconf 90' lang='lat' dir='ltr'><strong>Qui</strong></span> <span class='ocrx_word' id='word_1_99' title='bbox 1503 1823 1538 1872; x_wconf 92' lang='lat' dir='ltr'><strong>et</strong></span> 
     </span>
     <span class='ocr_line' id='line_1_14' title="bbox 356 1916 1537 2002; baseline 0 -20"><span class='ocrx_word' id='word_1_100' title='bbox 356 1919 541 2002; x_wconf 85' lang='lat' dir='ltr'><strong>juramento</strong></span> <span class='ocrx_word' id='word_1_101' title='bbox 572 1916 732 1984; x_wconf 88' lang='lat' dir='ltr'><strong>formulae</strong></span> <span class='ocrx_word' id='word_1_102' title='bbox 764 1916 915 1982; x_wconf 91' lang='lat' dir='ltr'><strong>militaris</strong></span> <span class='ocrx_word' id='word_1_103' title='bbox 949 1917 1054 1982; x_wconf 89' lang='lat' dir='ltr'><strong>adacti</strong></span> <span class='ocrx_word' id='word_1_104' title='bbox 1088 1932 1187 1998; x_wconf 89' lang='lat' dir='ltr'><strong>sunt,</strong></span> <span class='ocrx_word' id='word_1_105' title='bbox 1224 1937 1284 1982; x_wconf 90' lang='lat' dir='ltr'><strong>nec</strong></span> <span class='ocrx_word' id='word_1_106' title='bbox 1306 1917 1394 1983; x_wconf 90' lang='lat' dir='ltr'><strong>vitae</strong></span> <span class='ocrx_word' id='word_1_107' title='bbox 1417 1937 1452 1983; x_wconf 90' lang='lat' dir='ltr'><strong>se</strong></span> <span class='ocrx_word' id='word_1_108' title='bbox 1475 1937 1537 1983; x_wconf 90' lang='lat' dir='ltr'><strong>nec</strong></span> 
     </span>
     <span class='ocr_line' id='line_1_15' title="bbox 359 2028 1535 2113; baseline 0.001 -20"><span class='ocrx_word' id='word_1_109' title='bbox 359 2030 488 2113; x_wconf 91' lang='lat' dir='ltr'><strong>corpori</strong></span> <span class='ocrx_word' id='word_1_110' title='bbox 511 2049 678 2112; x_wconf 89' lang='lat' dir='ltr'><strong>parsuros,</strong></span> <span class='ocrx_word' id='word_1_111' title='bbox 704 2043 867 2111; x_wconf 91' lang='lat' dir='ltr'><strong>quatenus</strong></span> <span class='ocrx_word' id='word_1_112' title='bbox 891 2028 1107 2094; x_wconf 89' lang='lat' dir='ltr'><strong>exercitorum</strong></span> <span class='ocrx_word' id='word_1_113' title='bbox 1132 2048 1211 2095; x_wconf 89' lang='lat' dir='ltr'><strong>usus</strong></span> <span class='ocrx_word' id='word_1_114' title='bbox 1238 2043 1271 2092; x_wconf 90' lang='lat' dir='ltr'><strong>et</strong></span> <span class='ocrx_word' id='word_1_115' title='bbox 1292 2028 1535 2112; x_wconf 83' lang='lat' dir='ltr'><strong>praefectorum</strong></span> 
     </span>
     <span class='ocr_line' id='line_1_16' title="bbox 359 2138 1537 2222; baseline 0 -16"><span class='ocrx_word' id='word_1_116' title='bbox 359 2140 493 2222; x_wconf 88' lang='lat' dir='ltr'><strong>imperia</strong></span> <span class='ocrx_word' id='word_1_117' title='bbox 515 2154 697 2222; x_wconf 90' lang='lat' dir='ltr'><strong>poscerent.</strong></span> <span class='ocrx_word' id='word_1_118' title='bbox 743 2141 847 2205; x_wconf 88' lang='lat' dir='ltr'><strong>Recte</strong></span> <span class='ocrx_word' id='word_1_119' title='bbox 872 2140 984 2220; x_wconf 89' lang='lat' dir='ltr'><strong>itaque</strong></span> <span class='ocrx_word' id='word_1_120' title='bbox 1008 2160 1081 2205; x_wconf 92' lang='lat' dir='ltr'><strong>cum</strong></span> <span class='ocrx_word' id='word_1_121' title='bbox 1105 2139 1251 2222; x_wconf 87' lang='lat' dir='ltr'><strong>Ulpiano</strong></span> <span class='ocrx_word' id='word_1_122' title='bbox 1271 2140 1282 2178; x_wconf 82' lang='lat'>¹</span> <span class='ocrx_word' id='word_1_123' title='bbox 1303 2138 1448 2205; x_wconf 87' lang='lat' dir='ltr'><strong>dicemus</strong></span> <span class='ocrx_word' id='word_1_124' title='bbox 1468 2159 1537 2206; x_wconf 92' lang='lat' dir='ltr'><strong>non</strong></span> 
     </span>
     <span class='ocr_line' id='line_1_17' title="bbox 360 2250 1536 2336; baseline 0 -20"><span class='ocrx_word' id='word_1_125' title='bbox 360 2251 540 2316; x_wconf 91' lang='lat' dir='ltr'><strong>navarchos</strong></span> <span class='ocrx_word' id='word_1_126' title='bbox 573 2266 698 2317; x_wconf 89' lang='lat' dir='ltr'><strong>tantum</strong></span> <span class='ocrx_word' id='word_1_127' title='bbox 733 2266 765 2316; x_wconf 89' lang='lat' dir='ltr'><strong>et</strong></span> <span class='ocrx_word' id='word_1_128' title='bbox 795 2251 1017 2331; x_wconf 89' lang='lat' dir='ltr'><strong>trierarchos,</strong></span> <span class='ocrx_word' id='word_1_129' title='bbox 1052 2250 1109 2315; x_wconf 89' lang='lat' dir='ltr'><strong>sed</strong></span> <span class='ocrx_word' id='word_1_130' title='bbox 1139 2265 1171 2315; x_wconf 91' lang='lat' dir='ltr'><strong>et</strong></span> <span class='ocrx_word' id='word_1_131' title='bbox 1201 2264 1318 2316; x_wconf 86' lang='lat' dir='ltr'><strong>nautas</strong></span> <span class='ocrx_word' id='word_1_132' title='bbox 1342 2265 1374 2315; x_wconf 89' lang='lat' dir='ltr'><strong>et</strong></span> <span class='ocrx_word' id='word_1_133' title='bbox 1396 2251 1536 2336; x_wconf 85' lang='lat' dir='ltr'><strong>remiges</strong></span> 
     </span>
     <span class='ocr_line' id='line_1_18' title="bbox 360 2361 1537 2445; baseline 0.001 -18"><span class='ocrx_word' id='word_1_134' title='bbox 360 2381 473 2429; x_wconf 91' lang='lat' dir='ltr'><strong>omnes</strong></span> <span class='ocrx_word' id='word_1_135' title='bbox 496 2362 530 2427; x_wconf 92' lang='lat' dir='ltr'><strong>in</strong></span> <span class='ocrx_word' id='word_1_136' title='bbox 560 2363 719 2427; x_wconf 89' lang='lat' dir='ltr'><strong>classibus</strong></span> <span class='ocrx_word' id='word_1_137' title='bbox 742 2362 863 2428; x_wconf 92' lang='lat' dir='ltr'><strong>milites</strong></span> <span class='ocrx_word' id='word_1_138' title='bbox 888 2381 967 2428; x_wconf 89' lang='lat' dir='ltr'><strong>esse.</strong></span> <span class='ocrx_word' id='word_1_139' title='bbox 1015 2363 1081 2427; x_wconf 91' lang='lat' dir='ltr'><strong>Sed</strong></span> <span class='ocrx_word' id='word_1_140' title='bbox 1104 2375 1137 2427; x_wconf 89' lang='lat' dir='ltr'><strong>et</strong></span> <span class='ocrx_word' id='word_1_141' title='bbox 1159 2361 1244 2428; x_wconf 90' lang='lat' dir='ltr'><strong>illud</strong></span> <span class='ocrx_word' id='word_1_142' title='bbox 1266 2361 1371 2428; x_wconf 89' lang='lat' dir='ltr'><strong>notari</strong></span> <span class='ocrx_word' id='word_1_143' title='bbox 1400 2379 1537 2445; x_wconf 91' lang='lat' dir='ltr'><strong>potest,</strong></span> 
     </span>
     <span class='ocr_line' id='line_1_19' title="bbox 360 2471 1536 2558; baseline 0 -18"><span class='ocrx_word' id='word_1_144' title='bbox 360 2474 512 2556; x_wconf 91' lang='lat' dir='ltr'><strong>quamvis</strong></span> <span class='ocrx_word' id='word_1_145' title='bbox 543 2474 674 2558; x_wconf 92' lang='lat' dir='ltr'><strong>propria</strong></span> <span class='ocrx_word' id='word_1_146' title='bbox 705 2474 747 2538; x_wconf 92' lang='lat' dir='ltr'><strong>ad</strong></span> <span class='ocrx_word' id='word_1_147' title='bbox 775 2474 925 2556; x_wconf 87' lang='lat' dir='ltr'><strong>praedam</strong></span> <span class='ocrx_word' id='word_1_148' title='bbox 958 2474 1108 2538; x_wconf 90' lang='lat' dir='ltr'><strong>mandata</strong></span> <span class='ocrx_word' id='word_1_149' title='bbox 1140 2471 1281 2540; x_wconf 89' lang='lat' dir='ltr'><strong>fuissent</strong></span> <span class='ocrx_word' id='word_1_150' title='bbox 1310 2475 1426 2555; x_wconf 91' lang='lat' dir='ltr'><strong>nulla,</strong></span> <span class='ocrx_word' id='word_1_151' title='bbox 1459 2495 1536 2540; x_wconf 91' lang='lat' dir='ltr'><strong>curn</strong></span> 
     </span>
     <span class='ocr_line' id='line_1_20' title="bbox 359 2583 1535 2668; baseline 0.002 -18"><span class='ocrx_word' id='word_1_152' title='bbox 359 2601 466 2651; x_wconf 87' lang='lat' dir='ltr'><strong>tamen</strong></span> <span class='ocrx_word' id='word_1_153' title='bbox 487 2599 519 2650; x_wconf 89' lang='lat' dir='ltr'><strong>et</strong></span> <span class='ocrx_word' id='word_1_154' title='bbox 537 2584 650 2651; x_wconf 88' lang='lat' dir='ltr'><strong>classis</strong></span> <span class='ocrx_word' id='word_1_155' title='bbox 669 2583 854 2667; x_wconf 89' lang='lat' dir='ltr'><strong>praefectus</strong></span> <span class='ocrx_word' id='word_1_156' title='bbox 875 2599 908 2650; x_wconf 91' lang='lat' dir='ltr'><strong>ct</strong></span> <span class='ocrx_word' id='word_1_157' title='bbox 919 2585 1050 2650; x_wconf 89' lang='lat' dir='ltr'><strong>navium</strong></span> <span class='ocrx_word' id='word_1_158' title='bbox 1064 2585 1164 2649; x_wconf 91' lang='lat' dir='ltr'><strong>duces</strong></span> <span class='ocrx_word' id='word_1_159' title='bbox 1177 2585 1388 2650; x_wconf 90' lang='lat' dir='ltr'><strong>concessione</strong></span> <span class='ocrx_word' id='word_1_160' title='bbox 1400 2587 1535 2668; x_wconf 89' lang='lat' dir='ltr'><strong>publica</strong></span> 
     </span>
     <span class='ocr_line' id='line_1_21' title="bbox 358 2695 1538 2783; baseline 0 -21"><span class='ocrx_word' id='word_1_161' title='bbox 358 2697 620 2783; x_wconf 75' lang='lat' dir='ltr'><strong>iurisdictionem</strong></span> <span class='ocrx_word' id='word_1_162' title='bbox 653 2697 860 2776; x_wconf 88' lang='lat' dir='ltr'><strong>obtinerent,</strong></span> <span class='ocrx_word' id='word_1_163' title='bbox 895 2695 1043 2779; x_wconf 88' lang='lat' dir='ltr'><strong>potuisse</strong></span> <span class='ocrx_word' id='word_1_164' title='bbox 1074 2695 1204 2761; x_wconf 88' lang='lat' dir='ltr'><strong>eosdem</strong></span> <span class='ocrx_word' id='word_1_165' title='bbox 1234 2716 1294 2778; x_wconf 93' lang='lat' dir='ltr'><strong>pro</strong></span> <span class='ocrx_word' id='word_1_166' title='bbox 1317 2698 1441 2762; x_wconf 91' lang='lat' dir='ltr'><strong>tuendo</strong></span> <span class='ocrx_word' id='word_1_167' title='bbox 1462 2699 1538 2782; x_wconf 88' lang='lat' dir='ltr'><strong>jure</strong></span> 
     </span>
     <span class='ocr_line' id='line_1_22' title="bbox 361 2807 1538 2892; baseline -0.002 -16"><span class='ocrx_word' id='word_1_168' title='bbox 361 2809 568 2876; x_wconf 92' lang='lat' dir='ltr'><strong>subditorum</strong></span> <span class='ocrx_word' id='word_1_169' title='bbox 589 2823 622 2873; x_wconf 90' lang='lat' dir='ltr'><strong>et</strong></span> <span class='ocrx_word' id='word_1_170' title='bbox 640 2828 698 2873; x_wconf 90' lang='lat' dir='ltr'><strong>sua</strong></span> <span class='ocrx_word' id='word_1_171' title='bbox 722 2807 954 2892; x_wconf 84' lang='lat' dir='ltr'><strong>jurisdictione</strong></span> <span class='ocrx_word' id='word_1_172' title='bbox 983 2807 1016 2870; x_wconf 90' lang='lat' dir='ltr'><strong>in</strong></span> <span class='ocrx_word' id='word_1_173' title='bbox 1037 2808 1224 2872; x_wconf 86' lang='lat' dir='ltr'><strong>turbatores</strong></span> <span class='ocrx_word' id='word_1_174' title='bbox 1240 2808 1312 2892; x_wconf 88' lang='lat' dir='ltr'><strong>ejus</strong></span> <span class='ocrx_word' id='word_1_175' title='bbox 1332 2807 1538 2890; x_wconf 88' lang='lat' dir='ltr'><strong>Lusitanos,</strong></span> 
     </span>
    </p>

    <p class='ocr_par' dir='ltr' id='par_1_8' title="bbox 288 2919 1537 3004">
     <span class='ocr_line' id='line_1_23' title="bbox 288 2919 1537 3004; baseline -0.001 -19"><span class='ocrx_word' id='word_1_176' title='bbox 288 2929 298 2936; x_wconf 86' lang='lat'>&#39;</span> <span class='ocrx_word' id='word_1_177' title='bbox 362 2920 592 2987; x_wconf 87' lang='lat' dir='ltr'><strong>deficientibus</strong></span> <span class='ocrx_word' id='word_1_178' title='bbox 610 2919 685 2984; x_wconf 90' lang='lat' dir='ltr'><strong>aliis</strong></span> <span class='ocrx_word' id='word_1_179' title='bbox 693 2919 880 3004; x_wconf 87' lang='lat' dir='ltr'><strong>judicibus,</strong></span> <span class='ocrx_word' id='word_1_180' title='bbox 905 2919 1161 2984; x_wconf 88' lang='lat' dir='ltr'><strong>animadvertere</strong></span> <span class='ocrx_word' id='word_1_181' title='bbox 1174 2933 1207 2984; x_wconf 94' lang='lat' dir='ltr'><strong>et</strong></span> <span class='ocrx_word' id='word_1_182' title='bbox 1218 2939 1269 2985; x_wconf 92' lang='lat' dir='ltr'><strong>res</strong></span> <span class='ocrx_word' id='word_1_183' title='bbox 1281 2939 1393 2984; x_wconf 89' lang='lat' dir='ltr'><strong>eorum</strong></span> <span class='ocrx_word' id='word_1_184' title='bbox 1406 2939 1537 3003; x_wconf 86' lang='lat' dir='ltr'><strong>capere,</strong></span> 
     </span>
    </p>

    <p class='ocr_par' dir='ltr' id='par_1_9' title="bbox 216 3026 1537 3114">
     <span class='ocr_line' id='line_1_24' title="bbox 216 3026 1537 3114; baseline -0.001 -16"><span class='ocrx_word' id='word_1_185' title='bbox 216 3063 305 3110; x_wconf 65' lang='lat' dir='ltr'><strong>Dm„</strong></span> <span class='ocrx_word' id='word_1_186' title='bbox 325 3032 573 3114; x_wconf 58' lang='lat' dir='ltr'><strong>apraesertim,</strong></span> <span class='ocrx_word' id='word_1_187' title='bbox 609 3047 648 3097; x_wconf 92' lang='lat' dir='ltr'><strong>ut</strong></span> <span class='ocrx_word' id='word_1_188' title='bbox 678 3031 814 3096; x_wconf 88' lang='lat' dir='ltr'><strong>tradunt</strong></span> <span class='ocrx_word' id='word_1_189' title='bbox 842 3029 1020 3111; x_wconf 91' lang='lat' dir='ltr'><strong>utriusque</strong></span> <span class='ocrx_word' id='word_1_190' title='bbox 1046 3029 1130 3114; x_wconf 89' lang='lat' dir='ltr'><strong>juris</strong></span> <span class='ocrx_word' id='word_1_191' title='bbox 1161 3029 1303 3095; x_wconf 90' lang='lat' dir='ltr'><strong>consulti</strong></span> <span class='ocrx_word' id='word_1_192' title='bbox 1333 3026 1368 3110; x_wconf 78' lang='lat'><strong>¹,</strong></span> <span class='ocrx_word' id='word_1_193' title='bbox 1403 3031 1537 3098; x_wconf 88' lang='lat' dir='ltr'><strong>decreto</strong></span> 
     </span>
    </p>

    <p class='ocr_par' dir='ltr' id='par_1_10' title="bbox 201 3119 1539 3781">
     <span class='ocr_line' id='line_1_25' title="bbox 201 3119 1538 3226; baseline -0.001 -17"><span class='ocrx_word' id='word_1_194' title='bbox 201 3119 348 3218; x_wconf 49' lang='lat' dir='ltr'><strong>moerin.</strong></span> <span class='ocrx_word' id='word_1_195' title='bbox 362 3143 584 3226; x_wconf 90' lang='lat' dir='ltr'><strong>praecedente.</strong></span> <span class='ocrx_word' id='word_1_196' title='bbox 629 3142 809 3208; x_wconf 88' lang='lat' dir='ltr'><strong>Praecessit</strong></span> <span class='ocrx_word' id='word_1_197' title='bbox 831 3157 939 3208; x_wconf 91' lang='lat' dir='ltr'><strong>autem</strong></span> <span class='ocrx_word' id='word_1_198' title='bbox 970 3141 1135 3207; x_wconf 89' lang='lat' dir='ltr'><strong>decretum</strong></span> <span class='ocrx_word' id='word_1_199' title='bbox 1160 3161 1178 3206; x_wconf 87' lang='lat' dir='ltr'><strong>a</strong></span> <span class='ocrx_word' id='word_1_200' title='bbox 1200 3139 1366 3223; x_wconf 89' lang='lat' dir='ltr'><strong>praefecto</strong></span> <span class='ocrx_word' id='word_1_201' title='bbox 1392 3155 1424 3205; x_wconf 91' lang='lat' dir='ltr'><strong>et</strong></span> <span class='ocrx_word' id='word_1_202' title='bbox 1445 3144 1538 3224; x_wconf 92' lang='lat' dir='ltr'><strong>quod</strong></span> 
     </span>
     <span class='ocr_line' id='line_1_26' title="bbox 362 3251 1538 3334; baseline -0.001 -15"><span class='ocrx_word' id='word_1_203' title='bbox 362 3253 391 3319; x_wconf 90' lang='lat' dir='ltr'><strong>ei</strong></span> <span class='ocrx_word' id='word_1_204' title='bbox 413 3254 580 3320; x_wconf 87' lang='lat' dir='ltr'><strong>adsidebat</strong></span> <span class='ocrx_word' id='word_1_205' title='bbox 601 3274 728 3320; x_wconf 91' lang='lat' dir='ltr'><strong>summo</strong></span> <span class='ocrx_word' id='word_1_206' title='bbox 756 3254 889 3319; x_wconf 91' lang='lat' dir='ltr'><strong>nautico</strong></span> <span class='ocrx_word' id='word_1_207' title='bbox 922 3251 1061 3318; x_wconf 92' lang='lat' dir='ltr'><strong>consilio</strong></span> <span class='ocrx_word' id='word_1_208' title='bbox 1084 3252 1145 3317; x_wconf 90' lang='lat' dir='ltr'><strong>rite</strong></span> <span class='ocrx_word' id='word_1_209' title='bbox 1168 3267 1345 3334; x_wconf 87' lang='lat' dir='ltr'><strong>peractum.</strong></span> <span class='ocrx_word' id='word_1_210' title='bbox 1393 3253 1446 3318; x_wconf 89' lang='lat' dir='ltr'><strong>Eo</strong></span> <span class='ocrx_word' id='word_1_211' title='bbox 1471 3251 1538 3318; x_wconf 90' lang='lat' dir='ltr'><strong>fere</strong></span> 
     </span>
     <span class='ocr_line' id='line_1_27' title="bbox 362 3363 1539 3432; baseline 0 -2"><span class='ocrx_word' id='word_1_212' title='bbox 362 3365 461 3432; x_wconf 90' lang='lat' dir='ltr'><strong>modo</strong></span> <span class='ocrx_word' id='word_1_213' title='bbox 483 3366 522 3430; x_wconf 94' lang='lat' dir='ltr'><strong>C.</strong></span> <span class='ocrx_word' id='word_1_214' title='bbox 535 3365 685 3431; x_wconf 90' lang='lat' dir='ltr'><strong>Pinarius</strong></span> <span class='ocrx_word' id='word_1_215' title='bbox 704 3366 715 3402; x_wconf 83' lang='lat'>⁸</span> <span class='ocrx_word' id='word_1_216' title='bbox 736 3365 848 3431; x_wconf 90' lang='lat' dir='ltr'><strong>Ennae</strong></span> <span class='ocrx_word' id='word_1_217' title='bbox 871 3365 903 3429; x_wconf 96' lang='lat' dir='ltr'><strong>in</strong></span> <span class='ocrx_word' id='word_1_218' title='bbox 925 3363 1037 3430; x_wconf 82' lang='lat' dir='ltr'><strong>Sicilia</strong></span> <span class='ocrx_word' id='word_1_219' title='bbox 1058 3363 1193 3430; x_wconf 90' lang='lat' dir='ltr'><strong>relictus</strong></span> <span class='ocrx_word' id='word_1_220' title='bbox 1213 3381 1280 3428; x_wconf 93' lang='lat' dir='ltr'><strong>non</strong></span> <span class='ocrx_word' id='word_1_221' title='bbox 1302 3377 1340 3428; x_wconf 93' lang='lat' dir='ltr'><strong>ut</strong></span> <span class='ocrx_word' id='word_1_222' title='bbox 1351 3364 1465 3429; x_wconf 89' lang='lat' dir='ltr'><strong>urbem</strong></span> <span class='ocrx_word' id='word_1_223' title='bbox 1479 3366 1539 3430; x_wconf 90' lang='lat' dir='ltr'><strong>sed</strong></span> 
     </span>
     <span class='ocr_line' id='line_1_28' title="bbox 364 3474 1538 3560; baseline 0 -19"><span class='ocrx_word' id='word_1_224' title='bbox 364 3491 402 3542; x_wconf 90' lang='lat' dir='ltr'><strong>ut</strong></span> <span class='ocrx_word' id='word_1_225' title='bbox 427 3475 625 3559; x_wconf 89' lang='lat' dir='ltr'><strong>praesidium</strong></span> <span class='ocrx_word' id='word_1_226' title='bbox 649 3491 798 3560; x_wconf 85' lang='lat' dir='ltr'><strong>regeret,</strong></span> <span class='ocrx_word' id='word_1_227' title='bbox 821 3495 897 3541; x_wconf 91' lang='lat' dir='ltr'><strong>cum</strong></span> <span class='ocrx_word' id='word_1_228' title='bbox 926 3475 1093 3541; x_wconf 90' lang='lat' dir='ltr'><strong>imminere</strong></span> <span class='ocrx_word' id='word_1_229' title='bbox 1115 3475 1354 3558; x_wconf 89' lang='lat' dir='ltr'><strong>oppidanorum</strong></span> <span class='ocrx_word' id='word_1_230' title='bbox 1378 3474 1538 3541; x_wconf 89' lang='lat' dir='ltr'><strong>defectio-</strong></span> 
     </span>
     <span class='ocr_line' id='line_1_29' title="bbox 363 3585 1536 3671; baseline 0.002 -20"><span class='ocrx_word' id='word_1_231' title='bbox 363 3607 436 3652; x_wconf 92' lang='lat' dir='ltr'><strong>nem</strong></span> <span class='ocrx_word' id='word_1_232' title='bbox 458 3585 682 3669; x_wconf 90' lang='lat' dir='ltr'><strong>prospiceret,</strong></span> <span class='ocrx_word' id='word_1_233' title='bbox 716 3608 824 3670; x_wconf 91' lang='lat' dir='ltr'><strong>neque</strong></span> <span class='ocrx_word' id='word_1_234' title='bbox 848 3588 966 3671; x_wconf 88' lang='lat' dir='ltr'><strong>populi</strong></span> <span class='ocrx_word' id='word_1_235' title='bbox 988 3585 1147 3664; x_wconf 88' lang='lat' dir='ltr'><strong>Romani,</strong></span> <span class='ocrx_word' id='word_1_236' title='bbox 1172 3605 1214 3652; x_wconf 90' lang='lat' dir='ltr'><strong>ne</strong></span> <span class='ocrx_word' id='word_1_237' title='bbox 1236 3586 1381 3653; x_wconf 90' lang='lat' dir='ltr'><strong>consulis</strong></span> <span class='ocrx_word' id='word_1_238' title='bbox 1402 3587 1536 3670; x_wconf 92' lang='lat' dir='ltr'><strong>quidem</strong></span> 
     </span>
     <span class='ocr_line' id='line_1_30' title="bbox 364 3697 1534 3781; baseline 0.002 -17"><span class='ocrx_word' id='word_1_239' title='bbox 364 3698 505 3764; x_wconf 91' lang='lat' dir='ltr'><strong>adeundi</strong></span> <span class='ocrx_word' id='word_1_240' title='bbox 529 3713 614 3763; x_wconf 91' lang='lat' dir='ltr'><strong>esset</strong></span> <span class='ocrx_word' id='word_1_241' title='bbox 641 3713 808 3781; x_wconf 90' lang='lat' dir='ltr'><strong>potestas,</strong></span> <span class='ocrx_word' id='word_1_242' title='bbox 833 3699 1002 3781; x_wconf 86' lang='lat' dir='ltr'><strong>perfidiam</strong></span> <span class='ocrx_word' id='word_1_243' title='bbox 1031 3699 1124 3765; x_wconf 90' lang='lat' dir='ltr'><strong>istam</strong></span> <span class='ocrx_word' id='word_1_244' title='bbox 1146 3717 1213 3764; x_wconf 93' lang='lat' dir='ltr'><strong>non</strong></span> <span class='ocrx_word' id='word_1_245' title='bbox 1233 3697 1387 3764; x_wconf 91' lang='lat' dir='ltr'><strong>caedibus</strong></span> <span class='ocrx_word' id='word_1_246' title='bbox 1408 3713 1534 3766; x_wconf 88' lang='lat' dir='ltr'><strong>tantum</strong></span> 
     </span>
    </p>

    <p class='ocr_par' dir='ltr' id='par_1_11' title="bbox 218 3808 1536 3892">
     <span class='ocr_line' id='line_1_31' title="bbox 218 3808 1536 3892; baseline -0.002 -15"><span class='ocrx_word' id='word_1_247' title='bbox 218 3833 255 3877; x_wconf 60' lang='lat' dir='ltr'><strong>aa</strong></span> <span class='ocrx_word' id='word_1_248' title='bbox 270 3832 350 3878; x_wconf 66' lang='lat' dir='ltr'><strong>aaron.</strong></span> <span class='ocrx_word' id='word_1_249' title='bbox 363 3814 455 3876; x_wconf 91' lang='lat' dir='ltr'><strong>ultus</strong></span> <span class='ocrx_word' id='word_1_250' title='bbox 479 3823 550 3890; x_wconf 88' lang='lat' dir='ltr'><strong>est,</strong></span> <span class='ocrx_word' id='word_1_251' title='bbox 575 3810 634 3874; x_wconf 91' lang='lat' dir='ltr'><strong>sed</strong></span> <span class='ocrx_word' id='word_1_252' title='bbox 655 3825 688 3875; x_wconf 92' lang='lat' dir='ltr'><strong>et</strong></span> <span class='ocrx_word' id='word_1_253' title='bbox 710 3811 824 3876; x_wconf 90' lang='lat' dir='ltr'><strong>urbem</strong></span> <span class='ocrx_word' id='word_1_254' title='bbox 847 3830 975 3876; x_wconf 89' lang='lat' dir='ltr'><strong>omnem</strong></span> <span class='ocrx_word' id='word_1_255' title='bbox 998 3810 1095 3877; x_wconf 93' lang='lat' dir='ltr'><strong>militi</strong></span> <span class='ocrx_word' id='word_1_256' title='bbox 1117 3809 1330 3892; x_wconf 88' lang='lat' dir='ltr'><strong>diripiendam</strong></span> <span class='ocrx_word' id='word_1_257' title='bbox 1353 3808 1454 3875; x_wconf 92' lang='lat' dir='ltr'><strong>dedit.</strong></span> <span class='ocrx_word' id='word_1_258' title='bbox 1479 3809 1536 3874; x_wconf 91' lang='lat' dir='ltr'><strong>Se·</strong></span> 
     </span>
    </p>
   </div>
   <div class='ocr_carea' id='block_1_8' title="bbox 217 3886 1538 4005">
    <p class='ocr_par' dir='ltr' id='par_1_12' title="bbox 217 3886 1538 4005">
     <span class='ocr_line' id='line_1_32' title="bbox 217 3886 1538 4005; baseline -0.002 -17"><span class='ocrx_word' id='word_1_259' title='bbox 217 3886 322 3988; x_wconf 56' lang='lat' dir='ltr'><strong>iiiii‘p&#39;</strong></span> <span class='ocrx_word' id='word_1_260' title='bbox 364 3922 479 4005; x_wconf 91' lang='lat' dir='ltr'><strong>quitur</strong></span> <span class='ocrx_word' id='word_1_261' title='bbox 509 3920 586 3986; x_wconf 90' lang='lat' dir='ltr'><strong>hinc</strong></span> <span class='ocrx_word' id='word_1_262' title='bbox 617 3942 691 3986; x_wconf 91' lang='lat' dir='ltr'><strong>cum</strong></span> <span class='ocrx_word' id='word_1_263' title='bbox 721 3921 898 3987; x_wconf 87' lang='lat' dir='ltr'><strong>auctoritas</strong></span> <span class='ocrx_word' id='word_1_264' title='bbox 925 3921 1059 4004; x_wconf 90' lang='lat' dir='ltr'><strong>publica</strong></span> <span class='ocrx_word' id='word_1_265' title='bbox 1082 3936 1115 3987; x_wconf 89' lang='lat' dir='ltr'><strong>et</strong></span> <span class='ocrx_word' id='word_1_266' title='bbox 1135 3942 1154 3986; x_wconf 92' lang='lat' dir='ltr'><strong>a</strong></span> <span class='ocrx_word' id='word_1_267' title='bbox 1173 3935 1264 4004; x_wconf 91' lang='lat' dir='ltr'><strong>parte</strong></span> <span class='ocrx_word' id='word_1_268' title='bbox 1286 3920 1483 3987; x_wconf 88' lang='lat' dir='ltr'><strong>Batavorum</strong></span> <span class='ocrx_word' id='word_1_269' title='bbox 1505 3935 1538 3986; x_wconf 90' lang='lat' dir='ltr'><strong>et</strong></span> 
     </span>
    </p>
   </div>
   <div class='ocr_carea' id='block_1_9' title="bbox 363 4210 1536 4552">
    <p class='ocr_par' dir='ltr' id='par_1_13' title="bbox 363 4210 1536 4552">
     <span class='ocr_line' id='line_1_33' title="bbox 398 4210 1536 4278; baseline -0.005 -10"><span class='ocrx_word' id='word_1_270' title='bbox 398 4221 407 4254; x_wconf 91' lang='lat'><strong>¹</strong></span> <span class='ocrx_word' id='word_1_271' title='bbox 426 4223 443 4268; x_wconf 88' lang='lat' dir='ltr'><strong>l.</strong></span> <span class='ocrx_word' id='word_1_272' title='bbox 467 4232 488 4267; x_wconf 89' lang='lat' dir='ltr'><strong>r.</strong></span> <span class='ocrx_word' id='word_1_273' title='bbox 513 4217 540 4266; x_wconf 80' lang='lat' dir='ltr'><strong>ff.</strong></span> <span class='ocrx_word' id='word_1_274' title='bbox 562 4220 593 4267; x_wconf 88' lang='lat' dir='ltr'><strong>de</strong></span> <span class='ocrx_word' id='word_1_275' title='bbox 616 4217 677 4265; x_wconf 91' lang='lat' dir='ltr'><strong>bon.</strong></span> <span class='ocrx_word' id='word_1_276' title='bbox 695 4229 764 4276; x_wconf 80' lang='lat' dir='ltr'><strong>pots.</strong></span> <span class='ocrx_word' id='word_1_277' title='bbox 783 4229 815 4263; x_wconf 84' lang='lat' dir='ltr'><strong>ex</strong></span> <span class='ocrx_word' id='word_1_278' title='bbox 832 4225 890 4263; x_wconf 86' lang='lat' dir='ltr'><strong>test.</strong></span> <span class='ocrx_word' id='word_1_279' title='bbox 908 4213 961 4262; x_wconf 88' lang='lat' dir='ltr'><strong>mil.</strong></span> <span class='ocrx_word' id='word_1_280' title='bbox 980 4215 1025 4276; x_wconf 92' lang='lat' dir='ltr'><strong>[D.</strong></span> <span class='ocrx_word' id='word_1_281' title='bbox 1045 4225 1085 4272; x_wconf 81' lang='lat'><strong>37.</strong></span> <span class='ocrx_word' id='word_1_282' title='bbox 1107 4213 1160 4278; x_wconf 79' lang='lat'><strong>13.]</strong></span> <span class='ocrx_word' id='word_1_283' title='bbox 1195 4210 1289 4261; x_wconf 72' lang='lat' dir='ltr'><strong>²llart.</strong></span> <span class='ocrx_word' id='word_1_284' title='bbox 1307 4213 1334 4261; x_wconf 95' lang='lat' dir='ltr'><strong>in</strong></span> <span class='ocrx_word' id='word_1_285' title='bbox 1352 4216 1369 4261; x_wconf 88' lang='lat'><strong>1.</strong></span> <span class='ocrx_word' id='word_1_286' title='bbox 1387 4217 1472 4263; x_wconf 86' lang='lat' dir='ltr'><strong>hostes</strong></span> <span class='ocrx_word' id='word_1_287' title='bbox 1491 4215 1536 4276; x_wconf 89' lang='lat' dir='ltr'><strong>[D.</strong></span> 
     </span>
     <span class='ocr_line' id='line_1_34' title="bbox 364 4305 1534 4375; baseline -0.006 -15"><span class='ocrx_word' id='word_1_288' title='bbox 364 4327 405 4375; x_wconf 88' lang='lat'><strong>49.</strong></span> <span class='ocrx_word' id='word_1_289' title='bbox 427 4311 533 4372; x_wconf 78' lang='lat'><strong>15.24.]</strong></span> <span class='ocrx_word' id='word_1_290' title='bbox 550 4323 576 4357; x_wconf 97' lang='grc' dir='ltr'><strong>ιι.</strong></span> <span class='ocrx_word' id='word_1_291' title='bbox 597 4322 636 4358; x_wconf 91' lang='grc' dir='ltr'><strong>ιι.</strong></span> <span class='ocrx_word' id='word_1_292' title='bbox 653 4321 678 4356; x_wconf 88' lang='lat' dir='ltr'><strong>et</strong></span> <span class='ocrx_word' id='word_1_293' title='bbox 699 4320 737 4356; x_wconf 74' lang='grc' dir='ltr'><strong>ιι.</strong></span> <span class='ocrx_word' id='word_1_294' title='bbox 755 4309 843 4355; x_wconf 87' lang='lat' dir='ltr'><strong>innoc.</strong></span> <span class='ocrx_word' id='word_1_295' title='bbox 861 4307 888 4354; x_wconf 94' lang='lat' dir='ltr'><strong>in</strong></span> <span class='ocrx_word' id='word_1_296' title='bbox 905 4320 928 4354; x_wconf 91' lang='lat' dir='ltr'><strong>c.</strong></span> <span class='ocrx_word' id='word_1_297' title='bbox 948 4305 1018 4354; x_wconf 92' lang='lat' dir='ltr'><strong>olim.</strong></span> <span class='ocrx_word' id='word_1_298' title='bbox 1037 4307 1068 4353; x_wconf 88' lang='lat' dir='ltr'><strong>de</strong></span> <span class='ocrx_word' id='word_1_299' title='bbox 1086 4315 1146 4353; x_wconf 87' lang='lat' dir='ltr'><strong>rest.</strong></span> <span class='ocrx_word' id='word_1_300' title='bbox 1165 4307 1230 4364; x_wconf 90' lang='lat' dir='ltr'><strong>spol.</strong></span> <span class='ocrx_word' id='word_1_301' title='bbox 1248 4305 1364 4366; x_wconf 87' lang='lat' dir='ltr'><strong>[Decrct.</strong></span> <span class='ocrx_word' id='word_1_302' title='bbox 1383 4319 1407 4352; x_wconf 83' lang='lat'><strong>2.</strong></span> <span class='ocrx_word' id='word_1_303' title='bbox 1426 4319 1464 4363; x_wconf 79' lang='lat'><strong>1³·</strong></span> <span class='ocrx_word' id='word_1_304' title='bbox 1484 4306 1534 4367; x_wconf 69' lang='lat' dir='ltr'><strong>aa]</strong></span> 
     </span>
     <span class='ocr_line' id='line_1_35' title="bbox 363 4395 1536 4465; baseline -0.006 -14"><span class='ocrx_word' id='word_1_305' title='bbox 363 4417 389 4451; x_wconf 92' lang='grc' dir='ltr'><strong>ιι.</strong></span> <span class='ocrx_word' id='word_1_306' title='bbox 412 4417 437 4465; x_wconf 88' lang='lat'><strong>9.</strong></span> <span class='ocrx_word' id='word_1_307' title='bbox 460 4414 485 4450; x_wconf 90' lang='lat' dir='ltr'><strong>ct</strong></span> <span class='ocrx_word' id='word_1_308' title='bbox 507 4402 533 4449; x_wconf 91' lang='lat' dir='ltr'><strong>in</strong></span> <span class='ocrx_word' id='word_1_309' title='bbox 557 4413 580 4449; x_wconf 88' lang='lat' dir='ltr'><strong>c.</strong></span> <span class='ocrx_word' id='word_1_310' title='bbox 604 4398 678 4448; x_wconf 86' lang='lat' dir='ltr'><strong>sicut.</strong></span> <span class='ocrx_word' id='word_1_311' title='bbox 703 4400 734 4446; x_wconf 90' lang='lat' dir='ltr'><strong>de</strong></span> <span class='ocrx_word' id='word_1_312' title='bbox 756 4395 862 4456; x_wconf 80' lang='lat' dir='ltr'><strong>jureiur.</strong></span> <span class='ocrx_word' id='word_1_313' title='bbox 884 4397 999 4459; x_wconf 84' lang='lat' dir='ltr'><strong>[Decrer.</strong></span> <span class='ocrx_word' id='word_1_314' title='bbox 1026 4411 1050 4445; x_wconf 80' lang='lat' dir='ltr'><strong>a.</strong></span> <span class='ocrx_word' id='word_1_315' title='bbox 1076 4409 1117 4457; x_wconf 81' lang='lat'><strong>24.</strong></span> <span class='ocrx_word' id='word_1_316' title='bbox 1136 4395 1190 4457; x_wconf 77' lang='lat'><strong>29]</strong></span> <span class='ocrx_word' id='word_1_317' title='bbox 1209 4408 1235 4442; x_wconf 92' lang='lat' dir='ltr'><strong>n.</strong></span> <span class='ocrx_word' id='word_1_318' title='bbox 1253 4407 1275 4450; x_wconf 83' lang='lat' dir='ltr'><strong>s.</strong></span> <span class='ocrx_word' id='word_1_319' title='bbox 1292 4407 1317 4443; x_wconf 90' lang='lat' dir='ltr'><strong>et</strong></span> <span class='ocrx_word' id='word_1_320' title='bbox 1335 4395 1371 4443; x_wconf 87' lang='lat' dir='ltr'><strong>ibi</strong></span> <span class='ocrx_word' id='word_1_321' title='bbox 1393 4397 1452 4444; x_wconf 84' lang='lat' dir='ltr'><strong>Pan.</strong></span> <span class='ocrx_word' id='word_1_322' title='bbox 1470 4409 1495 4444; x_wconf 93' lang='grc' dir='ltr'><strong>ιι.</strong></span> <span class='ocrx_word' id='word_1_323' title='bbox 1510 4409 1536 4456; x_wconf 88' lang='lat'><strong>9.</strong></span> 
     </span>
     <span class='ocr_line' id='line_1_36' title="bbox 365 4490 901 4552; baseline -0.017 -9"><span class='ocrx_word' id='word_1_324' title='bbox 365 4493 376 4525; x_wconf 83' lang='lat'>¹</span> <span class='ocrx_word' id='word_1_325' title='bbox 392 4494 437 4542; x_wconf 81' lang='lat' dir='ltr'><strong>Est</strong></span> <span class='ocrx_word' id='word_1_326' title='bbox 454 4494 520 4552; x_wconf 84' lang='lat' dir='ltr'><strong>apud</strong></span> <span class='ocrx_word' id='word_1_327' title='bbox 536 4490 684 4539; x_wconf 84' lang='lat' dir='ltr'><strong>Frontinum</strong></span> <span class='ocrx_word' id='word_1_328' title='bbox 699 4502 724 4538; x_wconf 87' lang='lat' dir='ltr'><strong>et</strong></span> <span class='ocrx_word' id='word_1_329' title='bbox 740 4490 901 4550; x_wconf 77' lang='lat' dir='ltr'><strong>Polyaenum.</strong></span> 
     </span>
    </p>
   </div>
   <div class='ocr_carea' id='block_1_10' title="bbox 0 0 1739 5434">
    <p class='ocr_par' dir='ltr' id='par_1_14' title="bbox 0 0 1739 5434">
     <span class='ocr_line' id='line_1_37' title="bbox 0 0 1739 5434; baseline 0 0"><span class='ocrx_word' id='word_1_330' title='bbox 0 0 1739 5434; x_wconf 95' lang='lat' dir='ltr'><strong> </strong></span> 
     </span>
    </p>
   </div>
  </div>
 </body>
</html>
