3450 5434
525 630 573 677 DE
596 630 689 698 June:
717 629 900 678 undenas.
926 632 1005 679 Chl‘.
1031 631 1080 679 XI.
1348 630 1407 693 173

233 786 365 853 urercio.
388 786 467 852 Pars
487 784 570 850 enim
591 783 698 867 caesi,
722 804 796 867 pars
813 785 961 851 inarcem
972 784 1205 851 Lusitanorum
1223 783 1408 850 Minensem

233 897 357 982 captivi
386 896 478 965 ducti
513 912 613 978 sunt,
648 896 739 978 quod
769 895 939 978 aliquanto
970 914 1067 979 quam
1097 895 1189 961 caedi
1220 897 1316 979 pejus
1338 910 1408 961 est:

234 1023 322 1075 tanta
344 1007 514 1074 imminent
534 1022 712 1089 tormenta,
733 1006 816 1073 tanti
837 1007 1021 1074 cruciatus:
1046 1006 1169 1090 quippe
1189 1026 1264 1072 cum
1282 1020 1409 1073 constet

233 1120 369 1187 Gallum
400 1119 565 1186 hominem
600 1118 714 1185 eodem
749 1118 892 1184 delatum
926 1134 958 1183 et
992 1138 1032 1183 ex
1065 1116 1144 1202 fuga
1178 1118 1408 1201 reprehensum

234 1251 343 1308 aereae
373 1230 542 1296 machinae
572 1229 763 1312 impositum
792 1228 893 1296 fuisse
915 1244 1015 1312 atque
1034 1229 1078 1296 ita
1103 1229 1258 1313 ejectum:
1283 1248 1323 1293 ne
1343 1248 1408 1294 non

234 1342 283 1408 illi
314 1342 475 1408 Phalarim
508 1341 580 1425 ipso
604 1340 701 1416 etiam
724 1339 927 1407 crudelitatis
951 1340 1170 1407 instrumento
1192 1338 1407 1405 imitarentur.

234 1453 370 1520 Accidit
399 1467 431 1518 ct
461 1456 566 1518 multo
588 1468 724 1535 postea,
754 1467 792 1518 ut
814 1451 964 1517 navicula
986 1451 1182 1517 Batavorum
1205 1470 1272 1518 non
1294 1452 1409 1534 procul
1421 1456 1492 1504 Am
1507 1470 1568 1515 asso

234 1584 307 1631 arce
330 1563 477 1631 Minensi
492 1578 621 1630 avento
643 1563 791 1646 prodita,
815 1562 965 1629 immissu
988 1562 1223 1629 Lusitanorum
1246 1561 1410 1646 opprime·

235 1692 347 1759 retur,
370 1692 513 1757 cumque
531 1674 726 1757 deprehensi
738 1674 903 1741 influctus
913 1672 1105 1755 desilirent,
1124 1672 1262 1756 perfossi
1273 1673 1410 1757 spiculis

235 1786 351 1871 etjam
374 1785 495 1852 mortui
520 1783 655 1851 funibus
677 1785 770 1851 tracti
794 1800 895 1867 sunt,
919 1800 1024 1867 utque
1043 1782 1207 1869 praelecto
1220 1783 1309 1866 ‚arcis
1329 1782 1409 1851 fides

234 1897 328 1964 lieret
360 1897 480 1981 egregii
514 1896 690 1978 facinoris,
725 1896 842 1979 partim
877 1896 993 1963 suffixa
1020 1896 1103 1980 palis
1126 1896 1258 1979 capita,
1291 1896 1407 1980 partim

235 2008 379 2075 barbaris
407 2008 538 2074 illorum
571 2006 789 2073 beneficiariis
810 2008 853 2073 ad
876 2008 1059 2075 efferendos
1082 2008 1207 2075 animos
1231 2026 1407 2089 concessa,

233 2119 293 2202 qui
313 2134 345 2185 et
363 2117 430 2204 igni
449 2118 579 2184 coxisse
597 2134 635 2184 ut
654 2137 788 2185 succum
811 2118 987 2201 elicerent,
1012 2134 1045 2186 et
1068 2138 1108 2185 ex
1130 2118 1262 2187 ossibus
1286 2118 1408 2185 bibisse

234 2245 414 2297 narrantur.
460 2230 527 2297 Sed
556 2250 616 2294 nec
646 2244 732 2295 emta
753 2229 830 2295 odia
850 2230 1009 2297 adversus
1032 2230 1228 2296 Batavorum
1252 2227 1408 2313 simplici-

233 2356 356 2422 tatem,
379 2361 440 2408 nec
467 2356 595 2425 paratae
623 2340 759 2407 insidiae
782 2341 940 2408 adversus
959 2341 1198 2425 providentiam
1218 2341 1274 2408 diu
1291 2342 1408 2407 'valne-

233 2468 321 2543 runt.
367 2451 439 2520 Tot
468 2452 628 2537 periculis
652 2452 811 2521 indefessi
831 2454 1008 2545 etiamnum
1032 2455 1125 2520 littus
1149 2452 1233 2519 illud
1252 2451 1408 2534 frequen·

233 2580 304 2631 tant
334 2580 368 2631 et
397 2565 574 2631 Lusitanos
596 2585 630 2631 re
652 2567 743 2632 nulla
773 2564 901 2649 magis,
933 2584 1029 2647 quam
1062 2565 1127 2631 lide
1159 2584 1218 2631 sua
1241 2579 1407 2631 accusant.

233 2676 271 2741 ln
305 2695 536 2758 quamcunque
569 2697 648 2742 vero
682 2690 840 2743 terrarum
874 2690 996 2759 partem
1021 2678 1136 2743 oculos
1159 2674 1406 2757 convertimus,

232 2787 344 2852 eadem
363 2786 474 2853 feritas
494 2787 630 2869 ubique.
676 2786 761 2853 Nam
781 2786 947 2853 hostilitas
966 2786 1031 2853 dici
1051 2806 1117 2855 non
1137 2802 1300 2868 meretur,
1323 2805 1406 2868 quae

233 2898 386 2966 hostibus
414 2898 512 2965 solita
538 2900 635 2983 longe
664 2898 913 2983 transgreditur.
959 2898 1038 2985 Quo
1067 2917 1243 2983 exgenere
1266 2896 1406 2981 plurima

233 3009 366 3075 batavis
396 3009 430 3074 in
464 3009 599 3076 ssrasnia
621 3008 801 3090 accidisse,
825 3008 1050 3095 navigantium
1071 3008 1183 3076 diariis
1203 3022 1406 3092 compertum

234 3136 294 3187 est.
340 3120 414 3188 Nos
440 3140 507 3188 non
538 3120 647 3188 omnia
674 3119 868 3202 referimus,
900 3120 1088 3205 praesertim
1114 3140 1188 3187 cum
1213 3120 1407 3187 uberrimam

233 3232 452 3298 narrationum
467 3232 656 3314 materiam,
680 3247 713 3298 et
724 3232 802 3297 huic
814 3249 1004 3318 argumento
1017 3232 1148 3317 proprie
1158 3232 1406 3299 convenientem

234 3363 287 3409 res
309 3343 516 3424 Orientales,
536 3344 600 3411 hoc
621 3358 672 3409 est
689 3344 820 3410 Indicae
837 3343 988 3413 offerant.

277 3454 447 3521 Postremo
476 3455 601 3522 Indiam
622 3457 760 3521 humare
782 3455 895 3523 Batavi
918 3454 1063 3542 aggressi
1084 3470 1185 3537 sunt,
1209 3457 1306 3541 cujus
1327 3475 1500 3523 con-Ana.
1513 3474 1579 3521 7111

232 3564 299 3631 silii
328 3584 395 3632 non
424 3567 549 3632 utilitas
576 3566 681 3652 magis
712 3566 869 3647 evidens,
900 3588 998 3650 quam
1029 3568 1177 3650 aequitas
1206 3585 1316 3651 aperta
1345 3583 1404 3636 est.
1419 3531 1489 3578 ΑΜ
1504 3544 1565 3588 '⁵⁹⁵'

235 3676 320 3743 Nam
344 3698 428 3760 quae
447 3679 576 3744 tandem
596 3677 658 3747 ista
677 3697 745 3744 non
760 3679 826 3763 jam
846 3677 948 3745 dicam
968 3678 1053 3745 lucri
1069 3679 1241 3762 appetendi
1263 3678 1405 3761 insania,

234 3788 293 3854 sed
321 3791 416 3872 plane
442 3788 568 3856 invidia
598 3804 667 3872 est,
698 3788 844 3873 flagitare
876 3804 914 3855 ut
935 3808 1011 3872 pars
1033 3804 1122 3856 tanta
1140 3804 1298 3871 naturae,
1322 3812 1406 3873 quae

232 3900 273 3965 ab
305 3900 451 3967 Arabico
474 3920 580 3985 usque
602 3900 699 3983 sinu,
723 3900 790 3967 imo
811 3900 840 3968 si
858 3900 958 3967 addas
981 3916 1128 3984 caetera,
1153 3922 1170 3967 a
1192 3901 1278 3969 freto
1300 3901 1405 3969 Gadi·

232 4026 310 4077 tuno
331 4012 372 4078 ad
393 4012 627 4096 septentrionis
649 4011 796 4080 confinia
811 4012 971 4079 immenso
989 4011 1100 4080 littore
1120 4012 1336 4093 diffunditur,
1356 4010 1406 4077 in-

232 4142 299 4205 que
320 4138 371 4190 tot
393 4123 516 4189 insulas
536 4123 703 4205 excurrit,
725 4140 762 4191 ut
782 4144 893 4191 earum
916 4142 975 4191 nee
996 4142 1167 4190 numerum
1192 4144 1252 4189 nec
1272 4124 1405 4190 nomine

232 4233 408 4317 quisquam
438 4238 551 4319 norit,
583 4236 684 4303 unius
705 4236 821 4321 populi
844 4234 994 4317 divitiis,
1018 4234 1085 4301 imo
1108 4234 1202 4301 luxui
1226 4234 1405 4316 inserviat,

233 4361 266 4411 et
295 4366 410 4432 magna
444 4368 484 4414 ex
516 4364 608 4431 parte
637 4350 786 4434 neglecta
805 4363 923 4428 vacet,
946 4366 1019 4413 cum
1043 4344 1195 4431 pluribus
1217 4345 1406 4413 nationibus

166 4482 169 4486 ²
231 4458 427 4524 commercio
451 4459 652 4543 occupandis
675 4460 867 4543 alendisque
898 4458 1062 4527 sufficiat?
1109 4458 1202 4546 Quid
1225 4458 1316 4543 quod
1340 4458 1405 4543 jam
