3450 5434
493 614 548 690 ,uu
571 614 665 681 Juau
691 614 874 663 aurnuns.
899 617 979 664 cnr.
1003 618 1036 663 x,
1301 592 1361 657 161

182 769 357 853 praebeat,
398 787 506 851 neque
541 768 574 834 in
613 770 712 835 ullam
746 785 870 852 partem
907 771 1004 838 maris
1038 768 1219 855 praefectus
1257 766 1360 835 venit.

183 881 286 969 Quod
307 881 335 946 si
355 879 452 966 regiis
478 879 642 947 sumtibus
671 880 830 947 instructa
857 881 951 948 navis
977 902 1043 948 non
1065 880 1190 964 fuerit,
1215 878 1360 945 exhibita

184 992 254 1078 regi
283 1011 343 1058 sua
374 991 550 1075 portione,
589 990 758 1074 praefecto
790 992 867 1057 item
897 1013 980 1074 sua,
1019 992 1182 1075 reliquum
1212 990 1296 1057 inter
1325 1009 1361 1055 se

184 1102 327 1170 victores
347 1102 510 1169 dividunt.
557 1102 593 1167 Si
614 1102 690 1185 quis
711 1102 812 1188 igitur
832 1125 963 1187 operam
986 1126 1043 1187 per
1064 1125 1098 1171 se
1122 1117 1179 1169 aut
1199 1123 1258 1186 per
1279 1101 1360 1167 alios

181 1228 281 1280 navet
309 1214 396 1279 bello
425 1214 585 1297 publico,
617 1228 762 1279 sumtum
793 1213 890 1280 faciat
913 1216 953 1281 de
977 1234 1062 1295 suo,
1088 1234 1184 1281 omne
1204 1213 1359 1278 damnum

179 1340 283 1408 ,atque
300 1325 483 1409 periculum
505 1323 539 1391 in
557 1344 592 1392 se
602 1324 759 1409 recipiat,
783 1325 885 1407 idque
897 1327 989 1392 nullo
1003 1324 1185 1409 publicitus
1196 1322 1360 1407 stipendio

184 1437 346 1519 donatus,
371 1438 459 1503 hunc
482 1436 647 1519 quidquid
669 1437 758 1502 hosti
781 1435 880 1519 eripit
897 1436 961 1502 sibi
982 1435 1149 1518 acquirere
1173 1435 1359 1517 etquidem

184 1548 218 1613 in
237 1547 399 1631 solidum,
421 1563 574 1615 constans
592 1546 739 1613 omnium
759 1547 931 1614 doctorum
944 1550 953 1586 ¹
964 1561 997 1613 et
1007 1546 1190 1614 communis
1202 1544 1361 1613 sententia

183 1673 244 1724 est.
291 1658 377 1725 Cum
402 1659 487 1727 enim
510 1658 662 1741 iniquum
685 1658 750 1740 sit,
774 1674 812 1725 ut
834 1658 876 1724 ad
899 1657 1094 1725 Corinthios
1116 1657 1230 1725 scribit
1249 1658 1359 1740 Apos-

182 1766 316 1851 tolus',
336 1773 545 1854 στρκτεὺεσθιιί
564 1798 629 1838 tux
646 1772 723 1847 lube
742 1773 888 1855 ὀψωνίοις,
913 1769 976 1835 hoc
989 1784 1060 1852 est,
1084 1768 1238 1834 militare
1249 1764 1370 1855 quem-¹

181 1902 283 1967 quam
314 1885 382 1946 suis
412 1878 609 1966 stipendiis,
639 1895 696 1945 aut
720 1895 758 1945 ut
778 1880 883 1964 Syrus
903 1879 1155 1963 interpretatur,
1180 1884 1249 1945 suis
1271 1901 1358 1945 sum·

183 1994 296 2073 tibus,
337 1991 406 2059 sine
447 1991 546 2077 digna
584 1990 711 2057 scilicet
753 2010 811 2074 spc
850 1991 1057 2075 compendii,
1091 1992 1183 2075 quod
1211 1992 1359 2077 subjecta

182 2104 336 2171 vinitoris
365 2118 398 2174 et
425 2102 570 2187 pecuarii
602 2105 750 2187 exempla
782 2103 969 2186 declarant3
1004 2123 1041 2169 ac
1072 2118 1185 2170 contra
1217 2104 1357 2170 naturali

183 2216 342 2298 aequitati
364 2229 642 2295 consentaneum,
661 2231 701 2281 ut
721 2215 884 2299 quusque
905 2214 949 2280 rei
970 2234 1043 2281 eum
1064 2230 1245 2299 sequantur
1265 2235 1359 2281 com-

181 2328 299 2416 moda,
331 2347 428 2410 quem
455 2342 640 2411 sequuntur
661 2324 888 2409 incommoda,
922 2325 1020 2393 tacita
1045 2326 1199 2411 pactione
1226 2327 1354 2411 (qualis

182 2439 216 2505 in
247 2437 423 2505 antichresi
451 2436 665 2522 intelligitur)
694 2436 847 2507 effectum
882 2436 1037 2521 videtur,
1079 2453 1116 2504 ut
1149 2436 1355 2520 respublica,

182 2564 336 2617 contenta
370 2550 481 2617 hostes
515 2548 585 2615 sine
618 2569 679 2616 suo
715 2563 828 2615 sumtu
861 2563 1018 2615 mactasse
1052 2548 1259 2628 infortunio,
1298 2548 1354 2632 jus

183 2680 279 2728 suurn
310 2660 345 2727 in
375 2680 426 2726 res
454 2660 591 2755 hostiles
626 2660 674 2727 illi
704 2660 905 2745 resignaret,
942 2659 1000 2743 qui
1032 2659 1180 2726 vicissim
1210 2660 1243 2725 in
1270 2678 1304 2726 se
1323 2658 1358 2725 id

181 2792 278 2839 omne
289 2771 475 2854 recepisset,
496 2771 588 2853 quod
598 2770 669 2855 ipsa
679 2772 810 2838 deberet
820 2785 994 2853 praestare.
1022 2758 1237 2837 Verissimum
1249 2784 1356 2836 autem

182 2898 249 2963 eat,
273 2882 364 2967 quod
385 2881 490 2950 nostri
509 2882 594 2966 juris
617 2882 985 2966 interpretes⁸docent,
1007 2881 1062 2965 jus
1083 2882 1162 2947 belli
1184 2900 1357 2947 commune

181 3008 214 3061 et
232 2993 399 3077 plerisque
427 2994 582 3078 gentibus
604 3007 774 3077 receptum
795 3010 923 3075 semper
945 2992 1151 3075 sequendum
1175 3011 1268 3074 esse,
1292 2992 1356 3057 nisi

178 3106 265 3194 'quid
289 3124 385 3173 secus
412 3119 470 3170 aut
496 3107 568 3189 lege
596 3120 653 3170 aut
682 3104 835 3187 pactione
862 3102 1035 3170 delinitum
1055 3103 1108 3169 sit.
1155 3102 1248 3191 Quid
1269 3101 1354 3168 cuim

182 3217 291 3283 obstat
315 3236 375 3283 cur
401 3236 492 3297 non,
526 3216 574 3280 uti
605 3215 742 3283 caeteris
772 3215 955 3296 derebus,
979 3214 1025 3281 ita
1046 3215 1086 3281 de
1107 3214 1224 3298 praeda
1245 3214 1356 3299 justae

180 3344 280 3411 atque
307 3327 470 3412 legitimae
502 3327 568 3393 sint
594 3328 763 3411 pactiones
781 3328 821 3393 ⁵⁴3
870 3328 981 3393 Potest
1010 3346 1087 3411 ergo
1109 3326 1294 3411 respublica
1318 3347 1356 3392 ex

182 3439 238 3505 illa
267 3439 361 3506 etiam
391 3439 533 3522 praeda,
565 3458 649 3521 quae
673 3438 811 3523 priuatis
833 3439 989 3522 impensis
1011 3437 1083 3505 sine
1105 3438 1251 3504 mercede
1270 3438 1357 3504 mili·

182 3550 321 3618 tantium
353 3551 503 3635 capitur,
534 3565 656 3634 partem
687 3550 830 3633 aliquam
866 3550 929 3616 sibi
963 3549 1141 3633 excipere⁵
1174 3564 1231 3617 aut
1263 3551 1355 3616 alteri

180 3661 314 3745 praemii
348 3664 422 3729 loco
454 3661 616 3747 assignare
635 3661 670 3745 ⁶,
706 3662 801 3745 quasi
833 3660 972 3743 quadam
1004 3662 1094 3745 J‘usta
1127 3661 1168 3726 ad
1201 3662 1352 3744 praedam

180 3817 372 3835 m

214 3883 222 3915 ¹
242 3885 342 3933 Calder.
359 3897 431 3933 cona.
449 3887 489 3940 85.
506 3884 564 3947 Joh.
582 3885 684 3946 Lupus,
701 3886 733 3934 de
751 3884 820 3932 bello
837 3886 860 3941 5.
878 3882 899 3930 sl
915 3882 1114 3931 beneadvertas.
1125 3879 1234 3946 [Ocean.
1244 3880 1356 3939 iunvol.

181 3975 220 4023 16.
236 3990 263 4035 p.
280 3974 350 4037 aaa]
368 3977 419 4038 Jas.
437 3974 463 4023 in
480 3978 497 4023 l.
516 3977 586 4035 quod
603 3977 670 4037 apud
679 3977 775 4025 hostes.
786 3976 817 4023 de
826 3972 924 4033 legatis.
938 3986 959 4022 ι.
971 3970 1015 4037 [D.
1027 3985 1066 4031 ³0·
1079 3986 1100 4021 r.
1110 3972 1146 4037 9.]
1168 3974 1256 4021 Franc.
1266 3987 1279 4022 a
1289 3974 1357 4034 Ripa

178 4063 206 4113 in
223 4068 241 4113 l.
260 4079 281 4113 ι.
299 4068 331 4114 de
348 4079 404 4125 acq.
423 4078 491 4126 poss.
510 4066 554 4128 [D.
572 4079 614 4127 41.
632 4066 669 4127 2.]
688 4078 714 4114 n.
733 4078 757 4121 5.
775 4066 882 4112 Coram.
900 4064 932 4112 ad
950 4064 974 4111 d.
991 4076 1014 4110 c.
1031 4075 1174 4124 peccatum.
1191 4076 1217 4123 p.
1237 4076 1260 4113 a·
1278 4066 1300 4121 ἱ.
1319 4076 1356 4114 ιι.

179 4157 254 4205 Adde
272 4155 339 4205 Hirr.
354 4154 454 4204 Bonfin.
471 4156 517 4205 lib.
538 4170 564 4217 4.
580 4160 637 4205 dec.
655 4169 678 4212 5.
712 4154 801 4203 ’Con
820 4168 841 4203 t.
857 4168 882 4217 9.
897 4168 937 4203 vs.
954 4166 977 4212 7.
995 4153 1070 4202 Adde
1089 4151 1181 4198 Marah.
1202 4162 1240 4197 ro.
1258 4162 1298 4198 vs.
1319 4164 1357 4198 10.

176 4245 278 4296 ¹Bald.
299 4246 326 4294 in
346 4249 365 4297 l.
387 4246 503 4308 adoptio.
523 4248 553 4295 C.
576 4250 609 4295 de
631 4248 720 4307 adopt.
739 4245 783 4308 [C.
807 4249 830 4293 8.
857 4248 899 4305 48.
917 4243 954 4307 4.]
980 4244 1054 4293 Adde
1077 4244 1134 4289 Soc.
1158 4239 1185 4288 in
1203 4242 1220 4287 l.
1241 4253 1262 4287 r.
1279 4239 1306 4287 ff.
1324 4242 1356 4289 dc

178 4350 235 4397 aeq.
257 4350 327 4397 poss.
349 4337 395 4400 [D.
411 4351 454 4399 41.
481 4336 517 4402 a]
546 4321 692 4387 calderia
719 4337 760 4385 tit.
786 4339 818 4386 de
844 4348 931 4397 treuga
957 4346 982 4382 et
999 4345 1072 4395 pace.
1095 4330 1185 4379 Thom.
1205 4331 1313 4379 Gramm.
1331 4334 1356 4380 d.

178 4422 259 4476 decis.
276 4440 318 4486 γι.
335 4441 360 4475 n.
380 4441 420 4477 rr.
436 4428 499 4477 silv.
517 4427 544 4477 in
561 4443 588 4477 v.
607 4428 714 4476 Bellum.
735 4427 761 4476 ln
774 4441 814 4489 pr.
847 4424 858 4457 ⁴
876 4427 928 4475 Bal.
947 4437 1017 4474 cons.
1037 4424 1094 4481 358·
1112 4423 1130 4470 1.
1148 4434 1172 4469 a.
1190 4433 1241 4481 arg.
1259 4424 1276 4468 Ι.
1294 4419 1356 4469 licet

179 4522 209 4568 C.
225 4519 365 4580 depactis.
385 4517 430 4584 [c.
446 4534 470 4569 2.
487 4517 574 4584 ³·19·]
611 4518 864 4582 ‘Covarndsmu
898 4511 1267 4573 α(Σοιιιι.(.“«ι11.1.ιο.ιίι.ι4.
1278 4524 1356 4562 art.r.

1208 4622 1244 4668 11
