3450 5434
520 659 567 706 DE
590 659 684 726 June
710 660 894 707 PRAEDAE.
918 660 997 709 CAP.
1023 662 1057 707 Χ.
1312 656 1372 721 157

204 813 344 881 dicitur:
368 830 466 895 quam
488 812 595 877 Varro
616 816 625 851 ¹
645 812 764 879 dictam
788 812 953 880 existimat
975 811 1067 896 quod
1088 830 1185 878 manu
1207 812 1373 895 pariatur,

205 945 307 1009 egoa
336 923 569 1007 prehendendo
600 923 711 991 verius
741 922 821 989 elisa
852 924 945 989 litera
979 924 1120 989 duriore.
1167 925 1283 1005 Itaque
1315 943 1374 1005 op·

204 1050 373 1119 ponuntur
396 1034 573 1120 publicari
601 1048 635 1101 et
667 1038 704 1098 in
721 1032 855 1119 praeda
878 1054 943 1099 esse
961 1032 983 1100 ².
1028 1032 1241 1101 Diversarum
1265 1048 1374 1099 autern

204 1146 374 1213 civitatum
406 1146 537 1213 diversa
565 1145 626 1210 hae
655 1144 690 1209 in
717 1164 752 1209 re
771 1144 922 1212 instituta
944 1159 1033 1212 sunt.
1076 1145 1129 1211 De
1149 1164 1188 1211 eo
1209 1143 1274 1209 sere
1297 1163 1374 1209 con-

204 1257 296 1324 venit
323 1276 417 1342 agros
447 1276 488 1321 ex
519 1255 672 1321 hostibus
698 1270 812 1338 captos
829 1255 863 1320 in
887 1256 1006 1339 praeda
1025 1275 1091 1321 non
1117 1274 1211 1337 esse,
1233 1255 1291 1320 sed
1312 1274 1375 1336 pu-

204 1367 317 1433 bliotri
337 1370 361 1436 ⁸.
409 1366 620 1434 Contrarium
650 1365 684 1430 in
716 1366 815 1431 rebus
836 1366 1017 1433 mobilibus
1040 1384 1142 1449 seque
1164 1365 1375 1431 moventibus

205 1491 371 1561 receptum
390 1476 546 1556 videtur,
569 1476 630 1542 hac
648 1476 745 1541 etiam
757 1475 904 1558 ratione,
929 1476 1083 1558 quianon
1095 1476 1175 1542 satis
1187 1474 1373 1559 expeditum

205 1605 256 1654 est
275 1608 382 1655 earum
403 1586 646 1671 possessionem
667 1606 685 1651 a
704 1586 845 1671 singulis
864 1586 1089 1653 detentoribus
1110 1605 1274 1651 revocare.
1298 1586 1374 1651 Huc
1388 1597 1464 1697 m
1465 1595 1511 1695 Ι,11.

207 1698 309 1785 igitur
337 1698 454 1764 melius
486 1717 584 1779 quam
613 1696 654 1761 ad
680 1696 822 1780 priorem
843 1696 935 1761 illum
957 1698 1067 1762 locum
1095 1696 1260 1779 pertinet,
1284 1697 1377 1778 quod
1487 1682 1495 1699 ’

203 1808 289 1894 juris
310 1808 418 1874 civilis
437 1822 470 1873 et
484 1806 649 1890 pontificii
673 1806 884 1889 interpretes,
909 1827 926 1871 e
942 1807 1106 1891 theologis
1118 1806 1213 1871 etiarn
1225 1806 1375 1874 nonnulli

206 1919 433 2004 produnt⁴res
453 1919 592 1986 mobiles
611 1917 764 1984 hostibus
785 1932 911 1999 ereptas
931 1917 1001 1983 fieri
1021 1917 1226 2002 singulorum
1246 1918 1375 2001 capien-

205 2030 302 2097 tium.
347 2030 386 2095 Id
417 2030 501 2095 enirn
531 2047 598 2094 non
629 2046 670 2094 ex
700 2027 855 2111 primario
888 2043 926 2095 ut
958 2027 1100 2094 diximus
1135 2028 1280 2113 gentium
1302 2028 1375 2111 jure

205 2140 376 2225 procedit,
408 2140 467 2207 sed
497 2159 539 2205 ex
558 2140 633 2223 jure
653 2138 823 2222 positivo,
848 2140 946 2222 cujus
969 2160 1042 2223 pars
1065 2159 1179 2225 magna
1196 2154 1273 2207 sunt
1297 2160 1376 2206 con·

206 2252 407 2318 suetudines.
452 2249 582 2316 Deinde
612 2267 678 2315 non
711 2268 751 2315 ex
782 2249 938 2316 condicto
969 2250 1082 2331 venit,
1116 2266 1155 2316 ut
1176 2251 1376 2334 respublicas

206 2362 353 2447 obliget,
375 2361 433 2427 sed
455 2360 549 2443 quasi
569 2358 711 2425 fortuito
731 2378 911 2442 consensu,
936 2381 1041 2443 aquo
1061 2360 1202 2445 singulis
1219 2362 1374 2445 populis,

205 2474 264 2539 ubi
295 2474 340 2538 ita
370 2471 523 2552 videtur,
556 2471 707 2536 recedere
740 2470 877 2541 liberum
900 2486 949 2537 est
969 2475 999 2536 ⁸:
1024 2486 1056 2538 et
1076 2472 1133 2537 ubi
1155 2474 1374 2553 observatur,

205 2602 274 2649 non
302 2582 425 2648 directa
452 2597 503 2647 est
525 2580 727 2663 acquisitio,
754 2581 812 2647 sed
835 2581 927 2647 brevi
953 2600 1060 2649 manu.
1105 2582 1273 2648 Praeterea
1295 2603 1376 2649 vero

207 2696 319 2779 regula
349 2693 411 2759 ista
443 2691 513 2759 sine
545 2690 733 2759 discrimine
755 2691 955 2758 admittenda
979 2711 1044 2759 non
1069 2708 1128 2759 est.
1174 2693 1295 2759 Praeda
1319 2708 1377 2759 aut

207 2804 242 2871 in
274 2824 415 2870 excursu
448 2818 506 2870 aut
539 2804 574 2871 in
607 2801 782 2886 procinctu
815 2802 958 2886 capitur.
1004 2802 1077 2868 Itali
1112 2804 1264 2869 doctores
1295 2802 1378 2869 illud
1391 2825 1514 2871 canaria.

205 2918 421 2996 carrariam,
444 2915 509 2981 hoc
530 2914 684 2979 butinam
712 2927 835 2979 vocant
853 2913 877 2978 ⁸.
921 2912 987 2979 Res
1016 2912 1156 2979 mobiles
1178 2914 1212 2978 in
1236 2932 1376 2979 excursu
1389 2878 1512 2925 ”mm

206 3038 336 3107 captas,
359 3043 426 3089 non
446 3024 578 3107 publica
596 3023 701 3090 totius
720 3022 883 3090 exercitus
901 3024 1044 3104 virtute,
1068 3023 1126 3089 sed
1144 3024 1377 3106 populabunda

205 3153 327 3216 manu,
350 3153 426 3200 cunr
447 3134 609 3219 ejusmodi
631 3134 797 3201 actionum
821 3134 899 3201 finis
919 3154 1020 3218 prope
1041 3132 1161 3201 unicus
1183 3134 1227 3199 sit
1248 3135 1377 3201 hostem

206 3244 325 3311 dannm
343 3244 492 3325 afficere,
516 3259 549 3309 et
570 3259 704 3327 propter
727 3244 952 3313 difficultatem
976 3244 1223 3328 inquisitionis,
1246 3244 1377 3327 capien-

206 3355 298 3422 tibus
319 3353 459 3439 singulis
490 3372 662 3422 concessas
685 3354 848 3435 arbitror,
882 3354 946 3421 nisi
970 3355 1060 3421 aliud
1083 3370 1191 3421 actum
1212 3368 1376 3437 appareat.

206 3465 324 3547 Atque
346 3464 392 3531 ita
413 3463 449 3531 in
469 3463 691 3549 singularibus
711 3465 980 3532 dimicationibus
1000 3466 1106 3548 spolia
1126 3466 1213 3533 hosti
1235 3464 1378 3531 detracta

240 3722 301 3773 ¹de
326 3723 388 3784 llng.
413 3724 467 3771 Lat.
493 3725 553 3780 bs.
572 3722 606 3785 [ς
626 3726 682 3781 178.
699 3725 741 3773 ed.
758 3723 848 3785 Muli]
883 3720 929 3771 ¹l.
947 3722 969 3771 si
988 3722 1114 3783 captivus.
1131 3727 1155 3783 ξ.
1175 3737 1197 3773 1.
1217 3721 1261 3787 [1).
1279 3738 1320 3787 49.
1341 3737 1379 3781 15.

206 3814 262 3876 ια]
282 3826 307 3863 et
324 3816 343 3862 l.
361 3814 384 3862 ti
407 3812 471 3873 quid
496 3812 576 3862 bello.
601 3812 632 3877 [l.
655 3813 709 3875 ab]
728 3815 786 3863 eod.
804 3814 844 3863 tit.
878 3811 937 3861 ⁸V.
955 3826 1031 3875 supra
1048 3815 1080 3863 ad
1098 3826 1163 3874 part.
1183 3828 1206 3863 1.
1224 3826 1270 3863 art.
1288 3828 1312 3863 a.
1329 3818 1380 3864 boc

206 3917 265 3965 cap.
281 3915 307 3953 et
325 3904 362 3952 lbi
386 3905 472 3951 locum
495 3903 627 3964 Procopii.
651 3904 727 3953 Duat·
752 3903 837 3952 latit.
856 3905 888 3953 de
905 3916 962 3964 req.
979 3916 1028 3952 rer.
1047 3905 1115 3953 dom.
1134 3904 1178 3967 [D.
1195 3918 1237 3966 41.
1257 3902 1293 3969 1.]
1313 3918 1336 3953 c.
1355 3918 1380 3963 ³·

207 3992 297 4051 cuiae.
316 3993 377 4042 Obt.
395 3996 412 4041 l.
433 4006 511 4054 141.
529 4007 553 4052 7.
586 3992 657 4042 ⁴01.
676 3994 703 4042 in
720 4008 743 4043 c.
762 3994 839 4044 sicut.
857 3994 890 4043 de
906 3992 1012 4051 iureiur.
1029 3995 1120 4044 lbom.
1137 3995 1182 4043 lib.
1201 4006 1225 4053 ³·
1243 3996 1273 4043 dc
1291 3994 1379 4055 regim.

205 4084 291 4132 Ptine.
318 4097 342 4132 c.
367 4097 392 4132 a.
417 4085 493 4133 Hadr.
516 4085 543 4132 in
568 4098 593 4146 4.
619 4096 683 4133 tent.
708 4095 781 4132 tract.
807 4086 839 4133 de
861 4095 921 4133 rest.
939 4088 961 4143 ς.
978 4084 1110 4145 aggredior
1126 4098 1207 4133 casua.
1224 4084 1292 4131 Flor.
1308 4096 1336 4144 p.
1355 4095 1379 4142 3.

204 4174 247 4223 tlt.
269 4188 295 4235 4
318 4187 343 4224 e.
370 4186 391 4222 1.
414 4175 472 4237 Job.
495 4172 590 4231 Major.
615 4172 642 4222 ln
667 4186 692 4234 4
718 4173 777 4222 diat.
806 4186 844 4230 ¹5·
870 4188 912 4235 qu.
940 4186 980 4223 ao.
1007 4176 1085 4236 Alpb.
1101 4187 1116 4222 a
1134 4175 1223 4222 Castro
1241 4172 1286 4222 llb.
1306 4186 1329 4221 a.
1346 4176 1379 4222 de

206 4262 267 4322 just.
283 4277 345 4325 pun.
364 4266 458 4313 haeret.
479 4277 501 4314 1.
521 4277 561 4325 14.
578 4264 658 4314 Andr.
675 4264 761 4324 Tinq.
779 4265 811 4313 de
824 4266 889 4325 legg.
907 4278 1000 4313 comm.
1015 4266 1033 4313 l.
1054 4278 1075 4314 1.
1093 4277 1118 4312 n.
1136 4263 1178 4326 46.
1196 4264 1303 4312 covarr.
1312 4264 1344 4311 ad
1353 4264 1378 4312 d.

212 4368 237 4404 c.
252 4365 388 4414 peceatum
405 4369 432 4416 p.
450 4368 474 4403 a.
491 4358 513 4413 ς.
534 4367 573 4403 11.
590 4354 660 4403 Vict.
677 4356 709 4404 de
725 4352 889 4411 iurabellin.
900 4367 940 4412 51.
973 4354 984 4387 ⁸
1001 4356 1032 4403 V.
1042 4368 1065 4403 c.
1076 4368 1099 4403 a.
1107 4356 1141 4403 ad
1149 4366 1200 4413 reg.
1211 4356 1234 4401 8.
1267 4352 1279 4385 ⁸
1296 4355 1377 4414 srlyc.

206 4444 234 4492 in
259 4446 277 4491 1.
299 4444 332 4491 ab
355 4444 480 4493 homibus.
505 4447 535 4493 c.
552 4447 584 4495 de
605 4457 673 4507 capt.
691 4443 736 4508 [c.
753 4448 778 4494 8.
796 4457 837 4501 st.
857 4444 908 4509 11.]
929 4445 1014 4495 etalii
1031 4444 1101 4494 citati
1120 4458 1133 4492 a
1151 4444 1242 4493 Thon.
1267 4446 1377 4493 Gramm.

206 4536 271 4583 Dec.
289 4546 332 4592 7¹·
348 4548 374 4582 o.
395 4537 434 4583 18.
