3450 5434
358 621 414 676 352
842 619 1050 660 Documenta.

356 805 399 850 est
422 793 617 866 Hispanorum
639 793 668 849 in
691 793 791 850 lnsulis
815 793 1008 866 Philippinis:
1031 807 1095 848 narn
1118 791 1195 848 illius
1217 790 1326 849 insulae
1347 807 1442 864 regern
1464 808 1531 850 curn

357 896 511 954 Hollandis
531 909 561 954 et
582 895 733 954 Zeelandis
754 897 897 969 negotiari
920 913 977 952 non
1001 895 1197 970 patiebantur.
1226 895 1328 968 ltaque
1351 913 1436 953 naves
1458 895 1532 954 duae

357 1001 587 1068 llollandorum,
609 1001 714 1073 quibus
737 1017 840 1057 nomen
864 999 1061 1072 Ultrajectum
1085 1010 1115 1056 et
1144 1001 1270 1068 Custos,
1291 1010 1320 1058 et
1341 1017 1414 1072 quae
1440 1017 1532 1074 prope

357 1107 512 1163 Ternatam
544 1107 573 1162 in
604 1106 737 1162 anchoris
769 1116 870 1172 erant,
901 1114 933 1162 ut
966 1119 1039 1160 onus
1071 1103 1253 1176 reciperent,
1291 1106 1388 1161 oneris
1420 1117 1530 1178 partem

356 1208 488 1267 deserere
508 1221 538 1266 et
558 1225 667 1266 summo
698 1208 829 1280 periculo
853 1223 889 1264 ex
913 1204 1005 1264 media
1031 1206 1157 1263 hostium
1184 1209 1271 1264 classe
1292 1205 1415 1265 evadere
1437 1210 1531 1266 coacti

356 1325 434 1370 sunt.
474 1312 539 1371 Nec
569 1311 720 1384 ignorabat
752 1311 976 1368 Hemskerckius
1007 1311 1162 1368 Lusitanos
1193 1311 1354 1368 Macaiinte
1383 1313 1412 1368 in
1442 1328 1532 1384 regno

358 1417 469 1473 Sinensi
498 1433 563 1472 cum
594 1413 749 1472 Hoilandis
778 1415 905 1486 viginti,
937 1415 988 1486 qui
1020 1412 1055 1471 ad
1077 1413 1185 1471 Neckii
1208 1417 1323 1472 classem
1346 1415 1532 1488 pertinebant

355 1532 471 1578 etcum
502 1519 670 1577 Sinensibus
700 1519 877 1592 negotiatori
906 1529 1007 1586 erant,
1035 1529 1092 1575 tarn
1122 1517 1282 1576 crudeliter
1311 1521 1418 1592 egisse,
1438 1531 1472 1578 ut
1493 1537 1530 1578 ex

356 1627 472 1683 illorum
501 1639 622 1681 numero
652 1621 845 1697 septendecim
868 1622 996 1678 homines
1018 1619 1239 1695 suspenderint,
1265 1623 1392 1695 reliquos
1414 1625 1530 1682 vinctos

356 1729 448 1786 Goam
475 1729 622 1785 miserint:
650 1739 796 1799 praeterea
826 1736 940 1782 constat
969 1726 999 1783 in
1029 1725 1232 1782 Cochinchina
1262 1726 1392 1784 homines
1420 1728 1529 1800 viginti

357 1831 416 1890 duo
447 1831 483 1890 de
514 1835 601 1890 classe
634 1828 808 1888 Hoilandica
839 1829 1045 1901 Groesbergii‚
1075 1831 1125 1902 qui
1159 1830 1369 1888 exscenderant
1395 1843 1430 1890 ut
1450 1833 1530 1890 varia

356 1946 503 2006 emerent,
539 1936 618 2008 jussu
656 1935 748 2006 regis,
788 1950 872 2007 quem
905 1934 1061 1990 monachus
1093 1934 1278 1992 Lusitanicus
1311 1936 1530 2004 stimulaverat,

356 2039 520 2098 trucidatos
541 2054 616 2096 esse:
638 2039 796 2110 capitaneis
818 2038 886 2094 solis
908 2048 1118 2111 pepercerunt,
1139 2054 1212 2110 quos
1233 2037 1301 2096 dein
1322 2039 1359 2096 ab
1377 2039 1530 2098 Hollandis

357 2142 469 2200 duobus
497 2143 649 2200 tormentis
669 2143 763 2198 aeneis
786 2139 888 2199 redimi
910 2144 1079 2200 voluerunt.
1122 2141 1242 2215 Insuper
1264 2155 1321 2200 tres
1343 2143 1473 2202 homines
1494 2143 1530 2203 de

357 2248 433 2315 illis,
460 2263 533 2319 quos
564 2245 788 2302 Hemskerclius
817 2246 846 2302 in
875 2247 973 2319 priore
1003 2247 1107 2304 itinere
1128 2244 1244 2304 Bandae
1266 2247 1443 2318 reliquerat,
1463 2265 1529 2305 cum

358 2351 494 2408 centurio
515 2367 564 2406 eos
585 2347 752 2421 negotiandi
774 2365 858 2406 causa
879 2348 915 2406 ad
937 2350 1057 2406 insulam
1081 2349 1242 2407 Ambonam
1264 2349 1404 2418 misisset,
1425 2353 1530 2409 acriter

357 2455 502 2528 persecuti
524 2466 592 2513 sunt
613 2464 642 2510 et
663 2470 753 2511 unum
776 2451 893 2526 quidem
916 2465 1042 2526 quatuor
1053 2455 1135 2526 equis
1146 2451 1304 2510 distentum
1316 2452 1530 2524 dilacerarunt,

359 2561 450 2617 ceteri
485 2571 520 2616 ut
555 2559 645 2615 vitam
685 2559 790 2614 salvam
829 2557 969 2614 haberent
1000 2558 1029 2613 in
1063 2559 1147 2614 silvas
1185 2558 1261 2614 inter
1293 2557 1369 2616 feros
1400 2558 1530 2616 homines

359 2663 491 2735 refugere
521 2662 614 2719 coacti
643 2672 721 2719 sunt.
763 2659 818 2718 Sed
848 2661 902 2718 alia
934 2671 1001 2718 sunt
1023 2671 1052 2718 et
1075 2661 1189 2734 peJ'ora,
1211 2661 1342 2734 inprimis
1363 2661 1444 2736 quod
1466 2679 1529 2736 per-

359 2777 512 2839 petrarunt
532 2765 562 2822 in
585 2763 714 2834 Tidore‚
733 2781 808 2837 quae
830 2782 889 2822 una
908 2775 952 2822 est
973 2764 1198 2834 Moluccarum,
1220 2766 1249 2822 iu
1271 2782 1373 2823 navem
1392 2767 1529 2840 praefecti

359 2870 516 2927 Baithasari
549 2867 693 2927 Cordesii.
736 2869 816 2926 Haec
846 2869 927 2924 navis
956 2868 1032 2925 enim
1064 2869 1104 2926 ita
1135 2885 1165 2925 se
1185 2868 1333 2927 Lusitanis
1356 2867 1531 2941 tradiderat,

358 2985 392 3031 ut
418 2974 514 3041 viros,
542 2974 594 3045 qui
622 2973 754 3040 inerant,
782 2975 875 3030 salvos
904 2972 966 3029 fore
994 2971 1143 3044 jurarent:
1171 2983 1201 3029 at
1230 2973 1273 3030 illi
1303 2977 1434 3046 neglecta
1456 2972 1530 3044 fide,

358 3078 429 3135 viris
449 3079 480 3134 in
502 3075 605 3134 ordine
636 3077 823 3148 constitutis,
853 3076 968 3134 cunctis
1000 3077 1125 3148 primum
1158 3075 1264 3151 pedes,
1294 3075 1362 3134 dein
1394 3078 1529 3149 brachia,

358 3183 463 3240 ultimo
482 3185 551 3240 loco
572 3182 668 3255 capita
688 3181 830 3254 amputari
851 3180 964 3253 jubent.
997 3179 1086 3238 lidem
1108 3192 1137 3237 et
1160 3180 1259 3253 Jacobi
1282 3181 1391 3240 Neclrii
1412 3184 1529 3242 classem

359 3284 494 3344 incendio
521 3285 617 3343 delere
645 3286 742 3343 conati
771 3297 840 3343 sunt
871 3294 901 3342 et
931 3284 1039 3341 Achini
1071 3300 1165 3356 regern
1192 3297 1365 3343 monuerant
1387 3299 1420 3344 ut
1442 3303 1529 3344 naves

359 3389 586 3459 Zeelandorum‚
616 3405 690 3462 quae
720 3391 792 3447 illuc
825 3385 993 3460 negotiandi
1026 3403 1110 3445 causa
1138 3400 1335 3458 accesserant,
1362 3388 1529 3460 invaderet,

358 3505 450 3567 atque
470 3495 509 3551 ita
530 3494 617 3550 multi
638 3493 695 3550 viri
717 3490 855 3550 trucidati
878 3502 957 3549 sunt.

401 3597 568 3654 Praefectus
596 3597 686 3670 igitur
715 3612 780 3654 curn
809 3594 859 3652 diu
891 3597 1073 3667 multumque
1094 3593 1278 3653 deliberasset
1300 3613 1366 3654 cum
1388 3600 1542 3668 consilio,

359 3699 474 3759 tandem
503 3703 631 3760 omnium
660 3717 801 3759 consensu
830 3698 963 3762 decrevit
990 3698 1137 3767 hostibus,
1158 3700 1207 3770 qui
1230 3699 1306 3773 ipsos
1328 3712 1385 3758 tam
1407 3701 1530 3775 superbe

359 3817 530 3864 tractassent
561 3817 591 3864 et
622 3817 668 3863 tot
699 3805 836 3862 molestiis
869 3803 1046 3870 affecissent,
1082 3820 1140 3860 non
1173 3813 1286 3861 tantum
1319 3806 1450 3863 resistere
1482 3805 1530 3864 sed

359 3915 441 3969 ultro
467 3927 515 3968 eos
543 3909 658 3982 aggredi
687 3919 717 3966 et
737 3907 817 3981 quod
837 3918 956 3981 possent
976 3905 1072 3964 damni
1095 3906 1217 3964 inferre:
1239 3921 1355 3966 constat
1376 3910 1453 3966 enim
1474 3911 1531 3968 hoc

361 4014 517 4072 remedium
545 4014 609 4086 jure
638 4023 755 4070 naturae
782 4021 812 4069 et
839 4011 968 4068 omnium
998 4011 1127 4082 gentium
1156 4012 1303 4083 permitti,
1334 4011 1423 4085 idque
1443 4016 1530 4072 etiam

361 4118 507 4193 praefecto
539 4118 567 4173 in
599 4113 743 4174 codicillis
776 4114 922 4188 Principis
955 4115 1091 4172 Mauritii
1132 4113 1296 4173 mandatum
1328 4117 1434 4175 fuisse:
1466 4135 1531 4176 narn

360 4238 437 4279 mare
468 4223 589 4279 liberum
621 4235 680 4276 esse
707 4217 811 4287 debet,
831 4231 866 4276 ut
889 4218 988 4276 lndica
1010 4222 1189 4291 negotiatio,
1210 4237 1284 4293 quae
1305 4221 1348 4278 his
1370 4222 1532 4293 provinciis

362 4325 514 4384 foederatis
542 4341 585 4382 res
613 4324 687 4380 tanti
719 4324 857 4380 momenti
881 4335 942 4392 est,
964 4324 1025 4380 sine
1046 4324 1153 4382 bellico
1177 4328 1305 4382 tumultu
1328 4327 1532 4384 continuetur.

361 4431 462 4504 Itaque
495 4428 724 4497 Hemslrerckio,
753 4430 802 4500 qui
835 4429 892 4486 hoc
923 4428 1047 4486 consilio
1078 4447 1144 4487 curn
1177 4427 1286 4486 duabus
1318 4429 1440 4488 navibus
1469 4435 1533 4488 vela
