3450 5434
451 665 498 712 nu
522 666 614 732 June
641 666 823 712 runcone.
849 669 928 713 cnr.
954 668 1002 715 xr.
1111 634 1112 637 ¹
1258 668 1318 734 179

138 819 392 902 profiterentur,
417 819 509 900 quod
531 821 719 887 nocentium
744 840 846 906 genus
871 836 920 886 est
943 822 1144 904 pessimum,
1167 820 1318 899 venirent

139 950 236 1015 saepe
255 931 290 999 in
307 950 424 1008 naves,
448 930 589 1013 benigne
609 930 851 1013 acciperentur,
876 948 1031 999 vocarent
1048 932 1210 1009 vicissim,
1234 952 1317 1014 quas

141 1042 264 1108 interea
297 1041 523 1125 proditiones,
556 1063 642 1123 quos
674 1043 769 1107 dolos
799 1044 1002 1124 struxerint,
1033 1062 1149 1127 operae
1178 1043 1318 1128 pretium

140 1168 191 1219 est
209 1152 342 1219 referre.
365 1153 571 1219 Rasadauma
590 1167 678 1232 erat,
702 1153 730 1220 is
750 1173 848 1235 quem
869 1152 960 1233 dixi,
985 1154 1109 1233 totius,
1129 1168 1167 1218 ut
1185 1153 1318 1235 quidem

139 1279 220 1330 tunc
254 1264 406 1331 Lusitani
438 1262 608 1339 ferebant,
628 1263 729 1348 Javae
752 1264 949 1332 dominator.
1000 1264 1173 1330 Caeterum
1197 1264 1318 1347 regulis

140 1376 339 1457 obsequium
362 1375 621 1442 detrectantibus
644 1395 717 1440 cum
743 1376 830 1441 bello
850 1376 1080 1457 contenderet,
1104 1394 1170 1441 non
1192 1390 1317 1441 tantum

141 1486 233 1570 regni
257 1474 404 1568 summa,
428 1486 487 1553 sed
510 1502 543 1551 et
565 1485 774 1553 fortunarum
798 1486 937 1551 maxima
959 1502 1049 1569 parte
1062 1486 1221 1553 excidisse
1233 1487 1320 1552 dicc-

140 1599 249 1663 batur.
294 1597 362 1663 Res
395 1611 445 1662 est
475 1597 628 1663 audaciae
659 1599 755 1679 plena
777 1599 810 1663 in
835 1598 968 1665 homine
999 1597 1103 1662 nobili
1135 1612 1318 1681 paupertas.

140 1708 201 1773 Ille
223 1709 334 1790 itaque
365 1728 425 1791 pro
448 1708 537 1773 omni
562 1708 689 1792 jactura
712 1709 779 1773 duo
803 1709 881 1773 baec
903 1724 1029 1774 tantum
1053 1722 1318 1792 comparaverat,

140 1839 303 1885 armorum
327 1819 497 1902 peritiam,
521 1834 643 1901 quanta
663 1820 697 1885 in
718 1822 789 1903 ejus
809 1819 916 1903 gentis
934 1820 1066 1885 bomine
1085 1838 1156 1884 esse
1175 1834 1318 1902 poterat,

141 1930 361 2013 singularem,
396 1945 430 1995 et
453 1930 544 2011 quod
566 1949 654 1996 nunc
678 1930 724 1996 ibi
749 1931 848 1997 rebus
872 1930 1048 2012 desperatis
1070 1930 1223 1995 ultimum
1246 1950 1319 2013 per·

140 2039 272 2125 fugium
294 2056 366 2121 est,
389 2041 623 2107 Lusitanorum
648 2040 857 2107 societatem:
881 2062 899 2107 a
919 2041 1041 2122 quibus
1060 2056 1130 2106 tum
1150 2042 1320 2107 colebatur

141 2152 240 2217 titulo
256 2152 473 2234 Imperatoris.
498 2153 598 2217 Hunc
618 2152 666 2217 illi
687 2168 808 2217 emtum
829 2153 862 2217 in
883 2153 1122 2219 Hollandorum
1143 2152 1318 2235 perniciem

141 2263 332 2328 Bantamum
364 2264 605 2346 perduxerant,
629 2264 688 2328 ubi
720 2279 789 2329 tum
812 2283 913 2331 naves
941 2279 1031 2329 erant
1054 2263 1246 2344 betoricae,
1270 2263 1319 2327 in·

142 2389 395 2456 struxerantquc
406 2376 537 2454 dolum,
563 2390 600 2440 ut
618 2375 824 2440 Rasadauma
837 2375 985 2440 invitatis
1005 2374 1044 2439 ad
1064 2377 1175 2457 epulas
1187 2374 1318 2439 navium

142 2484 284 2549 ducibus
299 2505 394 2566 mox,
413 2486 508 2567 quasi
520 2484 650 2552 eosdem
672 2486 865 2566 reduceret,
886 2504 986 2551 naves
999 2485 1178 2568 improviso
1192 2484 1316 2568 impetu

142 2595 336 2663 adoriretur.
394 2596 468 2662 Hoc
503 2595 685 2680 praefectus
718 2596 866 2661 bantami
913 2596 985 2662 sive
1027 2596 1182 2678 prodicus
1225 2597 1318 2680 (nam

144 2706 263 2789 pupilli
288 2707 420 2791 cognati
452 2706 583 2772 nomine
605 2727 742 2791 regnum
766 2706 1012 2790 administrat),
1037 2707 1133 2790 cuius
1157 2706 1318 2771 auxilium

142 2838 213 2882 eam
245 2818 288 2883 ad
317 2838 383 2883 rem
416 2818 570 2884 Lusitani
603 2833 841 2908 poposcerant,
876 2817 1017 2900 primum
1051 2838 1109 2899 per
1143 2816 1319 2897 nuntium,

141 2928 260 2995 deinde
293 2928 409 3013 legatis
432 2950 448 2995 e
472 2929 613 2995 navibus
646 2950 752 2995 coram
788 2928 857 3012 ipse
893 2928 1063 2995 indicavit.
1118 2928 1192 2993 Nec
1223 2947 1318 2993 secus

142 3060 241 3121 quam
273 3040 477 3122 praedixerat
508 3041 628 3107 evenit.
674 3041 859 3107 invitantur
892 3040 933 3105 ad
965 3039 1153 3105 condictum
1186 3038 1318 3105 Batavi:

142 3166 310 3218 excusant.
343 3152 441 3218 Unus
463 3152 697 3218 Lusitanorum
721 3153 838 3218 Petrus
862 3151 998 3233 Taid0,
1022 3152 1240 3236 gubernator,
1265 3150 1320 3215 dc-

142 3261 276 3328 vinctus
307 3263 443 3329 honesta
475 3262 725 3329 Hollandorum.
748 3262 989 3345 familiaritate,
1023 3262 1081 3330 tali
1105 3262 1245 3329 facinori
1270 3281 1320 3329 as-

141 3393 273 3439 sensum
297 3393 364 3439 non
386 3374 668 3440 commodaverat:
701 3375 789 3440 unde
816 3373 914 3440 veriti
938 3375 1056 3439 caeteri
1079 3395 1120 3439 ne
1143 3395 1201 3457 per
1225 3374 1317 3439 illum

142 3485 242 3549 dolus
274 3485 518 3567 enuntiaretur,
547 3486 696 3567 quinque
719 3505 854 3551 suorum
880 3504 1056 3552 enumero
1080 3486 1236 3567 mittunt,
1261 3484 1318 3566 qui

142 3616 295 3661 securum
328 3594 361 3662 in
394 3596 530 3663 aedibus
553 3597 623 3662 suis
647 3611 680 3661 et
701 3598 786 3662 lecto
811 3596 996 3663 trucident:
1030 3616 1089 3660 nec
1111 3596 1224 3661 sceleri
1245 3616 1320 3661 suc-

142 3724 258 3771 cessus
289 3704 406 3772 abfuit.
450 3708 563 3789 Atque
598 3707 849 3799 interimfelusa
882 3705 994 3772 fraude
1022 3706 1259 3773 Rasadaumam
1280 3706 1319 3773 ad

142 3817 317 3900 parandam
337 3818 547 3898 secumvim,
568 3819 853 3901 exomandamque
864 3820 998 3884 classem
1010 3816 1042 3881 in
1054 3816 1176 3900 oppido
1194 3817 1320 3901 Jacatra

142 3931 338 3995 hortantur:
365 3928 426 3996 sed
452 3930 553 4014 hujus
581 3930 677 3995 etiam
707 3929 837 3995 consilii
856 3929 938 3995 ordo
958 3928 1064 3995 omnis
1083 3948 1139 4011 per
1159 3927 1320 3995 Taidonis

143 4040 267 4106 mortui
294 4039 479 4107 ministrum
508 4039 673 4119 defertur,
697 4040 855 4121 quicum
880 4040 1053 4105 Hollandis
1074 4059 1203 4123 operam
1228 4059 1318 4107 suam

143 4150 346 4233 addixisset,
374 4150 578 4218 aLusitanis
607 4152 641 4218 in
677 4152 802 4235 oppido
833 4151 990 4217 Bantarno
1019 4150 1164 4234 pervim
1189 4164 1320 4233 ereptus

144 4276 178 4326 et
207 4261 324 4327 misere
356 4261 571 4329 discruciatus
603 4277 664 4329 est.
710 4263 880 4329 Videbant
913 4262 981 4329 fere
1004 4262 1155 4329 Lusitani
1178 4282 1213 4327 se
1236 4260 1319 4327 nihil

144 4372 344 4454 effecturos,
366 4373 498 4441 favente
517 4375 648 4441 Batavis
666 4376 803 4457 prodico
830 4374 1062 4447 Bantamensi:¹
1080 4374 1185 4458 ipsum
1208 4372 1319 4454 itaque

144 4484 231 4551 dolis
265 4500 298 4550 et
332 4486 429 4553 donis
462 4486 711 4572 aggrediuntur:
745 4507 805 4551 nec
840 4486 889 4552 illi
922 4507 940 4550 a
972 4486 1196 4568 qualicunque
1227 4486 1319 4551 lucro

1130 4599 1187 4661 12*
