<?xml version="1.0" encoding="UTF-8"?>
<!DOCTYPE html PUBLIC "-//W3C//DTD XHTML 1.0 Transitional//EN"
    "http://www.w3.org/TR/xhtml1/DTD/xhtml1-transitional.dtd">
<html xmlns="http://www.w3.org/1999/xhtml" xml:lang="en" lang="en">
 <head>
  <title>
</title>
<meta http-equiv="Content-Type" content="text/html;charset=utf-8" />
  <meta name='ocr-system' content='tesseract 3.04.00' />
  <meta name='ocr-capabilities' content='ocr_page ocr_carea ocr_par ocr_line ocrx_word'/>
</head>
<body>
  <div class='ocr_page' id='page_1' title='image "./ledroitdeprised02hamagoog_0187.png"; bbox 0 0 3450 5434; ppageno 0'>
   <div class='ocr_carea' id='block_1_1' title="bbox 470 631 1340 713">
    <p class='ocr_par' dir='ltr' id='par_1_1' title="bbox 470 631 1340 713">
     <span class='ocr_line' id='line_1_1' title="bbox 470 631 1340 713; baseline 0.001 -20"><span class='ocrx_word' id='word_1_1' title='bbox 470 645 518 693; x_wconf 84' lang='lat' dir='ltr'><strong>nn</strong></span> <span class='ocrx_word' id='word_1_2' title='bbox 541 645 635 713; x_wconf 80' lang='lat' dir='ltr'><strong>June</strong></span> <span class='ocrx_word' id='word_1_3' title='bbox 661 645 846 693; x_wconf 80' lang='lat' dir='ltr'><strong>rannone.</strong></span> <span class='ocrx_word' id='word_1_4' title='bbox 874 646 957 695; x_wconf 72' lang='lat' dir='ltr'><strong>cnr».</strong></span> <span class='ocrx_word' id='word_1_5' title='bbox 981 646 1033 694; x_wconf 86' lang='lat' dir='ltr'><strong>xr.</strong></span> <span class='ocrx_word' id='word_1_6' title='bbox 1279 631 1340 711; x_wconf 84' lang='lat'><strong>165</strong></span> 
     </span>
    </p>
   </div>
   <div class='ocr_carea' id='block_1_2' title="bbox 162 799 1498 4561">
    <p class='ocr_par' dir='ltr' id='par_1_2' title="bbox 162 799 1498 2779">
     <span class='ocr_line' id='line_1_2' title="bbox 162 799 1339 867; baseline 0 0"><span class='ocrx_word' id='word_1_7' title='bbox 162 819 280 867; x_wconf 91' lang='lat' dir='ltr'><strong>verum</strong></span> <span class='ocrx_word' id='word_1_8' title='bbox 313 800 401 865; x_wconf 92' lang='lat' dir='ltr'><strong>ultro</strong></span> <span class='ocrx_word' id='word_1_9' title='bbox 432 815 465 865; x_wconf 90' lang='lat' dir='ltr'><strong>et</strong></span> <span class='ocrx_word' id='word_1_10' title='bbox 495 801 560 865; x_wconf 90' lang='lat' dir='ltr'><strong>hos</strong></span> <span class='ocrx_word' id='word_1_11' title='bbox 596 799 779 867; x_wconf 87' lang='lat' dir='ltr'><strong>honoribus</strong></span> <span class='ocrx_word' id='word_1_12' title='bbox 813 816 1032 867; x_wconf 87' lang='lat' dir='ltr'><strong>remuneraret</strong></span> <span class='ocrx_word' id='word_1_13' title='bbox 1073 816 1105 867; x_wconf 95' lang='lat' dir='ltr'><strong>et</strong></span> <span class='ocrx_word' id='word_1_14' title='bbox 1145 800 1220 867; x_wconf 90' lang='lat' dir='ltr'><strong>illos</strong></span> <span class='ocrx_word' id='word_1_15' title='bbox 1251 800 1339 867; x_wconf 90' lang='lat' dir='ltr'><strong>omni</strong></span> 
     </span>
     <span class='ocr_line' id='line_1_3' title="bbox 164 910 1340 998; baseline 0.001 -21"><span class='ocrx_word' id='word_1_16' title='bbox 164 932 268 996; x_wconf 89' lang='lat' dir='ltr'><strong>opum</strong></span> <span class='ocrx_word' id='word_1_17' title='bbox 286 910 322 978; x_wconf 90' lang='lat' dir='ltr'><strong>vi</strong></span> <span class='ocrx_word' id='word_1_18' title='bbox 341 910 517 998; x_wconf 88' lang='lat' dir='ltr'><strong>affligeret,</strong></span> <span class='ocrx_word' id='word_1_19' title='bbox 540 911 587 978; x_wconf 92' lang='lat' dir='ltr'><strong>ita</strong></span> <span class='ocrx_word' id='word_1_20' title='bbox 605 927 644 978; x_wconf 90' lang='lat' dir='ltr'><strong>ut</strong></span> <span class='ocrx_word' id='word_1_21' title='bbox 657 912 796 979; x_wconf 90' lang='lat' dir='ltr'><strong>dubium</strong></span> <span class='ocrx_word' id='word_1_22' title='bbox 816 928 903 979; x_wconf 89' lang='lat' dir='ltr'><strong>esset</strong></span> <span class='ocrx_word' id='word_1_23' title='bbox 920 912 1043 980; x_wconf 88' lang='lat' dir='ltr'><strong>nemini</strong></span> <span class='ocrx_word' id='word_1_24' title='bbox 1066 933 1103 980; x_wconf 89' lang='lat' dir='ltr'><strong>ac</strong></span> <span class='ocrx_word' id='word_1_25' title='bbox 1119 932 1161 979; x_wconf 88' lang='lat' dir='ltr'><strong>ne</strong></span> <span class='ocrx_word' id='word_1_26' title='bbox 1180 912 1251 997; x_wconf 89' lang='lat' dir='ltr'><strong>ipse</strong></span> <span class='ocrx_word' id='word_1_27' title='bbox 1265 913 1340 995; x_wconf 91' lang='lat' dir='ltr'><strong>qui-</strong></span> 
     </span>
     <span class='ocr_line' id='line_1_4' title="bbox 164 1023 1339 1110; baseline -0.001 -20"><span class='ocrx_word' id='word_1_28' title='bbox 164 1025 240 1090; x_wconf 90' lang='lat' dir='ltr'><strong>dem</strong></span> <span class='ocrx_word' id='word_1_29' title='bbox 271 1023 514 1105; x_wconf 80' lang='lat' dir='ltr'><strong>dissimularet,</strong></span> <span class='ocrx_word' id='word_1_30' title='bbox 538 1024 661 1089; x_wconf 90' lang='lat' dir='ltr'><strong>bellum</strong></span> <span class='ocrx_word' id='word_1_31' title='bbox 689 1023 722 1089; x_wconf 92' lang='lat' dir='ltr'><strong>in</strong></span> <span class='ocrx_word' id='word_1_32' title='bbox 745 1024 886 1091; x_wconf 90' lang='lat' dir='ltr'><strong>Batavos</strong></span> <span class='ocrx_word' id='word_1_33' title='bbox 909 1044 971 1091; x_wconf 89' lang='lat' dir='ltr'><strong>suo</strong></span> <span class='ocrx_word' id='word_1_34' title='bbox 991 1027 1111 1110; x_wconf 90' lang='lat' dir='ltr'><strong>jussu,</strong></span> <span class='ocrx_word' id='word_1_35' title='bbox 1136 1024 1206 1090; x_wconf 90' lang='lat' dir='ltr'><strong>suis</strong></span> <span class='ocrx_word' id='word_1_36' title='bbox 1229 1024 1339 1107; x_wconf 91' lang='lat' dir='ltr'><strong>auspi·</strong></span> 
     </span>
     <span class='ocr_line' id='line_1_5' title="bbox 166 1133 1341 1220; baseline 0.001 -20"><span class='ocrx_word' id='word_1_37' title='bbox 166 1134 228 1200; x_wconf 92' lang='lat' dir='ltr'><strong>ciis</strong></span> <span class='ocrx_word' id='word_1_38' title='bbox 257 1134 395 1217; x_wconf 92' lang='lat' dir='ltr'><strong>suisque</strong></span> <span class='ocrx_word' id='word_1_39' title='bbox 425 1133 591 1201; x_wconf 88' lang='lat' dir='ltr'><strong>sumtibus</strong></span> <span class='ocrx_word' id='word_1_40' title='bbox 620 1134 709 1219; x_wconf 90' lang='lat' dir='ltr'><strong>geri,</strong></span> <span class='ocrx_word' id='word_1_41' title='bbox 742 1136 829 1201; x_wconf 91' lang='lat' dir='ltr'><strong>unde</strong></span> <span class='ocrx_word' id='word_1_42' title='bbox 859 1136 1030 1219; x_wconf 90' lang='lat' dir='ltr'><strong>imperium</strong></span> <span class='ocrx_word' id='word_1_43' title='bbox 1064 1134 1211 1220; x_wconf 87' lang='lat' dir='ltr'><strong>legitimo</strong></span> <span class='ocrx_word' id='word_1_44' title='bbox 1235 1136 1341 1219; x_wconf 88' lang='lat' dir='ltr'><strong>majus</strong></span> 
     </span>
     <span class='ocr_line' id='line_1_6' title="bbox 165 1244 1339 1330; baseline 0 -19"><span class='ocrx_word' id='word_1_45' title='bbox 165 1266 224 1330; x_wconf 86' lang='lat' dir='ltr'><strong>per</strong></span> <span class='ocrx_word' id='word_1_46' title='bbox 246 1266 334 1311; x_wconf 92' lang='lat' dir='ltr'><strong>arma</strong></span> <span class='ocrx_word' id='word_1_47' title='bbox 355 1244 504 1312; x_wconf 82' lang='lat' dir='ltr'><strong>affectare</strong></span> <span class='ocrx_word' id='word_1_48' title='bbox 532 1246 729 1326; x_wconf 90' lang='lat' dir='ltr'><strong>videbatur,</strong></span> <span class='ocrx_word' id='word_1_49' title='bbox 752 1248 855 1313; x_wconf 90' lang='lat' dir='ltr'><strong>telum</strong></span> <span class='ocrx_word' id='word_1_50' title='bbox 877 1246 959 1314; x_wconf 92' lang='lat' dir='ltr'><strong>illud</strong></span> <span class='ocrx_word' id='word_1_51' title='bbox 984 1246 1136 1312; x_wconf 89' lang='lat' dir='ltr'><strong>ultimum</strong></span> <span class='ocrx_word' id='word_1_52' title='bbox 1166 1264 1339 1329; x_wconf 87' lang='lat' dir='ltr'>oppressae</span> 
     </span>
     <span class='ocr_line' id='line_1_7' title="bbox 165 1356 1340 1443; baseline -0.001 -20"><span class='ocrx_word' id='word_1_53' title='bbox 165 1356 350 1438; x_wconf 86' lang='lat' dir='ltr'><strong>libertatis,</strong></span> <span class='ocrx_word' id='word_1_54' title='bbox 374 1357 465 1439; x_wconf 92' lang='lat' dir='ltr'><strong>quod</strong></span> <span class='ocrx_word' id='word_1_55' title='bbox 488 1357 637 1443; x_wconf 84' lang='lat' dir='ltr'><strong>Belgicae</strong></span> <span class='ocrx_word' id='word_1_56' title='bbox 657 1359 748 1441; x_wconf 92' lang='lat' dir='ltr'><strong>leges</strong></span> <span class='ocrx_word' id='word_1_57' title='bbox 764 1357 886 1423; x_wconf 88' lang='lat' dir='ltr'><strong>diserte</strong></span> <span class='ocrx_word' id='word_1_58' title='bbox 906 1358 1114 1439; x_wconf 89' lang='lat' dir='ltr'><strong>concedunt,</strong></span> <span class='ocrx_word' id='word_1_59' title='bbox 1128 1372 1165 1423; x_wconf 95' lang='lat' dir='ltr'><strong>ut</strong></span> <span class='ocrx_word' id='word_1_60' title='bbox 1184 1356 1340 1424; x_wconf 91' lang='lat' dir='ltr'><strong>domesti-</strong></span> 
     </span>
     <span class='ocr_line' id='line_1_8' title="bbox 165 1460 1498 1552; baseline 0.002 -18"><span class='ocrx_word' id='word_1_61' title='bbox 165 1488 222 1535; x_wconf 88' lang='lat' dir='ltr'><strong>cae</strong></span> <span class='ocrx_word' id='word_1_62' title='bbox 242 1465 380 1534; x_wconf 86' lang='lat' dir='ltr'><strong>insidiae</strong></span> <span class='ocrx_word' id='word_1_63' title='bbox 401 1469 584 1534; x_wconf 80' lang='lat' dir='ltr'><strong>vitarentur</strong></span> <span class='ocrx_word' id='word_1_64' title='bbox 607 1467 790 1535; x_wconf 90' lang='lat' dir='ltr'><strong>necessario</strong></span> <span class='ocrx_word' id='word_1_65' title='bbox 814 1483 1007 1552; x_wconf 89' lang='lat' dir='ltr'><strong>usurpatum</strong></span> <span class='ocrx_word' id='word_1_66' title='bbox 1030 1484 1091 1535; x_wconf 90' lang='lat' dir='ltr'><strong>est.</strong></span> <span class='ocrx_word' id='word_1_67' title='bbox 1138 1469 1186 1534; x_wconf 89' lang='lat' dir='ltr'><strong>Ita</strong></span> <span class='ocrx_word' id='word_1_68' title='bbox 1208 1467 1339 1537; x_wconf 90' lang='lat' dir='ltr'><strong>decreto</strong></span> <span class='ocrx_word' id='word_1_69' title='bbox 1351 1460 1421 1509; x_wconf 68' lang='lat'><strong>‘¹¹¹⁸‘</strong></span> <span class='ocrx_word' id='word_1_70' title='bbox 1436 1464 1498 1518; x_wconf 77' lang='lat'><strong>¹⁵⁸¹·</strong></span> 
     </span>
     <span class='ocr_line' id='line_1_9' title="bbox 169 1578 1339 1664; baseline 0 -19"><span class='ocrx_word' id='word_1_71' title='bbox 169 1579 334 1645; x_wconf 91' lang='lat' dir='ltr'><strong>Ordinum</strong></span> <span class='ocrx_word' id='word_1_72' title='bbox 363 1579 503 1662; x_wconf 91' lang='lat' dir='ltr'><strong>potioris</strong></span> <span class='ocrx_word' id='word_1_73' title='bbox 524 1578 628 1664; x_wconf 86' lang='lat' dir='ltr'><strong>Belgii</strong></span> <span class='ocrx_word' id='word_1_74' title='bbox 652 1578 778 1663; x_wconf 87' lang='lat' dir='ltr'><strong>partis,</strong></span> <span class='ocrx_word' id='word_1_75' title='bbox 802 1595 834 1645; x_wconf 91' lang='lat' dir='ltr'><strong>et</strong></span> <span class='ocrx_word' id='word_1_76' title='bbox 856 1579 989 1662; x_wconf 89' lang='lat' dir='ltr'><strong>quidem</strong></span> <span class='ocrx_word' id='word_1_77' title='bbox 1015 1598 1124 1645; x_wconf 88' lang='lat' dir='ltr'><strong>earum</strong></span> <span class='ocrx_word' id='word_1_78' title='bbox 1145 1579 1339 1663; x_wconf 89' lang='lat' dir='ltr'><strong>nationum,</strong></span> 
     </span>
     <span class='ocr_line' id='line_1_10' title="bbox 167 1689 1340 1775; baseline 0.002 -20"><span class='ocrx_word' id='word_1_79' title='bbox 167 1689 388 1773; x_wconf 90' lang='lat' dir='ltr'><strong>quibusdum</strong></span> <span class='ocrx_word' id='word_1_80' title='bbox 410 1689 528 1773; x_wconf 90' lang='lat' dir='ltr'><strong>licuit,</strong></span> <span class='ocrx_word' id='word_1_81' title='bbox 552 1691 616 1757; x_wconf 91' lang='lat' dir='ltr'><strong>hoc</strong></span> <span class='ocrx_word' id='word_1_82' title='bbox 639 1705 747 1758; x_wconf 91' lang='lat' dir='ltr'><strong>autem</strong></span> <span class='ocrx_word' id='word_1_83' title='bbox 769 1707 819 1758; x_wconf 89' lang='lat' dir='ltr'><strong>est</strong></span> <span class='ocrx_word' id='word_1_84' title='bbox 839 1706 891 1756; x_wconf 94' lang='lat' dir='ltr'><strong>tot</strong></span> <span class='ocrx_word' id='word_1_85' title='bbox 911 1692 976 1775; x_wconf 87' lang='lat' dir='ltr'><strong>jam</strong></span> <span class='ocrx_word' id='word_1_86' title='bbox 989 1690 1150 1767; x_wconf 89' lang='lat' dir='ltr'><strong>saeculis,</strong></span> <span class='ocrx_word' id='word_1_87' title='bbox 1174 1690 1340 1757; x_wconf 82' lang='lat' dir='ltr'><strong>nullasuit</strong></span> 
     </span>
     <span class='ocr_line' id='line_1_11' title="bbox 167 1801 1341 1888; baseline 0.002 -21"><span class='ocrx_word' id='word_1_88' title='bbox 167 1801 322 1885; x_wconf 88' lang='lat' dir='ltr'><strong>obsequii</strong></span> <span class='ocrx_word' id='word_1_89' title='bbox 346 1822 422 1886; x_wconf 87' lang='lat' dir='ltr'><strong>erga</strong></span> <span class='ocrx_word' id='word_1_90' title='bbox 450 1801 619 1885; x_wconf 88' lang='lat' dir='ltr'><strong>Principes</strong></span> <span class='ocrx_word' id='word_1_91' title='bbox 638 1802 855 1883; x_wconf 89' lang='lat' dir='ltr'><strong>retinentior,</strong></span> <span class='ocrx_word' id='word_1_92' title='bbox 878 1802 1052 1886; x_wconf 86' lang='lat' dir='ltr'><strong>Philippus</strong></span> <span class='ocrx_word' id='word_1_93' title='bbox 1074 1802 1105 1867; x_wconf 94' lang='lat' dir='ltr'><strong>Il</strong></span> <span class='ocrx_word' id='word_1_94' title='bbox 1127 1801 1229 1888; x_wconf 87' lang='lat' dir='ltr'><strong>Belgii</strong></span> <span class='ocrx_word' id='word_1_95' title='bbox 1250 1802 1341 1887; x_wconf 89' lang='lat' dir='ltr'><strong>prin·</strong></span> 
     </span>
     <span class='ocr_line' id='line_1_12' title="bbox 167 1912 1340 1998; baseline 0.002 -20"><span class='ocrx_word' id='word_1_96' title='bbox 167 1913 281 1997; x_wconf 89' lang='lat' dir='ltr'><strong>cipatu</strong></span> <span class='ocrx_word' id='word_1_97' title='bbox 300 1926 421 1978; x_wconf 81' lang='lat' dir='ltr'><strong>exutus</strong></span> <span class='ocrx_word' id='word_1_98' title='bbox 443 1928 513 1994; x_wconf 91' lang='lat' dir='ltr'><strong>est,</strong></span> <span class='ocrx_word' id='word_1_99' title='bbox 536 1913 570 1979; x_wconf 87' lang='lat' dir='ltr'><strong>in</strong></span> <span class='ocrx_word' id='word_1_100' title='bbox 595 1912 758 1979; x_wconf 90' lang='lat' dir='ltr'><strong>Ordinum</strong></span> <span class='ocrx_word' id='word_1_101' title='bbox 779 1912 950 1998; x_wconf 89' lang='lat' dir='ltr'><strong>imperium</strong></span> <span class='ocrx_word' id='word_1_102' title='bbox 975 1913 1131 1980; x_wconf 90' lang='lat' dir='ltr'><strong>adversus</strong></span> <span class='ocrx_word' id='word_1_103' title='bbox 1149 1913 1340 1998; x_wconf 88' lang='lat' dir='ltr'><strong>Philippum</strong></span> 
     </span>
     <span class='ocr_line' id='line_1_13' title="bbox 166 2023 1340 2110; baseline 0.001 -20"><span class='ocrx_word' id='word_1_104' title='bbox 166 2023 270 2110; x_wconf 86' lang='lat' dir='ltr'><strong>jurari</strong></span> <span class='ocrx_word' id='word_1_105' title='bbox 301 2025 428 2108; x_wconf 87' lang='lat' dir='ltr'><strong>coepit:</strong></span> <span class='ocrx_word' id='word_1_106' title='bbox 460 2044 602 2107; x_wconf 90' lang='lat' dir='ltr'><strong>cumque</strong></span> <span class='ocrx_word' id='word_1_107' title='bbox 624 2025 679 2090; x_wconf 89' lang='lat' dir='ltr'><strong>ille</strong></span> <span class='ocrx_word' id='word_1_108' title='bbox 704 2045 771 2090; x_wconf 89' lang='lat' dir='ltr'><strong>non</strong></span> <span class='ocrx_word' id='word_1_109' title='bbox 794 2027 893 2091; x_wconf 90' lang='lat' dir='ltr'><strong>modo</strong></span> <span class='ocrx_word' id='word_1_110' title='bbox 915 2026 1003 2091; x_wconf 90' lang='lat' dir='ltr'><strong>bello</strong></span> <span class='ocrx_word' id='word_1_111' title='bbox 1025 2027 1130 2092; x_wconf 86' lang='lat' dir='ltr'><strong>multo</strong></span> <span class='ocrx_word' id='word_1_112' title='bbox 1151 2044 1248 2107; x_wconf 87' lang='lat' dir='ltr'><strong>quam</strong></span> <span class='ocrx_word' id='word_1_113' title='bbox 1267 2041 1340 2092; x_wconf 90' lang='lat' dir='ltr'><strong>ante</strong></span> 
     </span>
     <span class='ocr_line' id='line_1_14' title="bbox 168 2135 1341 2220; baseline 0.002 -20"><span class='ocrx_word' id='word_1_114' title='bbox 168 2136 277 2202; x_wconf 91' lang='lat' dir='ltr'><strong>acrius</strong></span> <span class='ocrx_word' id='word_1_115' title='bbox 306 2150 405 2219; x_wconf 89' lang='lat' dir='ltr'><strong>atque</strong></span> <span class='ocrx_word' id='word_1_116' title='bbox 434 2135 585 2202; x_wconf 82' lang='lat' dir='ltr'><strong>acerbius</strong></span> <span class='ocrx_word' id='word_1_117' title='bbox 616 2135 774 2218; x_wconf 88' lang='lat' dir='ltr'><strong>instaret,</strong></span> <span class='ocrx_word' id='word_1_118' title='bbox 806 2156 920 2202; x_wconf 91' lang='lat' dir='ltr'><strong>verum</strong></span> <span class='ocrx_word' id='word_1_119' title='bbox 951 2150 983 2203; x_wconf 92' lang='lat' dir='ltr'><strong>et</strong></span> <span class='ocrx_word' id='word_1_120' title='bbox 1005 2156 1214 2220; x_wconf 85' lang='lat' dir='ltr'><strong>percussores</strong></span> <span class='ocrx_word' id='word_1_121' title='bbox 1236 2152 1341 2203; x_wconf 92' lang='lat' dir='ltr'><strong>emtos</strong></span> 
     </span>
     <span class='ocr_line' id='line_1_15' title="bbox 169 2246 1341 2331; baseline 0.001 -19"><span class='ocrx_word' id='word_1_122' title='bbox 169 2246 255 2313; x_wconf 90' lang='lat' dir='ltr'><strong>inter</strong></span> <span class='ocrx_word' id='word_1_123' title='bbox 284 2247 419 2330; x_wconf 90' lang='lat' dir='ltr'><strong>publica</strong></span> <span class='ocrx_word' id='word_1_124' title='bbox 448 2267 534 2312; x_wconf 90' lang='lat' dir='ltr'><strong>arma</strong></span> <span class='ocrx_word' id='word_1_125' title='bbox 566 2246 599 2312; x_wconf 95' lang='lat' dir='ltr'><strong>in</strong></span> <span class='ocrx_word' id='word_1_126' title='bbox 630 2249 740 2331; x_wconf 91' lang='lat' dir='ltr'><strong>legum</strong></span> <span class='ocrx_word' id='word_1_127' title='bbox 769 2246 919 2314; x_wconf 87' lang='lat' dir='ltr'><strong>vindices</strong></span> <span class='ocrx_word' id='word_1_128' title='bbox 948 2246 1156 2327; x_wconf 87' lang='lat' dir='ltr'><strong>immitteret,</strong></span> <span class='ocrx_word' id='word_1_129' title='bbox 1190 2264 1341 2331; x_wconf 87' lang='lat' dir='ltr'><strong>suscepta</strong></span> 
     </span>
     <span class='ocr_line' id='line_1_16' title="bbox 170 2356 1341 2442; baseline 0.001 -20"><span class='ocrx_word' id='word_1_130' title='bbox 170 2373 284 2424; x_wconf 90' lang='lat' dir='ltr'><strong>contra</strong></span> <span class='ocrx_word' id='word_1_131' title='bbox 315 2356 465 2424; x_wconf 88' lang='lat' dir='ltr'><strong>defensio</strong></span> <span class='ocrx_word' id='word_1_132' title='bbox 488 2359 532 2424; x_wconf 93' lang='lat' dir='ltr'><strong>ob</strong></span> <span class='ocrx_word' id='word_1_133' title='bbox 559 2359 686 2442; x_wconf 89' lang='lat' dir='ltr'><strong>justum</strong></span> <span class='ocrx_word' id='word_1_134' title='bbox 710 2356 830 2423; x_wconf 88' lang='lat' dir='ltr'><strong>infidae</strong></span> <span class='ocrx_word' id='word_1_135' title='bbox 849 2358 940 2441; x_wconf 87' lang='lat' dir='ltr'><strong>pacis</strong></span> <span class='ocrx_word' id='word_1_136' title='bbox 957 2373 1077 2424; x_wconf 78' lang='lat' dir='ltr'><strong>metunt</strong></span> <span class='ocrx_word' id='word_1_137' title='bbox 1100 2358 1132 2424; x_wconf 94' lang='lat' dir='ltr'><strong>in</strong></span> <span class='ocrx_word' id='word_1_138' title='bbox 1156 2361 1236 2425; x_wconf 87' lang='lat' dir='ltr'><strong>haec</strong></span> <span class='ocrx_word' id='word_1_139' title='bbox 1260 2374 1341 2423; x_wconf 89' lang='lat' dir='ltr'><strong>tem·</strong></span> 
     </span>
     <span class='ocr_line' id='line_1_17' title="bbox 170 2469 1408 2555; baseline -0.001 -19"><span class='ocrx_word' id='word_1_140' title='bbox 170 2490 252 2554; x_wconf 93' lang='lat' dir='ltr'><strong>pora</strong></span> <span class='ocrx_word' id='word_1_141' title='bbox 280 2469 414 2536; x_wconf 88' lang='lat' dir='ltr'><strong>ducitur</strong></span> <span class='ocrx_word' id='word_1_142' title='bbox 443 2470 601 2536; x_wconf 87' lang='lat' dir='ltr'><strong>adversus</strong></span> <span class='ocrx_word' id='word_1_143' title='bbox 629 2469 821 2553; x_wconf 90' lang='lat' dir='ltr'><strong>Philippum</strong></span> <span class='ocrx_word' id='word_1_144' title='bbox 850 2469 900 2536; x_wconf 92' lang='grc' dir='ltr'><strong>ΙΙΙ</strong></span> <span class='ocrx_word' id='word_1_145' title='bbox 928 2469 1160 2553; x_wconf 87' lang='lat' dir='ltr'><strong>Hispaniarum</strong></span> <span class='ocrx_word' id='word_1_146' title='bbox 1192 2470 1341 2555; x_wconf 80' lang='lat' dir='ltr'><strong>Regem,</strong></span> <span class='ocrx_word' id='word_1_147' title='bbox 1405 2500 1408 2508; x_wconf 54' lang='lat'>1</span> 
     </span>
     <span class='ocr_line' id='line_1_18' title="bbox 170 2580 1340 2666; baseline -0.002 -19"><span class='ocrx_word' id='word_1_148' title='bbox 170 2582 308 2648; x_wconf 90' lang='lat' dir='ltr'><strong>secundi</strong></span> <span class='ocrx_word' id='word_1_149' title='bbox 328 2580 433 2647; x_wconf 87' lang='lat' dir='ltr'><strong>filium</strong></span> <span class='ocrx_word' id='word_1_150' title='bbox 455 2596 488 2647; x_wconf 92' lang='lat' dir='ltr'><strong>et</strong></span> <span class='ocrx_word' id='word_1_151' title='bbox 509 2600 748 2662; x_wconf 88' lang='lat' dir='ltr'><strong>successorem,</strong></span> <span class='ocrx_word' id='word_1_152' title='bbox 768 2582 907 2666; x_wconf 88' lang='lat' dir='ltr'><strong>ejusque</strong></span> <span class='ocrx_word' id='word_1_153' title='bbox 928 2600 1071 2649; x_wconf 89' lang='lat' dir='ltr'><strong>sororem</strong></span> <span class='ocrx_word' id='word_1_154' title='bbox 1084 2580 1253 2646; x_wconf 88' lang='lat' dir='ltr'><strong>Isabellam</strong></span> <span class='ocrx_word' id='word_1_155' title='bbox 1267 2600 1340 2647; x_wconf 89' lang='lat' dir='ltr'><strong>curn</strong></span> 
     </span>
     <span class='ocr_line' id='line_1_19' title="bbox 172 2692 1343 2779; baseline -0.001 -21"><span class='ocrx_word' id='word_1_156' title='bbox 172 2692 314 2759; x_wconf 85' lang='lat' dir='ltr'><strong>Alberto</strong></span> <span class='ocrx_word' id='word_1_157' title='bbox 346 2692 523 2760; x_wconf 90' lang='lat' dir='ltr'><strong>Austriaco</strong></span> <span class='ocrx_word' id='word_1_158' title='bbox 545 2694 616 2778; x_wconf 85' lang='lat' dir='ltr'><strong>ejus</strong></span> <span class='ocrx_word' id='word_1_159' title='bbox 638 2693 801 2779; x_wconf 87' lang='lat' dir='ltr'><strong>conjuge,</strong></span> <span class='ocrx_word' id='word_1_160' title='bbox 826 2692 949 2775; x_wconf 92' lang='lat' dir='ltr'><strong>quibus</strong></span> <span class='ocrx_word' id='word_1_161' title='bbox 969 2692 1025 2775; x_wconf 86' lang='lat' dir='ltr'><strong>jus</strong></span> <span class='ocrx_word' id='word_1_162' title='bbox 1045 2692 1149 2777; x_wconf 90' lang='lat' dir='ltr'><strong>Belgii</strong></span> <span class='ocrx_word' id='word_1_163' title='bbox 1177 2708 1343 2759; x_wconf 88' lang='lat' dir='ltr'><strong>contracta</strong></span> 
     </span>
    </p>

    <p class='ocr_par' dir='ltr' id='par_1_3' title="bbox 170 2802 1340 2998">
     <span class='ocr_line' id='line_1_20' title="bbox 171 2802 1340 2888; baseline -0.003 -17"><span class='ocrx_word' id='word_1_164' title='bbox 171 2819 209 2871; x_wconf 90' lang='lat' dir='ltr'><strong>ut</strong></span> <span class='ocrx_word' id='word_1_165' title='bbox 235 2803 367 2871; x_wconf 89' lang='lat' dir='ltr'><strong>videtur</strong></span> <span class='ocrx_word' id='word_1_166' title='bbox 398 2802 519 2870; x_wconf 87' lang='lat' dir='ltr'><strong>fiducia</strong></span> <span class='ocrx_word' id='word_1_167' title='bbox 548 2804 796 2887; x_wconf 90' lang='lat' dir='ltr'><strong>transscriptum</strong></span> <span class='ocrx_word' id='word_1_168' title='bbox 829 2819 899 2884; x_wconf 89' lang='lat' dir='ltr'><strong>est,</strong></span> <span class='ocrx_word' id='word_1_169' title='bbox 931 2822 1110 2888; x_wconf 89' lang='lat' dir='ltr'><strong>omnesque</strong></span> <span class='ocrx_word' id='word_1_170' title='bbox 1133 2822 1189 2869; x_wconf 89' lang='lat' dir='ltr'><strong>eos</strong></span> <span class='ocrx_word' id='word_1_171' title='bbox 1219 2802 1278 2885; x_wconf 89' lang='lat' dir='ltr'><strong>qui</strong></span> <span class='ocrx_word' id='word_1_172' title='bbox 1307 2803 1340 2868; x_wconf 90' lang='lat' dir='ltr'><strong>in</strong></span> 
     </span>
     <span class='ocr_line' id='line_1_21' title="bbox 170 2905 1273 2998; baseline 0.003 -18"><span class='ocrx_word' id='word_1_173' title='bbox 170 2915 262 2981; x_wconf 88' lang='lat' dir='ltr'><strong>illius</strong></span> <span class='ocrx_word' id='word_1_174' title='bbox 281 2929 340 2981; x_wconf 92' lang='lat' dir='ltr'><strong>aut</strong></span> <span class='ocrx_word' id='word_1_175' title='bbox 359 2916 477 2981; x_wconf 90' lang='lat' dir='ltr'><strong>horum</strong></span> <span class='ocrx_word' id='word_1_176' title='bbox 499 2930 578 2981; x_wconf 89' lang='lat' dir='ltr'><strong>sunt</strong></span> <span class='ocrx_word' id='word_1_177' title='bbox 594 2915 754 2998; x_wconf 83' lang='lat' dir='ltr'><strong>partibus.</strong></span> <span class='ocrx_word' id='word_1_178' title='bbox 1270 2905 1273 2911; x_wconf 71' lang='grc'>’</span> 
     </span>
    </p>

    <p class='ocr_par' dir='ltr' id='par_1_4' title="bbox 171 3024 1486 4561">
     <span class='ocr_line' id='line_1_22' title="bbox 215 3024 1486 3111; baseline -0.001 -20"><span class='ocrx_word' id='word_1_179' title='bbox 215 3026 253 3091; x_wconf 91' lang='lat' dir='ltr'><strong>In</strong></span> <span class='ocrx_word' id='word_1_180' title='bbox 275 3046 315 3093; x_wconf 92' lang='lat' dir='ltr'><strong>eo</strong></span> <span class='ocrx_word' id='word_1_181' title='bbox 344 3026 431 3091; x_wconf 90' lang='lat' dir='ltr'><strong>bello</strong></span> <span class='ocrx_word' id='word_1_182' title='bbox 456 3026 652 3093; x_wconf 88' lang='lat' dir='ltr'><strong>Batavorum</strong></span> <span class='ocrx_word' id='word_1_183' title='bbox 674 3026 762 3093; x_wconf 86' lang='lat' dir='ltr'><strong>sicut</strong></span> <span class='ocrx_word' id='word_1_184' title='bbox 781 3026 898 3093; x_wconf 79' lang='lat' dir='ltr'><strong>eximia</strong></span> <span class='ocrx_word' id='word_1_185' title='bbox 918 3024 1106 3108; x_wconf 85' lang='lat' dir='ltr'><strong>fortitudo,</strong></span> <span class='ocrx_word' id='word_1_186' title='bbox 1131 3025 1176 3092; x_wconf 92' lang='lat' dir='ltr'><strong>ita</strong></span> <span class='ocrx_word' id='word_1_187' title='bbox 1195 3024 1341 3111; x_wconf 89' lang='lat' dir='ltr'><strong>singula·</strong></span> <span class='ocrx_word' id='word_1_188' title='bbox 1354 3026 1434 3074; x_wconf 76' lang='lat' dir='ltr'><strong>Ana.</strong></span> <span class='ocrx_word' id='word_1_189' title='bbox 1448 3026 1486 3073; x_wconf 80' lang='lat'><strong>1¹·</strong></span> 
     </span>
     <span class='ocr_line' id='line_1_23' title="bbox 172 3136 1340 3223; baseline 0 -21"><span class='ocrx_word' id='word_1_190' title='bbox 172 3137 219 3203; x_wconf 87' lang='lat' dir='ltr'><strong>ris</strong></span> <span class='ocrx_word' id='word_1_191' title='bbox 249 3137 436 3203; x_wconf 90' lang='lat' dir='ltr'><strong>humanitas</strong></span> <span class='ocrx_word' id='word_1_192' title='bbox 464 3156 590 3223; x_wconf 90' lang='lat' dir='ltr'><strong>semper</strong></span> <span class='ocrx_word' id='word_1_193' title='bbox 621 3137 768 3205; x_wconf 88' lang='lat' dir='ltr'><strong>emicuit.</strong></span> <span class='ocrx_word' id='word_1_194' title='bbox 813 3136 1024 3223; x_wconf 86' lang='lat' dir='ltr'><strong>Longissima</strong></span> <span class='ocrx_word' id='word_1_195' title='bbox 1052 3138 1136 3204; x_wconf 87' lang='lat' dir='ltr'><strong>enirn</strong></span> <span class='ocrx_word' id='word_1_196' title='bbox 1160 3136 1340 3221; x_wconf 90' lang='lat' dir='ltr'><strong>patientia,</strong></span> 
     </span>
     <span class='ocr_line' id='line_1_24' title="bbox 171 3247 1341 3333; baseline -0.001 -19"><span class='ocrx_word' id='word_1_197' title='bbox 171 3248 320 3315; x_wconf 89' lang='lat' dir='ltr'><strong>contenti</strong></span> <span class='ocrx_word' id='word_1_198' title='bbox 346 3248 413 3314; x_wconf 84' lang='lat' dir='ltr'><strong>vinr</strong></span> <span class='ocrx_word' id='word_1_199' title='bbox 442 3247 561 3315; x_wconf 89' lang='lat' dir='ltr'><strong>illatam</strong></span> <span class='ocrx_word' id='word_1_200' title='bbox 593 3269 611 3315; x_wconf 88' lang='lat' dir='ltr'><strong>a</strong></span> <span class='ocrx_word' id='word_1_201' title='bbox 638 3248 708 3316; x_wconf 90' lang='lat' dir='ltr'><strong>suis</strong></span> <span class='ocrx_word' id='word_1_202' title='bbox 739 3248 903 3333; x_wconf 88' lang='lat' dir='ltr'><strong>capitibus</strong></span> <span class='ocrx_word' id='word_1_203' title='bbox 939 3250 1130 3333; x_wconf 87' lang='lat' dir='ltr'><strong>propulsare</strong></span> <span class='ocrx_word' id='word_1_204' title='bbox 1162 3247 1341 3332; x_wconf 87' lang='lat' dir='ltr'><strong>proximas·</strong></span> 
     </span>
     <span class='ocr_line' id='line_1_25' title="bbox 173 3358 1342 3445; baseline 0.001 -19"><span class='ocrx_word' id='word_1_205' title='bbox 173 3379 239 3442; x_wconf 91' lang='lat' dir='ltr'><strong>que</strong></span> <span class='ocrx_word' id='word_1_206' title='bbox 261 3359 360 3425; x_wconf 91' lang='lat' dir='ltr'><strong>urbes</strong></span> <span class='ocrx_word' id='word_1_207' title='bbox 377 3358 410 3425; x_wconf 91' lang='lat' dir='ltr'><strong>in</strong></span> <span class='ocrx_word' id='word_1_208' title='bbox 435 3360 580 3426; x_wconf 89' lang='lat' dir='ltr'><strong>eamdem</strong></span> <span class='ocrx_word' id='word_1_209' title='bbox 603 3378 742 3427; x_wconf 88' lang='lat' dir='ltr'><strong>asserere</strong></span> <span class='ocrx_word' id='word_1_210' title='bbox 750 3360 957 3442; x_wconf 88' lang='lat' dir='ltr'><strong>libertatem,</strong></span> <span class='ocrx_word' id='word_1_211' title='bbox 980 3360 1064 3428; x_wconf 90' lang='lat' dir='ltr'><strong>nihil</strong></span> <span class='ocrx_word' id='word_1_212' title='bbox 1075 3360 1207 3445; x_wconf 91' lang='lat' dir='ltr'><strong>gravius</strong></span> <span class='ocrx_word' id='word_1_213' title='bbox 1220 3360 1252 3425; x_wconf 91' lang='lat' dir='ltr'><strong>in</strong></span> <span class='ocrx_word' id='word_1_214' title='bbox 1264 3362 1342 3427; x_wconf 92' lang='lat' dir='ltr'><strong>hos·</strong></span> 
     </span>
     <span class='ocr_line' id='line_1_26' title="bbox 174 3470 1343 3555; baseline 0.002 -18"><span class='ocrx_word' id='word_1_215' title='bbox 174 3486 237 3537; x_wconf 93' lang='lat' dir='ltr'><strong>tem</strong></span> <span class='ocrx_word' id='word_1_216' title='bbox 267 3470 373 3537; x_wconf 91' lang='lat' dir='ltr'><strong>moliti</strong></span> <span class='ocrx_word' id='word_1_217' title='bbox 401 3486 498 3537; x_wconf 90' lang='lat' dir='ltr'><strong>sunt:</strong></span> <span class='ocrx_word' id='word_1_218' title='bbox 521 3486 591 3537; x_wconf 92' lang='lat' dir='ltr'><strong>tum</strong></span> <span class='ocrx_word' id='word_1_219' title='bbox 623 3492 704 3538; x_wconf 92' lang='lat' dir='ltr'><strong>vero</strong></span> <span class='ocrx_word' id='word_1_220' title='bbox 736 3492 954 3555; x_wconf 89' lang='lat' dir='ltr'><strong>quaecunque</strong></span> <span class='ocrx_word' id='word_1_221' title='bbox 974 3474 1063 3542; x_wconf 89' lang='lat' dir='ltr'><strong>salva</strong></span> <span class='ocrx_word' id='word_1_222' title='bbox 1084 3470 1252 3555; x_wconf 91' lang='lat' dir='ltr'><strong>republica</strong></span> <span class='ocrx_word' id='word_1_223' title='bbox 1272 3491 1343 3539; x_wconf 89' lang='lat' dir='ltr'><strong>esse</strong></span> 
     </span>
     <span class='ocr_line' id='line_1_27' title="bbox 173 3581 1344 3668; baseline -0.001 -18"><span class='ocrx_word' id='word_1_224' title='bbox 173 3595 314 3667; x_wconf 87' lang='lat' dir='ltr'><strong>possunt</strong></span> <span class='ocrx_word' id='word_1_225' title='bbox 348 3582 450 3664; x_wconf 91' lang='lat' dir='ltr'><strong>belli,</strong></span> <span class='ocrx_word' id='word_1_226' title='bbox 482 3597 522 3649; x_wconf 93' lang='lat' dir='ltr'><strong>ut</strong></span> <span class='ocrx_word' id='word_1_227' title='bbox 552 3582 597 3647; x_wconf 92' lang='lat' dir='ltr'><strong>ita</strong></span> <span class='ocrx_word' id='word_1_228' title='bbox 628 3581 756 3664; x_wconf 88' lang='lat' dir='ltr'><strong>dicam,</strong></span> <span class='ocrx_word' id='word_1_229' title='bbox 788 3584 1007 3666; x_wconf 90' lang='lat' dir='ltr'><strong>commercia,</strong></span> <span class='ocrx_word' id='word_1_230' title='bbox 1030 3604 1066 3649; x_wconf 88' lang='lat' dir='ltr'><strong>ea</strong></span> <span class='ocrx_word' id='word_1_231' title='bbox 1097 3582 1344 3668; x_wconf 89' lang='lat' dir='ltr'><strong>religiosissime</strong></span> 
     </span>
     <span class='ocr_line' id='line_1_28' title="bbox 173 3693 1345 3778; baseline 0.001 -18"><span class='ocrx_word' id='word_1_232' title='bbox 173 3695 391 3760; x_wconf 88' lang='lat' dir='ltr'><strong>observarunt</strong></span> <span class='ocrx_word' id='word_1_233' title='bbox 414 3708 467 3775; x_wconf 88' lang='lat' dir='ltr'><strong>et,</strong></span> <span class='ocrx_word' id='word_1_234' title='bbox 489 3693 517 3760; x_wconf 91' lang='lat' dir='ltr'><strong>si</strong></span> <span class='ocrx_word' id='word_1_235' title='bbox 538 3694 671 3777; x_wconf 87' lang='lat' dir='ltr'><strong>quando</strong></span> <span class='ocrx_word' id='word_1_236' title='bbox 692 3694 889 3778; x_wconf 89' lang='lat' dir='ltr'><strong>implacabili</strong></span> <span class='ocrx_word' id='word_1_237' title='bbox 911 3694 1056 3761; x_wconf 89' lang='lat' dir='ltr'><strong>hostium</strong></span> <span class='ocrx_word' id='word_1_238' title='bbox 1076 3693 1212 3761; x_wconf 86' lang='lat' dir='ltr'><strong>saevitia</strong></span> <span class='ocrx_word' id='word_1_239' title='bbox 1232 3709 1345 3761; x_wconf 89' lang='lat' dir='ltr'><strong>contra</strong></span> 
     </span>
     <span class='ocr_line' id='line_1_29' title="bbox 172 3805 1345 3892; baseline 0 -21"><span class='ocrx_word' id='word_1_240' title='bbox 172 3805 340 3891; x_wconf 80' lang='lat' dir='ltr'><strong>ingenium</strong></span> <span class='ocrx_word' id='word_1_241' title='bbox 361 3805 541 3872; x_wconf 88' lang='lat' dir='ltr'><strong>severiores</strong></span> <span class='ocrx_word' id='word_1_242' title='bbox 564 3820 596 3871; x_wconf 90' lang='lat' dir='ltr'><strong>et</strong></span> <span class='ocrx_word' id='word_1_243' title='bbox 615 3805 678 3889; x_wconf 92' lang='lat' dir='ltr'><strong>ipsi</strong></span> <span class='ocrx_word' id='word_1_244' title='bbox 699 3824 769 3872; x_wconf 91' lang='lat' dir='ltr'><strong>esse</strong></span> <span class='ocrx_word' id='word_1_245' title='bbox 792 3820 1010 3892; x_wconf 86' lang='lat' dir='ltr'><strong>cogerentur,</strong></span> <span class='ocrx_word' id='word_1_246' title='bbox 1028 3819 1159 3888; x_wconf 88' lang='lat' dir='ltr'><strong>paratos</strong></span> <span class='ocrx_word' id='word_1_247' title='bbox 1181 3824 1216 3871; x_wconf 91' lang='lat' dir='ltr'><strong>se</strong></span> <span class='ocrx_word' id='word_1_248' title='bbox 1234 3820 1345 3871; x_wconf 91' lang='lat' dir='ltr'><strong>osten·</strong></span> 
     </span>
     <span class='ocr_line' id='line_1_30' title="bbox 173 3916 1347 4003; baseline -0.001 -20"><span class='ocrx_word' id='word_1_249' title='bbox 173 3918 293 3985; x_wconf 88' lang='lat' dir='ltr'><strong>derunt</strong></span> <span class='ocrx_word' id='word_1_250' title='bbox 321 3918 521 3984; x_wconf 89' lang='lat' dir='ltr'><strong>tantumdem</strong></span> <span class='ocrx_word' id='word_1_251' title='bbox 543 3931 702 4000; x_wconf 89' lang='lat' dir='ltr'><strong>quantum</strong></span> <span class='ocrx_word' id='word_1_252' title='bbox 723 3918 859 4000; x_wconf 91' lang='lat' dir='ltr'><strong>hostes,</strong></span> <span class='ocrx_word' id='word_1_253' title='bbox 883 3916 1055 3983; x_wconf 89' lang='lat' dir='ltr'><strong>autetiam</strong></span> <span class='ocrx_word' id='word_1_254' title='bbox 1075 3918 1215 4001; x_wconf 89' lang='lat' dir='ltr'><strong>amplius</strong></span> <span class='ocrx_word' id='word_1_255' title='bbox 1237 3918 1347 4003; x_wconf 65' lang='lat' dir='ltr'><strong>remit7</strong></span> 
     </span>
     <span class='ocr_line' id='line_1_31' title="bbox 174 4028 1344 4113; baseline -0.001 -18"><span class='ocrx_word' id='word_1_256' title='bbox 174 4044 261 4095; x_wconf 89' lang='lat' dir='ltr'><strong>tere:</strong></span> <span class='ocrx_word' id='word_1_257' title='bbox 293 4048 485 4112; x_wconf 89' lang='lat' dir='ltr'><strong>semperque</strong></span> <span class='ocrx_word' id='word_1_258' title='bbox 514 4029 555 4094; x_wconf 93' lang='lat' dir='ltr'><strong>ab</strong></span> <span class='ocrx_word' id='word_1_259' title='bbox 576 4029 643 4097; x_wconf 88' lang='lat' dir='ltr'><strong>illis</strong></span> <span class='ocrx_word' id='word_1_260' title='bbox 661 4028 817 4113; x_wconf 86' lang='lat' dir='ltr'><strong>perfidiae</strong></span> <span class='ocrx_word' id='word_1_261' title='bbox 838 4044 871 4095; x_wconf 90' lang='lat' dir='ltr'><strong>et</strong></span> <span class='ocrx_word' id='word_1_262' title='bbox 894 4028 1121 4113; x_wconf 89' lang='lat' dir='ltr'><strong>crudelitatis,</strong></span> <span class='ocrx_word' id='word_1_263' title='bbox 1145 4031 1186 4097; x_wconf 91' lang='lat' dir='ltr'><strong>ab</strong></span> <span class='ocrx_word' id='word_1_264' title='bbox 1206 4028 1264 4105; x_wconf 83' lang='lat' dir='ltr'><strong>his</strong></span> <span class='ocrx_word' id='word_1_265' title='bbox 1280 4031 1344 4095; x_wconf 91' lang='lat' dir='ltr'><strong>cle·</strong></span> 
     </span>
     <span class='ocr_line' id='line_1_32' title="bbox 174 4140 1343 4225; baseline -0.001 -17"><span class='ocrx_word' id='word_1_266' title='bbox 174 4140 314 4208; x_wconf 89' lang='lat' dir='ltr'><strong>mentiae</strong></span> <span class='ocrx_word' id='word_1_267' title='bbox 348 4156 381 4207; x_wconf 94' lang='lat' dir='ltr'><strong>et</strong></span> <span class='ocrx_word' id='word_1_268' title='bbox 403 4140 480 4207; x_wconf 87' lang='lat' dir='ltr'><strong>fidei</strong></span> <span class='ocrx_word' id='word_1_269' title='bbox 510 4144 693 4225; x_wconf 86' lang='lat' dir='ltr'><strong>exemplum</strong></span> <span class='ocrx_word' id='word_1_270' title='bbox 716 4140 793 4210; x_wconf 85' lang='lat' dir='ltr'><strong>fuit.</strong></span> <span class='ocrx_word' id='word_1_271' title='bbox 816 4142 927 4211; x_wconf 80' lang='lat' dir='ltr'><strong>,Inter</strong></span> <span class='ocrx_word' id='word_1_272' title='bbox 946 4141 1009 4207; x_wconf 87' lang='lat' dir='ltr'><strong>alia</strong></span> <span class='ocrx_word' id='word_1_273' title='bbox 1029 4160 1125 4209; x_wconf 90' lang='lat' dir='ltr'><strong>nemo</strong></span> <span class='ocrx_word' id='word_1_274' title='bbox 1147 4140 1252 4208; x_wconf 88' lang='lat' dir='ltr'><strong>nescit</strong></span> <span class='ocrx_word' id='word_1_275' title='bbox 1271 4160 1343 4207; x_wconf 91' lang='lat' dir='ltr'><strong>eum</strong></span> 
     </span>
     <span class='ocr_line' id='line_1_33' title="bbox 175 4251 1344 4335; baseline -0.001 -15"><span class='ocrx_word' id='word_1_276' title='bbox 175 4272 249 4320; x_wconf 88' lang='lat' dir='ltr'><strong>esse</strong></span> <span class='ocrx_word' id='word_1_277' title='bbox 277 4271 352 4319; x_wconf 88' lang='lat' dir='ltr'><strong>orae</strong></span> <span class='ocrx_word' id='word_1_278' title='bbox 383 4252 505 4335; x_wconf 88' lang='lat' dir='ltr'><strong>situm,</strong></span> <span class='ocrx_word' id='word_1_279' title='bbox 530 4272 598 4318; x_wconf 90' lang='lat' dir='ltr'><strong>eam</strong></span> <span class='ocrx_word' id='word_1_280' title='bbox 629 4253 836 4320; x_wconf 87' lang='lat' dir='ltr'><strong>sedulitatem</strong></span> <span class='ocrx_word' id='word_1_281' title='bbox 866 4254 1086 4335; x_wconf 77' lang='lat' dir='ltr'><strong>batavorum,</strong></span> <span class='ocrx_word' id='word_1_282' title='bbox 1111 4267 1148 4319; x_wconf 91' lang='lat' dir='ltr'><strong>ut</strong></span> <span class='ocrx_word' id='word_1_283' title='bbox 1177 4251 1344 4319; x_wconf 89' lang='lat' dir='ltr'><strong>cunctise</strong></span> 
     </span>
     <span class='ocr_line' id='line_1_34' title="bbox 173 4362 1345 4447; baseline 0 -18"><span class='ocrx_word' id='word_1_284' title='bbox 173 4362 257 4431; x_wconf 89' lang='lat' dir='ltr'><strong>locis</strong></span> <span class='ocrx_word' id='word_1_285' title='bbox 274 4364 309 4431; x_wconf 89' lang='lat' dir='ltr'><strong>in</strong></span> <span class='ocrx_word' id='word_1_286' title='bbox 330 4363 466 4446; x_wconf 91' lang='lat' dir='ltr'><strong>quaevis</strong></span> <span class='ocrx_word' id='word_1_287' title='bbox 496 4364 559 4431; x_wconf 90' lang='lat' dir='ltr'><strong>alia</strong></span> <span class='ocrx_word' id='word_1_288' title='bbox 585 4384 708 4432; x_wconf 90' lang='lat' dir='ltr'><strong>merces</strong></span> <span class='ocrx_word' id='word_1_289' title='bbox 730 4363 805 4431; x_wconf 90' lang='lat' dir='ltr'><strong>hinc</strong></span> <span class='ocrx_word' id='word_1_290' title='bbox 832 4362 1094 4431; x_wconf 92' lang='lat' dir='ltr'><strong>commodissime</strong></span> <span class='ocrx_word' id='word_1_291' title='bbox 1124 4377 1345 4447; x_wconf 89' lang='lat' dir='ltr'><strong>transporten-</strong></span> 
     </span>
     <span class='ocr_line' id='line_1_35' title="bbox 173 4474 1344 4561; baseline 0.001 -18"><span class='ocrx_word' id='word_1_292' title='bbox 173 4490 251 4558; x_wconf 92' lang='lat' dir='ltr'><strong>tur,</strong></span> <span class='ocrx_word' id='word_1_293' title='bbox 275 4474 366 4541; x_wconf 86' lang='lat' dir='ltr'><strong>facto</strong></span> <span class='ocrx_word' id='word_1_294' title='bbox 386 4475 630 4559; x_wconf 90' lang='lat' dir='ltr'><strong>quodammodo</strong></span> <span class='ocrx_word' id='word_1_295' title='bbox 649 4476 689 4543; x_wconf 91' lang='lat' dir='ltr'><strong>ad</strong></span> <span class='ocrx_word' id='word_1_296' title='bbox 708 4496 759 4543; x_wconf 92' lang='lat' dir='ltr'><strong>res</strong></span> <span class='ocrx_word' id='word_1_297' title='bbox 780 4475 959 4544; x_wconf 89' lang='lat' dir='ltr'><strong>maritimas</strong></span> <span class='ocrx_word' id='word_1_298' title='bbox 978 4474 1093 4560; x_wconf 91' lang='lat' dir='ltr'><strong>populi</strong></span> <span class='ocrx_word' id='word_1_299' title='bbox 1115 4474 1271 4561; x_wconf 89' lang='lat' dir='ltr'><strong>ingenio,</strong></span> <span class='ocrx_word' id='word_1_300' title='bbox 1291 4477 1344 4545; x_wconf 94' lang='lat' dir='ltr'><strong>cui</strong></span> 
     </span>
    </p>
   </div>
   <div class='ocr_carea' id='block_1_3' title="bbox 0 0 1748 5434">
    <p class='ocr_par' dir='ltr' id='par_1_5' title="bbox 0 0 1748 5434">
     <span class='ocr_line' id='line_1_36' title="bbox 0 0 1748 5434; baseline 0 0"><span class='ocrx_word' id='word_1_301' title='bbox 0 0 1748 5434; x_wconf 95' lang='lat' dir='ltr'><strong> </strong></span> 
     </span>
    </p>
   </div>
  </div>
 </body>
</html>
