3450 5434
488 641 535 689 ue
557 638 651 709 June
678 641 860 693 renense.
887 638 1056 694 cnr.x11.
1314 633 1375 707 ²43

193 797 274 882 Jure
294 798 440 884 gentium
461 799 525 863 hoc
549 798 773 865 introductum
798 816 848 865 est
872 818 909 867 ut
930 801 1057 867 cunctis
1076 798 1267 865 hominibus
1291 798 1377 863 inter

196 930 232 975 se
264 909 365 975 libera
396 924 482 976 esset
513 910 703 995 negotiandi
737 910 876 977 facultas
899 920 933 993 ¹,
969 930 1052 995 quae
1076 932 1092 977 a
1114 912 1243 978 nemine
1267 911 1373 994 possit

197 1021 307 1087 adimi.
354 1022 399 1087 Et
421 1023 485 1089 hoc
505 1022 596 1088 sicut
614 1038 691 1105 post
709 1023 931 1089 dominiorum
952 1023 1195 1089 distinctionem
1215 1022 1373 1088 continuo

196 1133 415 1199 necessarium
456 1131 546 1214 fuit,
591 1134 636 1199 ita
670 1135 827 1219 originem
870 1135 974 1201 videri
1008 1150 1119 1219 potest
1152 1134 1371 1218 antiquiorem

197 1246 362 1313 habuisse.
418 1246 593 1312 Subtiliter
635 1246 720 1313 enim
759 1248 960 1313 Aristoteles
988 1249 1001 1285 ¹
1032 1250 1254 1330 pereffluentia
1288 1247 1373 1313 dixit

196 1364 399 1441 everterent
428 1371 481 1435 τῆς
513 1364 594 1428 exre
624 1363 714 1446 φύσιν
744 1362 939 1442 atteratur,
965 1360 1028 1423 hoc
1052 1374 1124 1438 est,
1149 1361 1373 1444 negotiatione

199 1470 348 1555 suppleri
379 1468 418 1534 ed
446 1468 535 1554 quod
556 1479 704 1534 naturae
726 1469 836 1551 deest,
861 1486 924 1554 quo
947 1466 1107 1535 commode
1130 1472 1277 1535 omnibus
1301 1470 1372 1555 sus·

194 1578 303 1660 ficiat.
350 1580 491 1665 Oportet
512 1581 614 1665 igitur
633 1600 838 1647 communem
861 1600 932 1647 esse
951 1582 1024 1665 jure
1046 1582 1192 1666 gentium
1217 1599 1282 1647 non
1302 1597 1372 1648 tan*

198 1706 269 1758 tum
301 1692 486 1776 privative,
520 1694 578 1759 sed
598 1708 630 1758 et
652 1693 796 1776 positive
813 1698 850 1774 ³,
884 1708 923 1759 ut
947 1693 1062 1759 dicunt
1094 1694 1268 1777 magistri,
1303 1694 1373 1760 sive

198 1804 397 1871 affirmative.
454 1806 549 1892 Quae
583 1818 691 1871 autern
719 1805 778 1869 iilo
801 1806 900 1871 modo
924 1820 1002 1871 sunt
1022 1806 1107 1890 juris
1130 1806 1276 1891 gentium
1301 1824 1373 1870 mu-

199 1916 260 1982 tari
283 1930 447 1999 possunt,
471 1938 556 1999 quae
579 1918 643 1982 hoc
665 1913 765 1983 modo
800 1938 865 1984 non
890 1928 1041 2001 possunt.
1088 1920 1127 1984 Id
1158 1918 1202 1985 ita
1234 1918 1373 2003 intelligi

198 2044 320 2112 potest.
374 2030 521 2094 Dederat
551 2044 666 2095 natura
699 2030 809 2094 onmia
843 2030 1019 2111 omnibus,
1047 2032 1106 2096 sed
1128 2046 1201 2095 cum
1226 2048 1371 2096 aterum

199 2144 375 2207 muitarum
408 2156 495 2222 usu,
529 2158 612 2223 quas
639 2142 710 2207 vita
731 2141 893 2208 desiderat
916 2145 1079 2224 humana,
1104 2145 1250 2208 locornm
1274 2142 1373 2209 inter·

200 2256 289 2319 vallo
312 2254 462 2319 homines
486 2268 696 2336 arcerentur,
725 2254 804 2336 quia
826 2269 865 2320 ut
887 2272 985 2338 supra
1009 2255 1151 2320 diximus
1175 2270 1240 2320 non
1261 2256 1374 2321 omnia

201 2364 326 2447 ubique
358 2366 581 2447 proveniunt,
616 2384 701 2449 opus
733 2365 798 2432 fuit
829 2368 1041 2450 trajectione:
1075 2384 1134 2433 nec
1169 2368 1275 2433 adhuc
1297 2383 1376 2433 vera

202 2478 400 2559 permutatio
431 2494 521 2558 erat,
554 2478 610 2543 sed
642 2478 697 2544 alii
726 2479 875 2544 vicissim
899 2481 998 2544 rebus
1021 2480 1108 2561 apud
1132 2480 1213 2543 allos
1238 2478 1375 2562 repertis

201 2608 264 2656 suo
294 2589 429 2656 arbitrio
461 2592 657 2655 utebantur:
690 2606 759 2672 quo
791 2589 859 2656 fere
892 2583 991 2655 modo
1024 2588 1111 2672 apud
1135 2590 1233 2655 Seres·
1254 2590 1376 2657 dicitur

201 2705 300 2768 rebus
322 2702 356 2766 in
378 2701 557 2768 solitudine
590 2703 714 2768 relictis
745 2704 815 2769 sola
847 2696 1044 2767 mutantium
1076 2702 1235 2785 religione
1264 2702 1376 2785 peragi

201 2814 430 2879 commercium
458 2818 480 2879 ⁴.
527 2814 592 2902 Sed
625 2834 701 2880 cum
726 2814 835 2880 statim
858 2833 910 2880 res
934 2810 1073 2879 mobiles
1096 2826 1296 2878 monstrante
1319 2826 1377 2879 ne-

201 2926 469 3008 cessitate,quae
492 2926 590 2991 modo
614 2927 775 3009 explicata
799 2942 869 3006 est,
893 2927 927 2991 in
949 2927 1003 3011 jus
1028 2925 1196 3008 proprium
1230 2924 1377 2991 transiis-

202 3054 298 3118 sent,
330 3038 463 3103 inventa
494 3048 543 3105 est
573 3040 771 3120 permutatio
791 3040 827 3120 ⁸,
861 3058 927 3121 qua
961 3038 1053 3121 quod
1085 3037 1178 3105 alteri
1211 3038 1302 3102 deest
1337 3056 1376 3102 ex

202 3168 243 3215 eo
273 3151 365 3232 quod
397 3149 490 3215 alteri
523 3162 673 3233 superest
703 3151 921 3234 suppleretur.
980 3150 1028 3215 lta
1052 3149 1245 3216 commercia
1268 3148 1378 3214 victus

204 3262 306 3346 gratia
332 3261 466 3329 intenta
489 3276 528 3327 ex
553 3263 700 3329 Homero
731 3261 860 3329 Plinius
880 3260 893 3295 ⁸
910 3264 1039 3346 probat.
1087 3262 1263 3344 Postquam
1296 3279 1377 3327 vero

203 3388 254 3439 tes
278 3374 373 3440 etiarn
397 3374 581 3440 immobiles
604 3375 638 3439 in
659 3375 811 3442 dominos
836 3374 997 3459 distingui
1021 3384 1224 3458 coeperunt,
1249 3374 1377 3469 sublata

203 3485 351 3567 undique
373 3486 561 3552 communio
583 3500 649 3553 non
670 3486 755 3552 inter
767 3486 915 3553 homines
927 3489 1076 3553 locorum
1088 3486 1203 3570 spatiis
1213 3486 1375 3552 discretos

202 3612 353 3680 tantum,
376 3612 489 3664 verum
513 3598 609 3664 etlam
629 3598 713 3665 inter
731 3599 860 3665 vicinos
881 3599 1099 3665 necessarium
1119 3598 1202 3665 fecit
1220 3616 1378 3663 commer-

204 3711 311 3776 cium:
335 3710 425 3793 quod
449 3727 487 3776 ut
509 3710 641 3777 facilius
663 3712 853 3795 procederet
876 3730 1029 3776 nummus
1050 3725 1164 3793 postea
1183 3710 1381 3776 adinventus

203 3838 254 3890 est
272 3822 304 3887 ἐ
329 3823 436 3890 dictus
459 3837 566 3888 autem
589 3829 649 3893 ere
670 3828 721 3893 τοὺ
743 3826 846 3907 νόμον,
873 3824 966 3905 quod
985 3822 1175 3888 institutum
1196 3822 1240 3887 sit
1258 3820 1378 3887 civile:

204 3934 374 4017 antiquior
408 3936 495 4001 enim
522 3935 609 4002 inter
634 3934 724 4002 cives
752 3947 813 4002 est.
886 3936 961 4019 lpsa
989 3934 1089 4020 igitur
1117 3934 1201 4001 ratio
1230 3932 1377 4000 omnium

241 4230 554 4291 ¹1.ertr0c1nre.m
579 4232 876 4297 delectaturam.
897 4247 918 4283 1.
939 4231 1255 4296 r.s.]etibiBartnlue.
1290 4228 1337 4277 ²1.
1360 4240 1382 4277 t.

207 4327 240 4374 de
258 4336 312 4385 rep.
329 4339 353 4374 c.
367 4340 393 4388 9.
412 4322 451 4389 [p.
468 4338 542 4384 ποεῖ.
562 4340 582 4374 t.
597 4337 636 4375 ts.
655 4326 710 4390 ap]
738 4324 750 4358 ⁸
766 4341 793 4373 v·
811 4324 918 4375 Cotem.
936 4326 962 4374 in
978 4340 1002 4375 c.
1017 4336 1159 4386 peceatum.
1177 4326 1198 4383 i.
1218 4324 1241 4371 8.
1263 4320 1274 4353 ⁴
1292 4324 1383 4382 Pomp.

207 4416 286 4464 Mela.
302 4418 320 4463 l.
339 4428 363 4474 3.
379 4414 416 4479 [r.
432 4418 471 4480 9.]
507 4417 552 4466 ⁶1.
569 4416 887 4467 amnemamnem.
908 4417 952 4481 [D.
972 4420 1010 4466 ιθ.
1033 4416 1067 4478 r.]
1102 4414 1205 4474 ⁰143.
1225 4428 1247 4463 c.
1269 4428 1290 4463 1.
1326 4412 1380 4463 ⁷d.

206 4510 225 4557 1.
245 4520 268 4556 r.
287 4506 332 4571 [D.
354 4512 392 4558 rt.
415 4509 451 4572 1.]
1190 4573 1249 4638 16*
