3450 5434
151 2904 221 2950 Anno
237 2904 284 2949 aad.

149 2958 285 3019 Septembri.

308 604 368 664 188
611 616 658 662 na
680 616 775 682 June
800 614 988 663 rannone.
1014 617 1095 663 cnr.
1120 616 1170 663 xr.

302 773 492 837 caracollam
528 769 670 855 (navigii
703 784 818 837 notum
849 767 918 837 illic
951 771 1075 855 genus)
1108 769 1258 837 centurio
1295 768 1478 837 Lusitanus

301 902 368 949 una
385 882 470 949 serie
491 882 626 949 destitui
646 882 751 965 jubet.
775 880 904 946 Deinde
925 880 966 945 ad
977 880 1183 964 ministrum,
1205 882 1263 965 qui
1276 882 1477 949 machaeram

302 994 504 1079 evaginatam
525 994 789 1059 manutenebat:
814 994 901 1075 Isti,
926 992 1057 1076 inquit,
1081 995 1287 1080 quiprimus
1307 992 1481 1057 inordina

301 1118 372 1186 est,
395 1106 570 1170 brachium
594 1103 752 1169 dextram
775 1102 898 1169 decide.
930 1102 1048 1169 Etiam
1073 1107 1272 1185 sinistrum,
1292 1103 1395 1169 addit.
1419 1103 1479 1169 Pa·

301 1230 410 1282 retur:
435 1216 480 1281 ita
504 1214 637 1296 quidem
661 1228 700 1279 ut
731 1214 875 1279 dubitari
907 1229 1040 1297 posset,
1072 1216 1204 1283 saevius
1236 1214 1291 1280 ille
1322 1214 1479 1299 juberet,

300 1346 341 1393 an
373 1326 429 1392 hic
460 1340 704 1408 exsequeretur.
752 1325 842 1391 Tum
861 1345 942 1391 vero
965 1326 1066 1408 pedes
1088 1325 1254 1393 distinctis
1277 1325 1400 1392 ictibus
1423 1326 1479 1391 de·

299 1436 378 1503 meti
407 1438 513 1521 jubet.
571 1436 708 1501 Stabant
738 1435 814 1516 alii,
844 1455 930 1519 quos
963 1430 1073 1503 eadem
1097 1438 1271 1503 manebant
1293 1452 1478 1519 tormenta,

297 1568 477 1632 numquam
511 1563 576 1614 tam
607 1568 667 1631 pro
697 1546 766 1614 vita
790 1568 888 1631 quam
919 1563 998 1615 tunc
1029 1569 1090 1632 pro
1110 1563 1215 1615 morte
1240 1548 1386 1615 solliciti.
1432 1548 1479 1615 Et

298 1659 558 1743 procedentibus
581 1659 614 1725 in
637 1659 786 1725 ordinem
817 1660 975 1743 exemplis
998 1679 1064 1726 non
1082 1661 1148 1744 jam
1174 1675 1305 1742 metus,
1327 1660 1387 1726 sed
1405 1678 1479 1725 rnu-

299 1786 356 1836 tua
387 1786 456 1837 erat
484 1770 660 1837 miseratio.
705 1771 846 1839 Videres
876 1786 1011 1839 truncos
1040 1787 1072 1837 et
1100 1770 1166 1837 sibi
1193 1770 1388 1853 superstites
1420 1786 1479 1852 et,

300 1882 393 1963 quod
414 1884 573 1947 malorum
597 1882 752 1948 ultimum
776 1897 847 1965 est,
870 1882 1060 1949 hominibus
1081 1882 1269 1949 dissimiles.
1293 1882 1406 1948 Multo
1429 1897 1478 1947 ta·

299 2012 372 2057 men
394 1993 644 2072 dissimiliores,
668 1993 726 2075 qui
751 1993 812 2059 ista
834 1993 1007 2060 faciebant.
1052 1994 1110 2061 Ad
1137 2008 1317 2059 extremum
1339 1992 1479 2059 dissecta

298 2102 415 2187 capita.
450 2104 593 2171 Duobus
613 2120 719 2170 tamen
741 2105 775 2170 id
796 2104 896 2171 animi
919 2105 1005 2187 fuit,
1030 2119 1068 2170 ut
1089 2118 1263 2189 antequam
1287 2103 1328 2170 ad
1350 2122 1384 2169 se
1404 2124 1479 2187 per·

298 2230 434 2281 ventum
457 2230 566 2297 esset,
590 2216 710 2299 integri
733 2216 839 2282 adhuc
862 2216 896 2282 in
917 2236 1004 2282 mare
1024 2216 1232 2299 prosilirent:
1266 2236 1407 2298 quorum
1431 2218 1478 2281 al·

298 2341 348 2392 ter
366 2346 513 2409 mersus,
537 2329 618 2393 alter
637 2326 777 2412 effugit,
797 2326 983 2395 foedissimi
1002 2327 1183 2411 spectaculi
1204 2327 1352 2393 nuntius.
1376 2327 1477 2393 Intel-

298 2440 448 2519 lectaque
481 2439 648 2523 speciatim
681 2440 813 2519 omnia,
846 2460 919 2505 cum
953 2458 1039 2507 anno
1067 2454 1226 2522 sequente
1250 2438 1478 2523 Wolphardus

299 2550 542 2631 Harmannius‚
555 2551 789 2618 Lusitanorum
802 2551 931 2634 aliquot
943 2551 1082 2634 potitus,
1095 2551 1136 2617 de
1148 2550 1350 2617 redemtione
1362 2570 1474 2616 eorum

298 2676 428 2746 ageret,
451 2662 510 2744 qui
534 2662 657 2746 captivi
681 2663 714 2729 in
737 2663 856 2729 Tidori
875 2677 1108 2729 remanserant:
1133 2662 1226 2744 quod
1238 2681 1304 2727 non
1316 2660 1475 2727 obtinuit.

299 2772 366 2839 Sed
398 2773 566 2841 machinae
597 2794 634 2839 ac
665 2789 792 2840 caetera
825 2772 1044 2839 infortunatae
1080 2772 1172 2839 navis
1201 2772 1320 2856 praeda
1342 2773 1375 2837 in
1399 2772 1476 2839 navi

299 2884 490 2963 Lusitanica
511 2906 529 2950 a
549 2886 682 2953 Batavis
704 2886 837 2970 cognita
859 2905 896 2950 ac
914 2900 1043 2967 recepta
1064 2899 1152 2951 sunt
1198 2884 1315 2950 Restat
1339 2886 1475 2949 alterum

299 2995 410 3074 nefas,
434 2997 523 3063 haud
545 2997 712 3062 diversum
736 3012 907 3079 tempore,
933 2996 990 3063 sed
1010 2997 1074 3061 hoc
1100 2996 1198 3061 etiarn
1225 2993 1476 3077 detestabilius,

300 3108 392 3191 quod
412 3127 502 3175 sacra
520 3106 604 3191 juris
621 3106 748 3190 species
768 3106 930 3191 impietati
943 3106 1149 3172 commodata
1160 3121 1230 3187 est,
1253 3126 1326 3172 cum
1340 3106 1374 3171 id
1385 3106 1478 3189 quod

299 3218 423 3284 factum
443 3218 610 3299 dicemus,
635 3238 695 3283 nec
714 3219 805 3302 justa
827 3219 893 3284 ulla
915 3237 1036 3300 causa,
1061 3238 1120 3283 nec
1143 3232 1201 3284 aut
1223 3217 1289 3283 loci
1317 3232 1374 3283 aut
1401 3217 1475 3283 illo-

299 3350 370 3398 rum
401 3332 491 3413 leges
519 3329 754 3412 permitterent.
798 3330 939 3397 Macails
969 3329 1120 3396 Sinarum
1149 3328 1294 3414 regionis
1325 3327 1474 3395 Indicum

299 3441 340 3506 ad
373 3459 530 3507 oceanum
552 3440 717 3525 vergentis
741 3439 922 3523 emporium
947 3456 1015 3506 est:
1040 3441 1113 3507 data
1135 3440 1282 3523 precario
1305 3439 1474 3505 Lusitanis

298 3552 416 3633 sedes,
438 3549 495 3616 ubi
517 3566 694 3617 mercatum
718 3566 905 3617 exercerent
929 3554 1033 3637 etius
1054 3551 1200 3618 dicerent
1222 3551 1254 3616 in
1284 3540 1363 3618 suos
1390 3551 1474 3616 dun·

299 3677 403 3729 taxat.
447 3662 654 3748 Quamquam
678 3683 718 3728 ne
738 3664 803 3729 hoc
828 3664 963 3745 quidem
987 3662 1204 3743 indistincte,
1228 3682 1302 3729 curn
1327 3661 1472 3745 ipsorum

298 3773 446 3839 moribus
485 3774 637 3857 capitalia
670 3775 823 3860 ingenuis
856 3774 1019 3858 supplicia
1051 3794 1068 3839 a
1100 3776 1174 3840 solo
1210 3772 1380 3857 praeside,
1415 3771 1475 3855 qui

301 3885 413 3952 Goam·
429 3899 542 3966 tenet,
566 3884 700 3970 irrogari
723 3885 876 3968 possint,
901 3900 958 3952 aut
981 3886 1077 3951 etiam
1097 3886 1224 3953 soleant
1249 3884 1296 3950 rei
1320 3883 1354 3949 in
1377 3883 1477 3950 Lusi·

299 3998 418 4064 taniam
451 3995 586 4063 remitti.
634 3997 807 4078 Classem,
840 3996 894 4061 cui
916 3996 1067 4063 Neckius
1088 3996 1181 4061 alteri
1208 4009 1377 4078 praeerat,
1413 3994 1476 4060 sub

300 4108 385 4175 illud
406 4108 515 4192 ipsum
536 4108 631 4174 littus
653 4122 786 4192 egerant
808 4107 918 4174 venti:
952 4107 1130 4201 mittendos
1163 4108 1219 4172 ille
1251 4120 1385 4186 censet,
1417 4104 1476 4186 qui

299 4220 364 4286 loci
389 4221 534 4302 positum
562 4219 819 4303 investigarent,
848 4218 1023 4285 redderent
1042 4218 1203 4285 adventus
1232 4216 1411 4293 rationem,
1444 4231 1477 4281 et

298 4332 398 4397 simul
427 4332 579 4399 alimenta
608 4331 789 4397 recentiora
810 4346 1045 4415 compararent.
1091 4329 1166 4394 Hoc
1188 4329 1284 4414 jussu
1306 4328 1476 4393 Martinus

299 4441 433 4525 Apias,
458 4441 515 4527 qui
542 4440 665 4507 fiscalis
688 4460 808 4507 munus
831 4440 865 4507 in
897 4441 1057 4508 caelasse
1081 4439 1219 4521 obibat,
1244 4439 1399 4507 assumtis
1419 4439 1476 4504 de·
