3450 5434
348 643 388 705 86
636 661 683 707 un
705 662 799 727 June
823 661 1009 711 nnnnnnn.
1034 662 1115 710 cnr.
1141 658 1224 707 v111.

345 825 416 875 tum
438 812 547 892 uitio,
576 825 609 878 et
629 835 651 877 o
678 816 879 881 contumelio
909 836 974 880 uon
1000 816 1141 883 multum
1164 810 1281 900 differt
1301 815 1369 877 nisi
1388 810 1514 877 ordine.

347 918 415 1005 Qui
432 922 574 989 dolorem
595 928 721 1010 regerit
739 937 873 990 tautum
894 930 1085 993 excusatius
1102 938 1230 1011 peccet.
1276 923 1436 1010 Quaeque
1452 921 1516 987 alia

345 1047 378 1097 et
401 1032 592 1116 philosophi
610 1031 621 1067 ¹
638 1048 673 1099 et
693 1034 873 1101 Christiani
886 1031 897 1067 ²
912 1051 1023 1103 contra
1043 1036 1201 1102 ultionem
1222 1033 1332 1100 dixere
1354 1032 1419 1097 huc
1442 1050 1515 1114 per-

345 1144 462 1209 tinent.
506 1144 606 1209 Unde
635 1144 755 1211 dicitur
784 1144 990 1232 Quintiliano
1012 1146 1023 1182 ¹
1044 1148 1196 1231 injuriae
1215 1145 1432 1229 compensatio
1450 1160 1518 1205 uon

345 1254 448 1319 solum
461 1256 544 1338 juri
566 1257 705 1320 inimica
726 1254 783 1321 sed
795 1260 888 1341 poci.
934 1256 1000 1321 Est
1021 1261 1108 1322 enirn
1132 1256 1210 1336 lex,
1225 1253 1364 1339 forum,
1381 1250 1516 1337 judex:

344 1368 412 1429 nisi
438 1380 533 1450 quern
555 1364 639 1447 jure
660 1364 834 1433 uindicari
848 1365 964 1451 pudet.
1008 1366 1098 1433 Idem
1120 1364 1248 1432 scilicet
1276 1362 1331 1429 hic
1356 1360 1516 1437 traditur,

343 1474 435 1556 quod
451 1490 484 1541 et
501 1476 643 1541 Romani
669 1476 877 1558 Imperatoris
906 1476 1063 1561 rescripto
1086 1484 1098 1519 ¹
1119 1474 1332 1554 continetur,
1365 1475 1466 1537 etium
1486 1473 1524 1536 si‘

342 1584 467 1670 uliquis
488 1586 663 1652 sceleribus
685 1590 730 1652 sit
758 1587 964 1673 implicitus,
984 1587 1109 1653 ideireo
1131 1584 1341 1670 judiciorum
1369 1586 1517 1669 rigorem

334 1696 495 1781 jurisque
515 1697 646 1782 publici
678 1697 819 1763 tutelam
842 1701 879 1762 in
898 1697 1001 1763 medio
1022 1718 1086 1763 esse
1105 1699 1348 1775 coustitutum,
1369 1715 1408 1758 ue
1425 1696 1516 1777 quis·

343 1827 443 1891 quam
467 1808 531 1872 sibi
555 1810 620 1892 ipsi
632 1811 830 1892 permittere
848 1808 978 1876 toleret
999 1807 1168 1873 ultionem.
1200 1806 1248 1873 Et
1264 1801 1516 1871 Theodericum

344 1917 376 1982 in
400 1916 543 1983 eamdem
565 1916 878 1983 sententiam2Hrn0
897 1916 1051 2003 estquod
1067 1917 1175 2005 legum
1193 1929 1330 2002 reperto
1349 1926 1395 1980 est
1415 1933 1517 1979 sacro

344 2031 557 2108 reuerentia,
588 2041 626 2093 ut
656 2027 746 2093 nihil
762 2049 887 2108 mauu,
919 2030 1008 2094 nihii
1018 2031 1159 2115 proprio
1183 2038 1346 2113 ageretur
1361 2023 1518 2110 impulsu.

344 2136 391 2202 Et
408 2150 515 2203 tamen
536 2152 678 2219 quatuor
693 2138 808 2207 iisdem
826 2158 867 2203 ex
888 2137 1017 2215 causis,
1030 2156 1112 2221 quas
1132 2156 1219 2203 nunc
1236 2134 1426 2221 attigimus,
1446 2136 1538 2200 bel·'

344 2249 412 2313 lum
428 2246 507 2313 oriri
522 2247 667 2331 justum,
689 2249 781 2330 quod
799 2263 907 2315 tamen
927 2250 1091 2332 privatum
1111 2248 1174 2329 sit,
1192 2250 1256 2334 jam
1278 2249 1374 2314 ante⁶
1390 2244 1519 2312 anobis

344 2359 601 2425 demonstratum
630 2374 689 2425 est.
734 2358 876 2443 Oportet
906 2359 1007 2444 igitur
1034 2361 1139 2444 legem
1165 2378 1283 2426 nonam
1306 2372 1340 2424 et
1361 2355 1518 2423 duodeci-

344 2488 428 2535 mam
449 2488 574 2535 cessare
593 2470 755 2536 interdum
778 2484 835 2536 aut
846 2470 960 2553 potius
970 2470 1084 2554 sopiri.
1104 2469 1196 2537 Fecit
1212 2484 1320 2535 autem
1342 2468 1405 2533 hoc
1421 2467 1517 2552 juxta

344 2580 426 2665 legis
452 2579 595 2647 decimae
613 2580 726 2646 tertiae
753 2599 898 2649 normam
921 2580 1119 2662 necessitas,
1138 2580 1318 2647 secundum
1339 2580 1427 2663 leges
1446 2578 1518 2663 dig-

344 2691 470 2757 niores:
500 2709 585 2774 quae
611 2704 682 2757 tum
709 2710 780 2758 esse
802 2690 997 2775 intelligitur
1019 2711 1093 2757 cum
1114 2692 1155 2757 ad
1175 2689 1441 2772 consequendum
1461 2688 1518 2773 jus

345 2816 493 2869 nostrum
512 2800 635 2885 iudicia
658 2800 826 2868 deficiunt.
872 2803 1044 2888 Quatenus
1065 2801 1149 2868 enim
1172 2802 1234 2869 ista
1253 2798 1412 2866 deliciunt
1432 2814 1519 2865 eate-

283 2930 409 2980 tenus
430 2914 503 2993 vis,
523 2913 587 2979 hoc
617 2928 668 2978 est
688 2912 815 2995 privata
841 2913 1021 2979 secundum
1050 2927 1197 2979 naturam
1220 2911 1407 2987 exsecutio,
1428 2912 1518 2995 justa

347 3038 396 3090 est
413 3022 439 3091 ⁷.
485 3024 692 3105 Simulatque
714 3043 794 3089 vero
813 3023 925 3089 haberi
947 3038 1104 3107 possunt,
1124 3038 1162 3088 ut
1186 3022 1227 3089 ad
1243 3023 1330 3107 leges
1353 3021 1517 3099 diximus,

215 3154 285 3200 Nova
299 3134 457 3201 rte-omnia
475 3135 549 3218 iura
570 3133 691 3216 pariter
712 3133 913 3200 observanda
932 3148 1024 3201 sunt.
1067 3134 1261 3200 Notandum
1290 3153 1371 3201 vero
1392 3146 1442 3199 est
1461 3133 1517 3198 de-

216 3208 324 3254 claretio.

348 3245 472 3311 fectum
492 3244 609 3328 judicii
640 3244 803 3310 interdum
831 3259 1116 3327 momentaneum,
1140 3244 1300 3311 interdum
1324 3243 1417 3326 quasi
1439 3261 1518 3308 con·

348 3355 476 3422 tinuum
497 3374 566 3421 esse
580 3355 604 3421 ⁸.
648 3356 901 3423 Momentaneus
929 3370 979 3422 est
996 3376 1071 3421 cum
1104 3357 1196 3423 salvo
1225 3357 1298 3439 jure
1327 3369 1440 3421 nostro
1466 3373 1519 3420 res

348 3487 417 3533 eam
439 3466 628 3533 dilationem
651 3485 718 3533 non
737 3468 885 3550 patitur,
905 3486 990 3549 quae
1012 3466 1054 3533 ad
1071 3464 1232 3551 judicium
1245 3464 1422 3557 necessaria
1433 3478 1482 3532 est
1491 3461 1516 3529 ⁹.

346 3578 491 3645 Primum
522 3577 623 3662 igitur
652 3597 691 3643 eo
720 3597 797 3644 casu
822 3578 864 3644 ad
892 3576 1117 3644 defensionem
1149 3590 1315 3654 nostram,
1338 3591 1377 3642 ut
1397 3574 1518 3642 Baldus

348 3688 432 3756 dixit
449 3687 497 3771 ¹⁰,
517 3703 644 3755 tantum
672 3687 771 3770 licet,
795 3702 954 3770 quantum
984 3687 1124 3771 expedit
1169 3687 1268 3753 Vitae
1294 3686 1380 3753 enim
1403 3685 1517 3752 discri-

381 3995 389 4030 ¹
407 3998 478 4044 Plato
496 3995 559 4044 crit.
581 3995 620 4057 [p.
639 4008 680 4057 49.
701 3995 740 4057 b.]
762 3993 863 4044 Arrian.
883 3994 968 4056 Epict.
983 3996 1000 4043 l.
1020 4008 1044 4043 1.
1057 4008 1083 4044 1.
1101 4008 1140 4043 ro.
1173 3990 1184 4025 ⁹
1200 3991 1522 4053 ι111111.1111111.1.6.1.,

349 4089 387 4137 18.
419 4085 561 4135 ι1811111111.
580 4098 619 4143 13.
641 4086 731 4147 [11136.
751 4085 897 4141 8111665.
918 4100 945 4145 p.
964 4084 1113 4147 19111116]
1148 4082 1160 4114 ⁴
1177 4086 1194 4133 l.
1210 4086 1293 4133 nullus
1312 4084 1342 4131 C.
1360 4084 1392 4131 de
1406 4081 1517 4146 Judteia.

347 4178 391 4239 [C.
407 4190 428 4225 1.
444 4191 468 4240 9.
486 4176 537 4239 14]
556 4178 630 4225 Adde
647 4178 664 4223 l.
679 4188 701 4232 5.
717 4176 744 4223 ff.
760 4177 824 4225 adl.
841 4176 928 4236 nquit.
947 4176 991 4237 [D.
1005 4188 1029 4237 9.
1045 4175 1081 4237 o.]
1103 4185 1128 4223 et
1144 4177 1161 4223 l.
1179 4176 1225 4222 ult.
1243 4174 1273 4224 G.
1290 4176 1322 4223 de
1341 4171 1446 4222 malelio.
1472 4172 1518 4235 [C.

346 4281 371 4331 9.
390 4270 428 4315 18.
441 4268 478 4331 9.]
512 4265 658 4316 ‘Cassiod
674 4266 733 4314 Ver.
751 4268 868 4326 1119.
887 4278 926 4314 10.
958 4264 1033 4313 ⁶art.
1051 4278 1072 4314 1.
1090 4278 1115 4325 q.
1137 4264 1161 4313 6.
1195 4262 1288 4313 ⁷Bart.
1306 4266 1338 4313 de
1357 4276 1464 4325 represo.
1485 4264 1518 4312 ad

346 4372 398 4407 sec.
410 4372 437 4406 n.
449 4358 474 4406 6.
484 4356 563 4414 cajet.
577 4359 609 4406 ad
623 4360 715 4405 summ.
728 4356 819 4403 Thom.
832 4369 855 4403 1.
871 4368 894 4404 1.
909 4370 934 4415 q.
950 4356 994 4405 66.
1007 4366 1051 4403 art.
1067 4358 1090 4404 8.
1105 4355 1159 4413 ibi,
1173 4368 1206 4403 ex
1219 4354 1295 4404 dictis
1309 4364 1393 4403 autem
1405 4364 1483 4415 patet.
1499 4356 1517 4401 l.

345 4451 485 4509 quemadm.
501 4452 523 4506 ς.
542 4462 563 4495 1.
575 4446 602 4495 n.
617 4449 649 4496 ad
663 4449 680 4494 l.
698 4444 987 4509 Λ91ἰ1.[1).9.1,38.]
1023 4446 1035 4479 ⁸
1051 4448 1120 4495 Bold.
1135 4448 1195 4495 adl.
1215 4458 1236 4493 1.
1255 4447 1284 4494 C.
1301 4446 1368 4494 unde
1384 4444 1411 4494 vi
1431 4444 1474 4506 [C.
1492 4447 1516 4493 8.

345 4538 635 4601 4.]1111111111111.38.11
651 4550 692 4598 4ο.
717 4536 728 4569 ⁸
746 4537 806 4585 silv.
822 4537 848 4586 in
864 4552 890 4587 v.
901 4539 1008 4587 Bellum.
1024 4550 1049 4586 n.
1064 4549 1088 4595 3.
1102 4536 1153 4598 ibi,
1162 4538 1228 4587 unde
1239 4536 1307 4586 dico.
1327 4534 1347 4569 ¹⁰
1364 4535 1390 4585 in
1400 4538 1425 4585 d.
1434 4538 1483 4597 leg.
1495 4548 1516 4583 1.
