3450 5434
498 647 545 692 DE
568 648 663 713 JURE
690 644 872 691 PRAEDAE.
899 645 979 692 CAP.
1004 642 1068 693 xll.
1311 648 1373 709 215

201 816 340 867 vocatur
361 801 530 883 proprium
555 814 604 867 est
627 798 806 881 quiddam,
831 814 889 864 aut
911 814 948 865 ut
970 799 1101 865 illorum
1121 819 1210 866 more
1233 801 1373 882 loquar,

202 913 364 996 privative
398 912 440 978 ad
471 912 553 979 alios
585 912 718 978 dicitur.
761 912 842 997 Jure
873 912 980 994 primo
1013 910 1183 996 gentium,
1218 912 1310 993 quod
1343 926 1375 977 et

203 1027 350 1090 naturale
373 1026 537 1091 interdum
561 1024 724 1104 dicimus,
748 1038 781 1091 et
798 1024 892 1106 quod
910 1038 1027 1106 poetae
1048 1022 1127 1089 alibi
1135 1024 1243 1089 ietate
1256 1044 1373 1104 aurea,

205 1137 283 1201 alibi
318 1136 450 1203 Saturni
473 1150 531 1202 aut
556 1136 710 1220 Justitiae
734 1154 835 1220 regno
858 1136 1064 1219 depingunt,
1099 1133 1182 1201 nihil
1204 1135 1372 1217 proprium

202 1245 288 1313 fuit:
313 1248 405 1329 quod
428 1248 546 1313 Cicero
570 1246 673 1313 dixit:
697 1247 784 1313 Sunt
809 1262 920 1311 autem
940 1250 1086 1333 privata
1109 1246 1205 1311 nulla
1229 1260 1373 1325 natura,

175 1339 179 1345 ⁴
203 1374 238 1424 et
260 1359 421 1425 Horatius
441 1364 471 1423 ¹:

312 1470 406 1537 Nam
424 1474 588 1557 propriae
607 1469 742 1535 telluris
763 1470 880 1535 herum
902 1482 1032 1535 natura
1055 1490 1112 1535 nec
1135 1469 1254 1548 illum,

313 1581 387 1646 Nec
409 1603 480 1656 me,
503 1603 560 1646 nec
583 1600 780 1666 quemquam
802 1583 937 1647 statuit.

245 1692 367 1774 Neque
387 1692 474 1757 enim
493 1688 605 1775 potuit
624 1706 739 1757 natura
760 1690 912 1757 dominos
929 1691 1146 1776 distinguere.
1181 1693 1255 1758 lloc
1274 1692 1375 1779 igitur

202 1802 392 1889 significatu
421 1823 476 1869 res
498 1822 611 1870 omnes
641 1822 682 1869 eo
701 1819 848 1887 tempore
872 1784 1063 1869 communes
1086 1803 1190 1870 fuisse
1211 1804 1375 1886 dicimus,

203 1915 289 1980 idem
309 1914 485 1981 innuentes
506 1914 598 1996 quod
615 1929 753 1997 poetae,
771 1934 845 1980 cum
867 1914 990 1998 primos
1009 1916 1160 1981 homines
1178 1915 1211 1981 in
1233 1916 1374 1982 medium

204 2026 407 2109 quaesivisse
428 2040 462 2091 et
479 2024 650 2109 Justitiam
672 2040 763 2092 casto
787 2024 920 2092 foedere
941 2045 994 2093 res
1014 2027 1137 2094 medias
1158 2028 1303 2094 tenuisse
1327 2028 1376 2093 di·

203 2155 302 2204 cunt:
327 2138 419 2220 quod
442 2152 480 2203 ut
509 2136 632 2203 clarius
660 2136 848 2220 explicent,
873 2154 993 2223 negant
1014 2159 1053 2205 eo
1075 2154 1221 2222 tempore
1244 2159 1375 2223 campos

204 2250 307 2316 limite
328 2249 490 2334 partitos,
513 2266 572 2316 aut
593 2249 786 2316 commercia
807 2248 910 2317 fuisse
933 2251 1017 2317 ulla:

706 2365 899 2447 promiscua
923 2382 1010 2427 rura
1028 2376 1092 2447 per
1115 2383 1214 2449 agros

328 2473 583 2539 Praestiterant
604 2476 733 2538 cunctis
754 2477 941 2539 communia
963 2486 1085 2539 cuncta
1106 2472 1218 2541 videri
1229 2470 1251 2537 ².

248 2584 352 2649 Recte
384 2584 531 2650 additum
563 2599 613 2651 est
634 2583 769 2664 videri,
793 2599 928 2668 propter
957 2584 1201 2651 translationem
1226 2598 1263 2651 ut
1293 2584 1377 2649 dixi-

204 2715 278 2761 mus
296 2695 462 2762 vocabuli.
510 2696 711 2762 Communio
732 2710 839 2762 autern
868 2694 928 2762 ista
953 2695 992 2760 ad
1014 2716 1109 2762 usum
1134 2695 1353 2762 referebatur:

686 2810 840 2893 pervium
863 2810 992 2871 cunctis
1015 2810 1106 2887 iter,

426 2918 612 2983 Communis
635 2939 712 2984 usus
736 2921 880 2984 omnium
902 2937 1016 2983 rerum
1033 2916 1109 3003 suit
1133 2921 1156 2983 ⁸.

248 3032 357 3116 Cujus
388 3031 514 3097 ratione
536 3029 719 3097 dominium
752 3029 918 3111 quoddam
939 3044 1028 3111 erat,
1053 3028 1109 3094 sed
1134 3027 1320 3096 universale
1344 3044 1377 3095 et

202 3142 431 3209 indefinitum:
455 3142 548 3208 Deus
571 3141 657 3206 enim
679 3161 731 3207 res
754 3160 867 3206 ornnes
887 3160 953 3206 non
971 3140 1049 3206 huic
1071 3154 1128 3206 aut
1153 3140 1201 3206 illi
1225 3140 1377 3223 dederat,

205 3255 264 3320 sed
282 3255 425 3322 humano
445 3253 554 3338 generi
579 3268 679 3335 atque
699 3272 738 3318 eo
758 3252 857 3319 modo
878 3254 990 3335 plures
1013 3252 1046 3317 in
1068 3253 1210 3318 solidum
1232 3254 1377 3338 ejusdem

205 3365 252 3432 rei
281 3364 405 3432 domini
436 3384 507 3432 esse
527 3382 595 3432 non
613 3364 890 3447 prohibebantur:
914 3364 1030 3447 quod,
1053 3364 1079 3431 si
1099 3364 1257 3431 hodierna
1277 3364 1380 3449 signi·

206 3478 361 3544 ficatione
390 3496 556 3543 sumamus
590 3475 797 3558 dominium,
824 3490 940 3542 contra
970 3495 1098 3541 omnem
1129 3490 1178 3543 est
1206 3476 1376 3543 rationem.

206 3589 282 3655 Hoc
305 3588 390 3655 enim
413 3588 646 3672 proprietatem
666 3586 830 3669 includit,
855 3607 938 3669 quae
969 3602 1047 3653 tunc
1069 3602 1136 3651 erat
1154 3606 1253 3670 pcnes
1277 3586 1377 3653 nerni-

204 3700 290 3769 nem.
336 3699 520 3784 Aptissime
544 3715 651 3765 autem
673 3699 758 3766 illud
778 3698 903 3764 dictum
925 3712 994 3763 este

776 3812 886 3875 omnia
909 3830 1023 3874 rerum

554 3921 760 4008 Usurpantis
783 3934 883 3987 erant
900 3924 922 3987 l.

251 4035 307 4101 Ad
327 4054 395 4101 eam
416 4054 495 4102 vero
519 4053 603 4116 quae
626 4053 714 4100 nunc
737 4048 787 4100 est
806 4032 1027 4098 dominiorum
1047 4030 1289 4099 distinctionem
1311 4050 1377 4097 non

204 4251 396 4263 —--.-

239 4392 248 4425 ¹
267 4392 329 4454 [sat.
345 4396 361 4440 l.
381 4406 404 4441 a.
423 4407 446 4441 a.
464 4407 502 4442 vs.
523 4406 576 4456 ¹29·
594 4392 645 4453 sq.]
681 4389 824 4441 ²Avienus
842 4391 869 4440 in
887 4390 1011 4441 Arataeis.
1032 4388 1083 4453 [vs.
1101 4389 1218 4450 302.sq.]
1253 4386 1264 4419 ³
1282 4390 1374 4437 seneca

206 4484 314 4534 Octavia
333 4484 385 4546 [vs.
402 4498 459 4544 402.
478 4483 527 4548 sq]
564 4481 575 4512 ⁴
593 4482 708 4532 Avienus
726 4482 790 4531 ibid.
811 4480 862 4546 [vs.
882 4482 951 4544 son]
