3450 5434
538 686 584 731 DE
607 681 702 745 JURE
728 684 911 731 PRAEDAE.
937 684 1016 731 CAP.
1041 684 1073 729 X.
1308 682 1367 750 129

194 842 333 908 dicitur:
365 860 506 925 quorum
536 857 713 926 utrumque
743 840 902 926 injustum
934 858 1006 907 esse
1037 839 1163 905 Socrati
1197 838 1230 903 in
1260 840 1367 922 primo

195 953 336 1019 Politico
364 952 545 1036 disputanti
575 958 584 995 ¹
613 953 788 1019 credimus.
833 952 907 1016 Nec
941 951 1058 1036 effugit
1090 926 1367 1034 philosophorum

195 1079 304 1129 nomm
332 1064 493 1130 Pindarus
511 1068 544 1143 ¹,
568 1083 641 1128 cum
669 1063 823 1129 dixisset:
849 1068 907 1149 χρὴ
934 1068 963 1132 δὲ
991 1070 1052 1131 πᾶν
1073 1063 1175 1146 ἔρδοντ’
1196 1068 1368 1146 ἀμαυρῶσαι

193 1180 243 1243 riu
268 1178 375 1259 ἐχθράν.
405 1171 546 1257 Quidvis
564 1174 683 1258 facero
700 1188 828 1260 oportet
855 1187 893 1238 ut
921 1176 1092 1239 inimicum
1111 1172 1246 1260 perdas.
1293 1170 1366 1256 Ego

196 1300 229 1350 et
250 1285 402 1350 Tullium
420 1283 433 1318 ³
452 1286 570 1351 audio:
602 1286 689 1350 Sunt
719 1299 830 1350 autam
861 1284 1024 1370 quandam
1058 1286 1160 1371 officia
1182 1288 1283 1379 atiani¹
1307 1282 1367 1348 ad-

194 1416 309 1464 uersus
328 1417 378 1461 aas
398 1396 587 1476 seruanda,
611 1417 634 1461 a
652 1396 771 1482 quihus
789 1397 955 1480 injuriant
974 1398 1149 1480 acceperis.
1199 1394 1263 1459 Est
1282 1397 1367 1459 anim

195 1505 376 1571 ulciscendi
408 1519 441 1570 at
464 1506 629 1591 puniendi
656 1506 780 1572 modus.
825 1506 871 1571 Et
890 1522 941 1587 te,
965 1506 1106 1571 secunde
1124 1506 1285 1585 Romule,
1310 1504 1367 1587 qui

194 1637 269 1682 cum
292 1614 553 1702 ludimagistrum
576 1616 756 1682 remitteres
775 1624 806 1681 ⁴:
842 1618 972 1697 Nabis,
1002 1617 1133 1702 ajebas‚
1169 1630 1200 1681 et
1224 1616 1368 1681 Faliscis

195 1748 281 1813 quae
301 1741 402 1813 pacto
425 1725 468 1809 fit
497 1730 640 1792 damano
666 1732 803 1793 sociatas
832 1706 996 1793 nonest:
1025 1748 1125 1813 quam
1154 1731 1367 1813 ingenerauit

195 1852 325 1903 natura
346 1841 462 1923 utiquo
481 1852 551 1918 att,
575 1842 728 1924 eritque:
752 1850 831 1904 sunt
852 1853 884 1903 ar
905 1840 983 1903 balli
1003 1843 1088 1904 sicut
1114 1853 1146 1903 at
1159 1842 1256 1924 pacis
1264 1840 1365 1925 jura.

195 1948 269 2014 Nec
291 1948 355 2013 alio
371 1947 473 2033 magis
484 1948 616 2015 nomine
628 1949 814 2014 Fabricium
826 1950 939 2016 laudat
951 1950 1117 2030 Seneca⁸‚
1141 1950 1216 2013 bassi
1228 1950 1368 2036 exempli

194 2073 358 2124 tenacem:
390 2055 480 2145 quod
503 2059 731 2146 difficillimum
764 2072 834 2140 ast,
869 2062 905 2125 in
937 2060 1018 2126 ballo
1053 2064 1276 2126 innocentem:
1309 2062 1368 2147 qui

196 2168 337 2255 aliquod
363 2189 427 2234 essa
457 2169 607 2235 crederet
640 2174 742 2236 etiam
774 2175 811 2235 in
834 2173 939 2237 hortas
962 2170 1069 2255 nefas.
1116 2170 1224 2237 Tollit
1244 2172 1366 2236 bellum

194 2279 455 2347 communionem
489 2282 643 2361 civilem,
680 2300 746 2347 non
779 2281 866 2346 illam
899 2281 1033 2347 humani
1068 2282 1206 2365 generis.
1252 2282 1368 2347 Manet

196 2390 296 2475 igitur
329 2392 424 2457 etiam
459 2394 511 2457 lex
546 2406 685 2475 quarta,
717 2392 782 2458 nisi
815 2408 978 2475 quatenus
1012 2393 1155 2459 secunda
1187 2394 1363 2475 praevalet.

195 2502 365 2568 Secundae
396 2517 503 2569 autem
535 2503 587 2569 vis
619 2515 657 2568 ut
687 2502 850 2583 diximus,
884 2504 917 2569 in
950 2504 1066 2586 quinta
1098 2504 1194 2570 etiam
1223 2516 1256 2569 et
1277 2518 1367 2571 sexta

195 2614 385 2680 includitur.
429 2613 529 2680 Unde
559 2615 710 2697 sequitur
729 2635 796 2680 rem
819 2614 972 2680 hostilem
995 2615 1059 2681 nisi
1081 2616 1124 2681 ob
1146 2615 1292 2681 debitum
1316 2634 1367 2679 ac·

195 2724 282 2807 quiri
300 2744 367 2791 non
386 2744 501 2807 posse,
525 2726 589 2791 hoc
608 2740 674 2806 est,
699 2740 824 2809 praeter
841 2725 1081 2808 possessionem
1102 2726 1218 2791 debere
1237 2745 1366 2790 causam

194 2836 346 2902 accedere
358 2883 370 2916 ,
383 2836 474 2918 quod
486 2857 682 2919 quamquam
695 2837 773 2903 alibi
795 2837 1053 2901 demonstratum
1075 2846 1164 2917 est‘,
1178 2836 1241 2901 hoc
1260 2851 1367 2901 tamen

192 2948 268 3013 loco
290 2962 435 3030 repetere
463 2967 529 3013 non
552 2947 608 3013 abs
631 2968 666 3012 re
687 2947 763 3014 fuit.
809 2947 861 3011 De
883 2946 1001 3029 praeda
1025 2945 1126 3031 igitur
1148 2947 1224 3011 belli
1248 2945 1367 3029 privati

193 3057 247 3123 cui
269 3073 443 3141 quaeratur
460 3058 639 3125 videamus.
664 3058 729 3124 Sed
748 3057 901 3140 quisquis
923 3060 986 3122 hoc
1009 3058 1156 3140 quaerit,
1180 3058 1208 3123 is
1226 3057 1365 3140 primum

193 3169 277 3234 illud
308 3189 429 3253 ponere
462 3168 593 3235 videtur
625 3170 681 3253 jus
712 3170 848 3251 aliquod
880 3170 1015 3251 praedae
1048 3188 1087 3234 ex
1119 3169 1206 3235 bello
1237 3168 1366 3252 privato

193 3279 291 3346 oriri:
324 3282 415 3362 quod
446 3280 637 3363 interpretes
665 3280 814 3363 plerique
843 3300 1006 3344 canonum
1038 3291 1071 3345 et
1098 3282 1228 3365 legum,
1252 3281 1365 3363 etqui

193 3391 271 3457 belli
291 3390 366 3475 jura
386 3405 566 3457 tractarunt
583 3390 737 3456 videntur
756 3409 871 3475 negare
882 3396 903 3455 ⁷.
929 3390 1121 3473 Aliquoties
1138 3391 1203 3476 jam
1223 3391 1365 3458 diximus
1379 3390 1525 3439 Pom-¹⁶⁸·

194 3522 260 3568 non
283 3521 372 3582 esse,
395 3522 453 3567 cur
472 3502 569 3568 nobis
591 3520 718 3583 semper
738 3505 865 3585 placere
890 3500 1006 3567 debeat
1028 3502 1159 3567 illorum
1182 3504 1364 3585 sententia,

194 3612 252 3695 qui
273 3612 419 3680 contenti
439 3613 524 3697 juris
546 3611 654 3678 civilis
686 3612 873 3699 cognitione
897 3632 955 3692 ea,
980 3632 1064 3694 quae
1082 3613 1166 3696 juris
1189 3614 1333 3697 gentium
1353 3618 1365 3652 ⁸

192 3738 292 3805 sunt,
323 3743 363 3788 ex
392 3722 479 3790 veris
504 3722 674 3807 principiis
698 3724 822 3790 discere
844 3723 1110 3805 supersederunt.
1157 3724 1204 3789 Et
1224 3740 1366 3791 meretur

191 3833 248 3899 hic
268 3834 434 3900 observari
456 3834 538 3899 ratio
563 3834 739 3901 deliniendi
763 3854 846 3917 quae
870 3854 888 3899 a
912 3834 1018 3900 Fabro
1040 3832 1183 3901 affertur.
1229 3836 1261 3903 Is
1281 3836 1366 3903 enim

226 4033 443 4095 ¹1²1aoderep-
463 4048 485 4083 1·
503 4034 541 4097 [p-
561 4037 658 4091 assd·
676 4034 711 4096 e.]
739 4032 868 4096 ¹[lsthm.
883 4047 907 4095 4.
924 4046 961 4082 vs.
980 4035 1033 4096 82.]
1060 4031 1121 4083 'de
1139 4032 1182 4081 nis.
1201 4032 1218 4081 l.
1239 4048 1259 4081 1.
1281 4030 1370 4097 [c.11‚

191 4128 213 4181 ς.
232 4124 285 4185 sm]
324 4122 406 4172 *Lim
424 4126 441 4171 L
461 4117 483 4179 ἐξ
502 4126 538 4186 [c.
555 4126 607 4186 27.]
642 4124 717 4186 ‘Ep
749 4138 804 4173 rao.
838 4124 946 4185 ‘prinu
964 4138 986 4173 c.
1004 4137 1029 4184 4
1071 4120 1155 4172 ilnn.
1176 4136 1201 4171 et
1227 4126 1286 4171 Pan.
1303 4124 1329 4172 in
1346 4138 1368 4173 c.

191 4203 263 4261 olim.
281 4216 312 4263 de
335 4226 395 4263 rest.
418 4217 484 4275 spol.
504 4216 643 4276 [Decretal.
661 4229 684 4263 2.
705 4228 743 4273 1³·
764 4216 815 4276 ra]
833 4226 858 4263 et
877 4216 903 4263 in
922 4227 944 4263 c.
962 4215 1036 4263 sicut.
1055 4216 1086 4263 de
1104 4212 1209 4270 iureiur.
1229 4212 1368 4277 [Decretal.

192 4318 216 4351 a.
234 4317 274 4364 ²4
293 4305 345 4366 29.]
369 4306 436 4353 Bart.
459 4308 490 4353 ad
516 4308 532 4353 1.
555 4308 651 4354 hostes.
676 4305 701 4354 ff.
724 4308 756 4354 de
778 4316 847 4365 capt.
868 4306 912 4367 [D.
929 4318 970 4367 49.
991 4316 1029 4360 15.
1048 4304 1102 4366 24.]
1121 4305 1171 4367 Jar.
1188 4303 1215 4352 in
1233 4306 1250 4352 l.
1268 4317 1298 4353 ex
1318 4308 1368 4354 hoc

190 4394 255 4451 jure.
272 4395 298 4442 ff.
316 4397 347 4443 de
358 4394 418 4452 just.
430 4408 456 4444 et
467 4394 524 4452 iure
540 4394 586 4459 [D.
605 4409 626 4444 r.
645 4410 666 4443 1.
680 4396 717 4457 5.]
737 4396 824 4444 Franc.
842 4394 916 4444 Arias
936 4395 962 4443 in
980 4406 1053 4444 tract.
1071 4396 1103 4443 de
1121 4394 1190 4442 bello
1209 4398 1230 4453 ξ.
1249 4397 1280 4444 de
1298 4396 1367 4443 bello

190 4477 344 4548 particulari.
371 4484 478 4549 [Ocean.
502 4484 551 4543 jur.
575 4480 629 4535 voli
657 4488 695 4536 16.
719 4501 745 4548 p.
771 4499 829 4543 325.
856 4487 924 4548 sqq]
960 4486 1051 4535 ⁸lnst.
1073 4487 1104 4534 de
1124 4497 1172 4533 rer.
1193 4485 1246 4535 div.
1266 4490 1287 4545 5.
1308 4487 1368 4535 item

190 4590 256 4636 quae
270 4577 301 4624 ab
319 4579 403 4625 hoste.
421 4576 453 4639 [1.
470 4590 493 4624 2.
512 4591 533 4624 t.
551 4578 573 4633 ξ.
593 4576 643 4641 17.]

1213 4690 1232 4749 9
