3450 5434
356 648 418 695 110
649 645 698 693 DE
719 648 814 715 JURE
838 648 1025 696 PRAEDAE.
1050 648 1132 696 CAP·
1157 648 1241 697 vm.

353 800 503 884 captivos
532 801 753 869 Athenienses
784 800 874 886 apud
902 801 1050 868 Siculum
1071 813 1080 847 ¹
1101 803 1141 868 ab
1162 800 1240 885 his,
1269 802 1327 885 qui
1346 801 1471 870 malitia
1494 818 1529 871 et

352 913 531 996 cupiditate
562 932 622 979 sua
652 913 687 981 in
709 913 818 980 clades
840 913 1027 981 inciderunt
1048 912 1171 981 frustra
1193 912 1358 979 fortunam
1380 914 1526 980 accusari

353 1023 456 1105 dicit,
486 1023 673 1108 frustraque
706 1024 850 1091 affectari
882 1023 1070 1108 supplicum
1103 1042 1232 1091 nomen.
1277 1024 1405 1091 Servari
1439 1024 1526 1091 enirn

352 1134 414 1202 ista
444 1135 606 1218 praesidia
635 1134 848 1216 hominibus,
881 1154 1022 1218 quorum
1052 1154 1128 1201 curn
1159 1155 1263 1218 purus
1289 1151 1375 1201 esset
1397 1135 1528 1201 animus

352 1246 423 1311 sola
444 1243 579 1312 fortuna
600 1246 760 1330 peccavit.
806 1247 893 1312 Nam
917 1244 976 1329 qui
999 1246 1096 1313 istius
1126 1260 1235 1314 essent
1260 1246 1345 1331 iuris
1374 1261 1525 1314 auctores

349 1352 535 1423 infelicibus
552 1356 827 1439 misericordiam,
850 1378 908 1440 per
936 1356 1131 1443 injustitiam
1149 1356 1417 1440 delinquentibus
1444 1376 1525 1441 poe-

350 1487 425 1534 nam
446 1467 670 1551 proposuisse.
713 1466 843 1533 Deinde
862 1467 1048 1537 concludit:
1071 1470 1166 1553 διόπερ
1183 1473 1313 1545 ἑκουσίως
1329 1471 1456 1551 ἑλόμενοι
1471 1470 1526 1537 rd-

349 1597 440 1661 λεμον
453 1580 549 1649 ἄδικον
564 1583 704 1664 εὐψύχως
720 1581 914 1662 ὑπομενόντων
932 1582 973 1648 roi
990 1582 1092 1649 retiret
1111 1581 1199 1648 δεινά.
1225 1575 1340 1661 Quare
1361 1599 1435 1643 cum
1458 1578 1525 1645 bel-

350 1688 420 1754 lum
444 1690 607 1776 injustum
629 1702 744 1775 sponte
772 1692 978 1775 inceperint,
1001 1688 1143 1775 ejusdem
1168 1689 1364 1774 infortunio
1375 1688 1526 1774 fortiter

342 1798 481 1884 ferant.
505 1800 734 1883 Eandemque
745 1799 779 1866 in
797 1818 930 1867 sensum
949 1798 1156 1868 Themistius
1176 1796 1188 1833 ²
1206 1798 1317 1867 deberi
1335 1800 1417 1867 dicit
1434 1800 1525 1869 casui

349 1910 503 1992 veniam,
536 1910 637 1977 errori
666 1908 934 1995 castigationem,
965 1910 1133 1993 iniquitati
1163 1931 1312 1996 poenam.
1356 1911 1394 1978 Iu
1425 1912 1524 1979 tertio

350 2034 459 2087 autem
483 2040 600 2106 genere
622 2041 679 2088 eos
701 2020 818 2104 ponit,
849 2020 908 2102 qui
929 2021 1118 2088 rebellionis
1138 2021 1275 2089 fuerunt
1295 2028 1465 2103 auctores,
1489 2022 1524 2089 in

350 2129 519 2213 secundo,
552 2131 612 2213 qui
643 2132 768 2215 impetu
799 2132 942 2214 quodam
963 2132 1042 2199 belli
1062 2132 1188 2217 abrepti
1218 2148 1317 2217 sunt,
1340 2132 1374 2199 in
1395 2132 1523 2216 primo,

352 2239 410 2323 qui
433 2240 518 2325 parti
545 2256 615 2307 tum
642 2240 728 2309 forte
758 2242 913 2310 validiori
942 2246 1198 2312 succubuerunt
1243 2244 1340 2311 Sicut
1359 2243 1399 2311 de
1419 2243 1524 2310 Athe-

350 2351 519 2419 niensibus
558 2352 640 2419 dicit
677 2353 849 2438 Velleius,
898 2372 954 2419 eos
992 2354 1201 2423 Mithridatis
1237 2354 1442 2439 temporibus
1481 2354 1523 2422 ab

351 2462 492 2529 inimicis
524 2482 720 2547 oppressos,
762 2478 969 2549 oppugnatos
1001 2465 1041 2531 ab
1073 2466 1184 2533 amicis
1220 2481 1253 2533 et
1280 2466 1407 2534 animos
1434 2480 1524 2533 extra

349 2572 500 2657 moenia,
530 2591 664 2659 corpora
689 2575 877 2643 necessitati
903 2576 1082 2643 servientes
1110 2576 1195 2643 intra
1223 2596 1336 2644 muros
1353 2576 1521 2644 habuisse.

350 2683 430 2772 Quo
450 2688 598 2769 exemplo
620 2687 751 2771 probari
772 2703 882 2772 potest
902 2688 1033 2755 illorum
1055 2686 1245 2769 distinctio,
1268 2687 1327 2769 qui
1350 2688 1432 2755 alios
1453 2708 1523 2757 esse

349 2797 463 2863 hostes
490 2796 630 2879 dicunt,
661 2798 744 2865 alios
774 2799 861 2882 apud
891 2800 1015 2867 hostes.
1059 2798 1115 2864 Ad
1146 2798 1235 2867 hunc
1266 2797 1367 2883 igitur
1388 2800 1523 2867 modurn

348 2906 456 2975 victor
475 2908 598 2993 judicis
626 2925 743 2976 nactus
764 2924 958 2994 potestatem
980 2908 1294 2977 animadversionem
1315 2910 1521 2993 temperabit.

350 3018 395 3085 Et
425 3019 466 3085 de
494 3039 631 3103 corpore
662 3021 832 3087 hactenus.
879 3021 936 3087 Ad
967 3022 1053 3087 bona
1073 3040 1153 3087 vero
1175 3020 1267 3103 quod
1284 3021 1424 3104 attinet,
1446 3040 1522 3087 cum

348 3129 428 3197 satis
459 3130 538 3196 alibi
557 3134 569 3170 ⁸
587 3130 632 3196 sit
658 3130 855 3214 explicatum
889 3130 970 3215 eripi
1003 3152 1040 3197 ea
1073 3150 1170 3215 posse
1201 3132 1243 3199 ad
1264 3132 1522 3216 propulsandum

349 3240 554 3323 periculum,
586 3240 679 3323 quod
704 3240 792 3307 vitae
821 3256 879 3308 aut
907 3243 1007 3311 rebus
1037 3243 1207 3326 imminet,
1232 3243 1357 3327 acquiri
1380 3263 1459 3311 vero
1482 3262 1523 3309 ex

348 3370 446 3416 causa
477 3349 602 3433 debiti,
635 3370 777 3433 quorum
810 3352 893 3419 illud
920 3373 961 3419 ex
989 3353 1086 3437 primi
1120 3353 1266 3438 ordinis,
1289 3355 1354 3421 hoe
1373 3374 1414 3420 ex
1434 3354 1522 3421 tertii

348 3460 478 3546 legibus
507 3460 700 3544 descendit,
731 3463 818 3546 quid
847 3463 902 3530 lric
934 3464 968 3530 in
999 3465 1142 3533 subditis
1173 3465 1274 3533 stated
1308 3466 1424 3533 debeat
1446 3466 1522 3533 visu

347 3592 415 3638 non
437 3586 488 3641 est
509 3572 652 3641 difficile.
677 3574 838 3643 subditos
859 3576 966 3657 enim,
991 3592 1152 3659 quatenus
1172 3578 1228 3662 jus
1250 3593 1398 3643 nostrum
1422 3577 1519 3643 etiarn

348 3682 541 3751 innocentes
572 3684 778 3769 impediunt,
810 3685 899 3753 bello
931 3687 1051 3774 subjici
1079 3702 1154 3755 ante
1174 3686 1187 3724 ⁴
1206 3688 1330 3755 dictum
1354 3704 1413 3758 est.
1458 3689 1521 3755 Fa·

347 3794 526 3862 cultatibus
556 3808 663 3861 autem
695 3797 767 3863 suis
797 3796 982 3881 impediunt
1013 3816 1073 3865 uos
1097 3818 1231 3881 omnes,
1255 3799 1350 3866 etiam
1373 3800 1433 3882 qui
1455 3800 1520 3883 ipsi

347 3925 415 3975 non
445 3905 586 3972 militant
602 3904 640 3987 ⁸,
667 3927 741 3973 cum
765 3908 889 3975 tributa
911 3908 1104 3992 conferunt,
1137 3909 1260 3993 quibus
1282 3930 1320 3977 ea
1340 3924 1520 3995 parantur,

347 4038 433 4100 quae
464 4034 527 4084 nos
557 4016 592 4082 in
621 4018 710 4083 vitae
731 4018 900 4086 adducunt
920 4019 1095 4087 discrimen
1127 4040 1236 4105 neque
1257 4036 1384 4089 tantum
1411 4035 1524 4089 vetant

347 4144 458 4196 nostra
486 4148 699 4211 recuperare,
731 4130 789 4194 sed
812 4150 899 4197 nova
921 4130 1055 4214 insuper
1077 4148 1200 4217 cogunt
1221 4132 1368 4199 amittere
1385 4129 1412 4199 ⁸.
1459 4132 1523 4199 His

348 4270 538 4285 *-

379 4351 485 4403 ¹Diod.
501 4350 584 4401 βίαι.
603 4362 643 4407 tn.
662 4347 699 4414 [e.
716 4348 771 4415 ao]
805 4347 861 4400 'in
879 4352 994 4401 oratione
1012 4354 1044 4403 td
1060 4353 1192 4403 Valentem
1212 4350 1250 4418 [p.
1271 4366 1328 4405 ιιι.
1352 4366 1392 4404 vt.
1417 4352 1471 4416 lb]
1496 4366 1522 4402 et

345 4445 372 4494 in
392 4447 471 4495 altera
485 4445 518 4494 td
534 4442 745 4493 Valentinianum.
763 4442 802 4505 [p.
823 4446 878 4507 ¹4⁰·
902 4458 942 4494 vs.
964 4444 1001 4508 3.]
1036 4442 1087 4495 ⁸0.
1109 4457 1133 4503 s.
1149 4444 1175 4495 ln
1195 4446 1396 4497 demonstaret.
1416 4458 1438 4495 ι.
1455 4443 1524 4495 Vlet.

344 4552 370 4587 n.
389 4548 429 4599 oo.
448 4546 487 4593 ss.
510 4531 571 4584 ‘ad
588 4545 634 4583 art.
652 4546 675 4581 a„
694 4535 779 4584 corel.
796 4534 820 4583 6.
845 4534 900 4584 ⁸v.
918 4549 940 4585 e.
959 4548 982 4585 a.
1006 4532 1097 4585 ‘Silta
1117 4536 1144 4585 in
1167 4551 1192 4587 v.
1212 4534 1364 4589 Restitutio.
1381 4547 1404 4593 s.
1421 4534 1448 4585 ln
1463 4533 1523 4585 fine.
