3450 5434
509 613 556 658 DE
579 613 673 678 JURE
700 613 883 659 PRAEDAE.
909 612 990 658 CAP·
1015 611 1096 658 x111.
1317 615 1380 678 297

208 791 286 837 suos
320 769 479 834 auxilium
514 767 604 833 tulit.
662 767 726 832 Est
757 766 790 831 in
826 767 918 833 India
950 785 1085 852 regnum
1105 765 1265 851 Jorense,
1290 770 1382 851 quod
1409 789 1449 834 rx
1470 793 1543 856 aaa.

207 881 350 965 supremi
381 879 585 963 principatus
617 880 691 944 loco
713 878 906 962 jamdudum
932 893 1099 945 censetur:
1125 879 1211 945 unde
1236 895 1381 963 apertum
1395 844 1543 964 (tillidi.

209 1009 258 1059 est
289 1011 395 1077 regem
428 990 505 1056 belli
540 989 671 1074 publice
705 990 837 1074 gerendi
871 989 1026 1056 habuisse
1065 990 1300 1057 auctoritatem.
1351 994 1383 1058 Is
1395 952 1453 1052 W
1451 967 1479 1088 ’ζ’
1491 965 1532 1014 ”p
1534 986 1540 999 '

208 1105 392 1170 Hollandos
428 1102 487 1185 qui
526 1123 601 1167 cum
636 1101 777 1168 navibus
811 1118 990 1183 venerant,
1033 1101 1066 1166 in
1109 1103 1201 1168 b'ello'
1240 1103 1303 1170 sibi
1346 1119 1383 1170 ut

194 1216 330 1282 auxilio
363 1229 472 1282 essent
503 1213 691 1296 requisivit.
739 1213 848 1300 Quam
882 1229 1016 1280 naturae
1040 1229 1073 1278 et
1095 1213 1232 1280 humani
1256 1216 1382 1300 generis
1409 1242 1543 1308 aurosam

208 1325 397 1411 cognationi
440 1323 484 1391 sit
521 1338 777 1389 consentaneum
816 1325 955 1389 alterum
999 1325 1091 1390 alteri
1135 1345 1230 1409 opem
1272 1299 1542 1409 ferre,iff'¹⁶¹·⁶'”‘·

208 1457 282 1503 cum
304 1436 382 1502 alibi
404 1435 662 1500 demonstratum
686 1435 752 1515 sit,
776 1434 855 1501 satis
877 1451 1011 1518 apparet
1030 1437 1178 1520 potuisse
1197 1439 1381 1505 Hollandos

207 1549 297 1614 illius
330 1547 409 1613 belli
443 1545 553 1612 socios
586 1545 750 1610 accedere.
805 1546 875 1611 Imo
910 1567 983 1612 cum
1018 1564 1153 1630 possent
1187 1552 1380 1632 commode,

207 1680 274 1727 non
305 1657 413 1724 facere
445 1658 512 1724 illis
546 1658 603 1724 vix
637 1657 799 1742 integrum
823 1657 912 1739 fuit,
937 1658 1008 1724 sive
1032 1658 1174 1725 divinam
1198 1662 1379 1746 paginam¹
1437 1655 1439 1660 ’

208 1771 419 1854 respicimus,
444 1791 529 1852 quae
550 1769 649 1834 nobis
680 1769 847 1853 injungit,
881 1785 918 1835 ut
950 1770 1139 1836 innocentes
1172 1772 1211 1837 ab
1244 1773 1379 1840 interitu

206 1883 404 1963 liberemus,
436 1881 507 1946 sive
539 1881 636 1947 etiam
667 1880 885 1963 philosophos
911 1880 945 1962 ¹,
978 1883 1036 1963 qul
1060 1882 1176 1949 dicunt
1199 1884 1379 1969 iniustitiae

207 1995 274 2060 duo
307 2013 377 2060 esse
409 2012 547 2077 genera,
580 2012 683 2058 unum
716 2012 828 2058 eorum
860 1995 920 2076 qui
944 1993 1111 2076 inferunt,
1136 1997 1296 2078 alterurn,
1321 1999 1378 2079 qui

207 2108 247 2171 ab
271 2106 311 2172 iis
335 2105 458 2188 quibus
490 2103 651 2185 insertur,
686 2104 713 2169 si
732 2104 879 2187 possint,
903 2125 969 2172 non
997 2109 1192 2190 propulsant
1212 2108 1377 2193 injuriam.

209 2219 295 2284 Eum
319 2218 428 2297 enim,
453 2216 511 2298 qui
534 2237 600 2281 non
612 2215 758 2282 defendit
768 2236 828 2282 nec
839 2217 993 2299 obsistit,
1016 2217 1043 2285 si
1064 2234 1193 2303 potest,
1218 2220 1377 2305 injuriae,

208 2344 273 2395 tam
305 2349 375 2394 esse
408 2328 441 2393 in
461 2327 566 2408 vitio,
589 2348 686 2411 quam
710 2327 738 2392 si
760 2344 909 2411 parentes
940 2344 998 2395 aut
1019 2331 1140 2398 amicos
1164 2346 1220 2397 aut
1241 2333 1377 2415 patriam

208 2441 334 2506 deserat
353 2441 383 2503 ⁸:
407 2459 480 2504 curn
504 2439 610 2504 dicere
634 2438 757 2504 civium
770 2439 949 2506 habendam
963 2441 1144 2523 rationem,
1169 2458 1377 2510 externorum

207 2572 349 2636 negare,
381 2553 445 2617 hoc
478 2570 556 2615 vero
589 2550 656 2631 sit,
688 2549 754 2615 illis
784 2550 976 2635 judicibus,
1001 2551 1150 2619 dirimere
1174 2575 1378 2622 communem
1437 2633 1448 2648 ¹

206 2663 341 2730 humani
365 2662 491 2747 generis
513 2660 729 2741 societatem,
753 2682 851 2744 quam
876 2663 933 2744 qui
957 2664 1081 2729 tollunt
1103 2664 1198 2729 etiam
1223 2665 1379 2732 adversus

207 2776 335 2855 Deum,
360 2776 431 2858 ejus
454 2773 620 2839 societatis
643 2788 829 2853 auctorem,
854 2773 946 2857 impii
967 2775 1136 2859 judicandi
1150 2791 1237 2841 sunt.
1263 2777 1379 2842 Nostri

207 2886 302 2952 etiam
323 2884 552 2970 Jurisconsulti
572 2886 584 2921 ⁴
604 2905 678 2950 eum
701 2885 759 2968 qui
781 2884 815 2951 id
832 2886 963 2952 omittat
985 2888 1101 2970 culpae
1124 2887 1248 2953 affinem
1260 2902 1379 2971 putant
1460 2915 1464 2922 ·

209 3013 240 3063 et
272 2996 454 3063 Christiani
483 2997 621 3063 Patres⁵
642 3017 715 3062 eum
735 2997 794 3079 qui
816 3018 883 3064 non
907 2997 1048 3080 depellat
1071 3018 1088 3063 a
1111 2999 1202 3064 socio
1226 2999 1378 3084 injuriam

207 3129 273 3176 non
294 3110 403 3175 minus
426 3110 459 3175 in
482 3108 566 3174 vitio
590 3127 684 3190 esse,
704 3130 801 3191 quam
826 3130 900 3175 eum
925 3109 982 3193 qui
1005 3108 1114 3176 faciat.
1163 3111 1265 3198 Quod
1285 3112 1379 3196 juxta

208 3221 420 3289 Aristotelem
439 3222 452 3257 ⁸
471 3235 551 3286 tunc
577 3220 748 3286 maximam
771 3220 931 3286 rationem
954 3221 1076 3302 habet,
1100 3241 1174 3287 curn
1198 3222 1295 3287 iidem
1320 3224 1378 3306 qui

207 3351 295 3397 nunc
317 3330 436 3416 injuria
459 3330 665 3412 afficiuntur,
690 3350 750 3398 nos
773 3347 847 3398 ante
871 3331 1032 3397 beneficio
1055 3332 1167 3416 aliquo
1187 3333 1376 3400 affecerunt.

207 3442 301 3530 Quid
332 3442 433 3527 igitur
464 3463 538 3508 eum
571 3442 736 3509 dicturum
759 3442 861 3509 fuisse
886 3444 1072 3524 credimus,
1095 3444 1123 3510 si
1148 3445 1223 3528 quis
1246 3447 1289 3512 ob
1313 3449 1377 3513 hoc

207 3554 336 3637 ipsum,
362 3554 454 3636 quod
475 3573 536 3621 nos
559 3554 719 3621 beneficio
742 3554 874 3635 affecit,
898 3555 938 3620 ab
960 3555 1032 3620 aliis
1053 3556 1210 3622 afficiatur
1229 3557 1374 3642 injuria?

208 3666 282 3730 Hoc
313 3666 398 3731 enim
431 3665 523 3731 Indis
554 3666 716 3751 contigit,
749 3685 856 3747 neque
891 3666 955 3731 alio
989 3666 1121 3733 nomine
1157 3667 1309 3734 Lusitani
1345 3685 1377 3735 et
1402 3701 1432 3747 1,
1451 3701 1534 3748 pm,

207 3797 314 3861 regern
346 3778 515 3862 Jorensem
550 3792 583 3843 et
614 3796 668 3843 eas
702 3795 784 3860 quas
817 3776 896 3842 alibi
941 3778 1191 3844 memoravimus
1225 3781 1375 3848 nationes
1388 3756 1534 3857 2352&sz

205 3888 360 3954 caedibus
382 3903 415 3954 et
436 3888 557 3971 rapinis
579 3903 730 3971 vastant,
754 3889 817 3954 nisi
841 3889 933 3971 quod
956 3889 1142 3957 Hollandos
1165 3891 1375 3959 admiserunt.

208 4078 402 4088 ——--—--

241 4196 343 4246 ¹Pr0v.
366 4211 461 4246 aava.
481 4211 519 4246 ιι.
555 4197 676 4246 ’Cicero
696 4198 744 4245 Oll'.
771 4177 792 4246 r.
819 4199 855 4259 [c.
875 4210 898 4257 7.
916 4202 938 4257 5.
960 4198 1013 4260 aa]
1033 4199 1109 4247 Adde
1127 4198 1334 4249 Ecclesiasticum
1354 4216 1377 4250 c.

206 4302 231 4349 4.
249 4302 288 4338 vs.
305 4303 330 4351 9.
364 4289 449 4337 'Cic
468 4289 517 4337 off.
537 4301 560 4345 3.
589 4288 624 4352 [c.
645 4289 670 4337 6.
691 4289 713 4351 §.
737 4287 791 4352 all]
826 4287 925 4338 ⁴Bald.
943 4290 1003 4338 inl.
1024 4302 1044 4338 1.
1064 4291 1093 4337 C.
1112 4292 1143 4338 de
1162 4291 1277 4351 senfug.
1297 4289 1377 4354 [06.

210 4380 243 4441 1.]
279 4379 396 4428 ‘Amba
420 4379 469 4428 off.
497 4381 625 4437 1.c.36.
659 4380 764 4429 ‘Rhea
782 4381 814 4428 ad
832 4381 906 4429 Alex.
925 4395 948 4430 c.
965 4393 987 4438 ³·
1008 4381 1046 4442 [p.
1067 4393 1139 4442 1424.
1154 4381 1179 4429 b.
1196 4395 1234 4430 vs.
1253 4393 1292 4438 ³5·
1310 4395 1335 4431 et
1351 4398 1377 4444 p.

210 4482 282 4531 1425.
299 4484 322 4518 a.
341 4483 379 4518 vs.
398 4469 447 4532 aa]
