3450 5434
507 660 555 707 DE
578 659 671 728 June
696 658 880 706 Pannona.
905 659 984 706 CAP.
1009 659 1057 705 tn.
1313 662 1371 725 123

201 836 266 901 pax
294 814 438 895 dicitur,
461 814 496 879 in
528 812 671 879 subditis
700 832 781 878 vero
812 812 970 878 adversus
997 812 1191 895 imperantes
1210 828 1374 893 promtum

199 926 408 1009 obsequium.
452 924 505 989 De
526 923 651 1006 priori,
676 923 766 1005 quod
787 922 828 987 ad
848 923 1031 988 voluntarie
1057 936 1188 1007 agentes
1211 922 1375 1006 pertinet,

203 1038 295 1121 prius
323 1037 505 1102 videamus.
551 1034 618 1098 Pax
650 1033 752 1117 igitur
780 1031 910 1099 fructus
931 1032 1077 1116 justitiae
1100 1046 1167 1098 est:
1199 1046 1232 1095 et
1247 1032 1340 1098 Plato
1365 1037 1373 1070 ¹

200 1148 288 1232 leges
322 1166 395 1211 cum
428 1164 523 1210 verae
544 1142 692 1227 justitiae
722 1142 822 1227 gratia
849 1158 978 1208 etcum
1002 1144 1092 1226 pacis
1114 1162 1189 1227 ergo
1210 1141 1376 1209 institutas

201 1257 303 1332 dicit,
327 1258 412 1321 idem
443 1253 614 1339 significat·
659 1254 744 1318 Vult
773 1252 892 1317 Cicero
914 1253 926 1287 ²
947 1252 991 1317 ita
1020 1253 1143 1318 bellum
1163 1252 1377 1335 suscipistis

200 1368 290 1432 nihil
309 1365 409 1432 aliud
429 1356 621 1452 quam'paa
644 1368 798 1451 quaesita
827 1364 996 1444 uideatur.
1042 1363 1107 1431 Sed
1135 1365 1212 1430 alibi
1232 1363 1244 1398 ³
1264 1384 1375 1448 pacem

200 1498 265 1544 non
297 1477 379 1542 dicit
411 1496 479 1543 esse
501 1476 669 1541 dicendam
700 1495 769 1540 eam
796 1494 880 1556 quae
897 1482 1012 1560 pactio
1035 1478 1079 1539 sit
1100 1478 1296 1553 seruitutis,
1319 1474 1376 1540 sed

200 1586 425 1673 tranquillam
449 1586 650 1652 libertatem.
695 1585 784 1650 Idem
809 1594 820 1628 ⁴
845 1599 1023 1666 utrumque
1054 1585 1244 1670 conjungit:
1275 1590 1376 1650 susci·

197 1696 321 1785 piersda
343 1697 430 1762 bella
450 1712 528 1761 suat
551 1697 588 1762 ab
607 1718 678 1762 eam
698 1717 853 1777 causam,
868 1709 906 1759 ut
929 1699 998 1760 sina
1019 1696 1151 1780 injuria
1170 1699 1206 1760 in
1224 1710 1308 1782 pace
1326 1698 1377 1763 ri·

201 1822 318 1876 ratur.
358 1808 534 1890 ,Sapientes
554 1807 677 1891 Crispo
698 1810 855 1873 auctore⁸
874 1810 969 1891 pacis
992 1827 1094 1870 causa
1116 1805 1234 1871 bellum
1251 1820 1377 1893 gerunt

202 1931 233 1982 et
256 1916 399 1983 laborem
421 1934 474 2003 spe
497 1921 559 1982 otii
578 1931 790 1983 sustentant:
822 1917 881 1982 sed
904 1917 1134 1998 interpretatur
1156 1916 1225 2000 ipse
1246 1914 1278 1994 ⁸,
1302 1936 1375 1982 cum

202 2028 300 2094 dicit:
323 2029 462 2111 majores
492 2031 600 2092 nostri
631 2027 872 2113 religiosissimi
894 2026 1050 2091 mortales
1074 2027 1163 2091 nihil
1181 2030 1279 2095 uictis
1310 2030 1377 2092 eri·

194 2140 335 2225 piebaut
361 2151 503 2224 praeter
529 2138 680 2223 injuriae
708 2137 888 2202 licentiam.
935 2136 1023 2201 Inter
1045 2136 1217 2221 theologos
1241 2137 1376 2223 Augus-

201 2250 291 2315 tinus
313 2249 326 2291 ⁷
350 2270 413 2312 uon
445 2262 561 2333 pacem
593 2250 714 2333 quaeri
745 2246 814 2328 ait,
847 2260 886 2312 ut
919 2246 1039 2311 bellum
1070 2262 1293 2330 exerceatur,
1323 2248 1380 2314 sed

202 2359 321 2424 bellum
341 2362 440 2445 geri,
462 2373 500 2423 ut
515 2373 591 2444 pax
612 2362 831 2444 acquiratur.
856 2357 923 2422 Pax
946 2372 1053 2423 autem
1077 2358 1124 2423 illi
1145 2358 1266 2424 dicitur
1289 2358 1378 2425 ordi-

202 2483 287 2535 nata
308 2468 485 2535 eoncordia
503 2473 527 2537 ⁸.
572 2468 619 2534 Et
636 2482 764 2534 veteres
789 2468 935 2552 theologi
953 2470 965 2504 ⁹
985 2468 1025 2533 ad
1045 2469 1213 2535 historiam
1234 2469 1379 2536 Melchi-

201 2578 310 2645 sedeci
332 2579 496 2661 explicant
514 2598 624 2660 pacem
645 2593 678 2643 et
695 2578 857 2663 justitiam
880 2598 946 2644 non
967 2598 1017 2657 re,
1037 2578 1095 2644 sed
1113 2580 1300 2647 nominibus
1313 2582 1378 2648 dif-

203 2687 295 2756 ferre.
339 2689 419 2756 Non
449 2689 549 2773 igitur
577 2708 641 2772 pax
672 2690 912 2771 qualiscunque
944 2688 1077 2754 bellanti
1108 2691 1276 2772 proposita
1308 2712 1378 2761 esse

203 2800 324 2882 debet,
349 2801 408 2867 sed
427 2821 464 2867 ea
494 2801 648 2882 demum,
671 2820 755 2883 quae
784 2800 874 2883 justa
897 2814 995 2881 atque
1027 2799 1161 2865 honesta
1187 2816 1244 2868 est.
1290 2801 1377 2869 Nam

203 2908 1377 2994 dmmdstmuabdhsmdmmmm,qmenmtstmnmmmms

203 3021 379 3105 exprimit,
402 3042 477 3087 cum
497 3022 639 3104 dantur,
665 3035 702 3086 ut
725 3022 779 3087 ille
801 3024 828 3061 ¹⁰
857 3020 927 3102 ait,
951 3020 1041 3106 jura
1074 3024 1179 3085 urrais
1213 3026 1376 3089 sacriora.

204 3132 360 3199 Cavenda
371 3132 471 3217 igitur
491 3153 554 3216 pax
566 3182 574 3211 ‚
585 3147 737 3197 monente
749 3130 866 3197 Tullio
879 3133 928 3211 ¹¹,
953 3150 1036 3213 quae
1053 3130 1187 3199 insidias
1204 3132 1376 3199 contineat.

204 3242 270 3307 Est
289 3246 374 3308 enim
392 3259 477 3330 pace
499 3257 560 3308 aut
583 3246 706 3307 misera
729 3255 790 3306 aut
808 3254 958 3328 suspecta
982 3246 1091 3307 tutius
1116 3242 1256 3327 bellum,
1279 3245 1377 3310 Taci-

203 3368 239 3419 to
259 3352 284 3388 ¹²
301 3373 446 3420 suasore.
491 3353 724 3419 Demosthenis
755 3352 919 3437 egregium
949 3366 998 3418 est
1027 3352 1149 3418 dictum
1181 3357 1308 3437 πόλεμος
1335 3358 1378 3424 ἔν-

202 3468 278 3546 δοξος
299 3469 405 3548 sipritus
427 3470 554 3549 αἰσχρᾶς
565 3468 754 3548 αἱρετώτερος.
779 3462 907 3528 Bellum
920 3463 1101 3550 gloriosum
1108 3478 1174 3549 pro
1186 3468 1281 3551 turpi
1294 3480 1379 3551 paca

203 3574 284 3662 eligi
309 3574 413 3640 dehet.
439 3574 658 3658 Thucydides
671 3574 694 3609 ¹⁸
707 3573 803 3639 etiam
826 3574 909 3639 bello
932 3573 1012 3639 dicit
1028 3587 1144 3658 pacem
1167 3572 1376 3657 confirmari:

205 3774 397 3785 -ι-...ι--ι-

238 3903 246 3936 ¹
265 3908 298 3953 de
313 3908 379 3966 legg.
396 3909 413 3954 l.
435 3920 455 3954 ι.
471 3905 509 3969 [p.
528 3907 586 3955 628.
610 3907 646 3969 α]
665 3906 745 3956 Arist.
763 3909 795 3956 de
812 3920 866 3967 rep.
884 3909 901 3953 l.
919 3918 943 3963 7.
962 3918 986 3953 c.
1008 3916 1046 3960 ts.
1072 3905 1110 3967 [p.
1139 3918 1203 3968 1³³4
1224 3921 1244 3956 ι.
1263 3922 1302 3957 vs.
1321 3906 1373 3973 aa]

203 3994 264 4044 ’de
281 3995 324 4044 off.
342 3998 360 4043 l.
379 4010 400 4045 1.
426 3997 461 4058 [o.
487 4010 527 4054 23.
549 4000 571 4055 5.
598 3996 650 4060 θα]
686 3996 780 4046 'Phil
808 4010 845 4045 re.
870 3995 945 4059 [c.6.
964 3999 984 4055 ξ.
1006 3996 1057 4058 ι4.]
1093 3993 1153 4045 ⁴de
1181 3997 1223 4045 off.
1250 3999 1267 4045 l.
1295 4011 1316 4046 ι.
1342 3998 1378 4059 [c.

208 4100 246 4135 ιι.
264 4090 286 4145 5.
304 4086 357 4147 aa]
392 4085 403 4117 ⁶
422 4088 490 4135 Orat.
508 4088 540 4136 ad
557 4088 630 4135 Caes.
649 4086 688 4149 [1.
707 4101 730 4135 c.
748 4088 784 4149 6.]
803 4087 814 4119 ⁶
830 4089 886 4150 Jug.
908 4086 990 4151 [llaec
1007 4100 1059 4136 non
1078 4089 1194 4147 leguntur
1211 4087 1237 4135 in
1248 4089 1379 4151 Jugurtha,

204 4179 251 4225 sed
267 4178 294 4225 in
309 4176 426 4225 Catilina.
446 4190 469 4225 c.
493 4177 544 4239 12.]
578 4174 590 4213 ⁷
607 4180 654 4238 Ep.
671 4191 691 4226 1.
706 4178 738 4226 ad
755 4178 840 4226 Bonis.
859 4177 952 4226 citatur
969 4176 995 4225 in
1015 4192 1037 4225 c.
1051 4176 1114 4225 noli.
1131 4177 1220 4238 [Dect.
1233 4179 1302 4225 Grat.
1318 4191 1344 4237 p.
1355 4192 1378 4227 a.

206 4280 247 4325 2³·
266 4280 288 4315 1.
307 4266 344 4330 3.]
378 4266 394 4299 ⁰
410 4269 440 4316 de
458 4268 510 4316 civ.
528 4270 545 4315 l.
560 4280 598 4324 15·
631 4265 644 4302 ⁰
661 4270 708 4329 Ep.
726 4270 757 4317 ad
775 4270 852 4317 Hebr.
870 4282 895 4327 7.
913 4283 936 4317 ι.
952 4280 976 4317 er
993 4270 1073 4317 clem.
1089 4271 1178 4316 strom.
1193 4268 1210 4314 l.
1226 4280 1251 4328 4.
1267 4268 1306 4329 [p.
1321 4281 1378 4325 2³1·

205 4372 244 4407 vs.
273 4371 312 4407 ιι.
332 4370 388 4418 sqq.
407 4356 488 4419 syth]
525 4356 546 4390 ¹⁰
569 4360 664 4409 l'lomr.
692 4359 773 4421 [Epis.
796 4360 856 4408 bell.
883 4373 951 4408 omn.
975 4372 1000 4420 4.
1027 4358 1077 4422 tn]
1115 4354 1135 4389 ¹¹
1162 4357 1237 4419 [haec
1258 4358 1379 4408 videntur

205 4460 321 4508 spectare
345 4450 431 4497 locum
456 4448 513 4497 Cic.
537 4450 569 4497 de
591 4449 634 4499 oss.
652 4453 669 4498 1.
692 4464 713 4499 ι.
731 4464 754 4498 c.
775 4464 813 4499 ιι.
829 4454 851 4509 ς.
870 4448 921 4513 35.]
960 4448 981 4483 ¹²
998 4451 1065 4501 Ann.
1088 4450 1105 4498 1.
1125 4460 1146 4506 3.
1173 4460 1197 4497 et
1221 4448 1286 4498 Hiar.
1312 4452 1329 4500 l.
1353 4467 1378 4513 4.

207 4538 243 4600 [c.
261 4537 314 4602 49·]
353 4536 374 4571 ¹³
390 4540 409 4585 ¹·
430 4552 451 4587 ¹·
471 4538 507 4602 [c.
527 4539 579 4601 ³6·]
