3450 5434
506 624 552 670 DE
576 621 670 689 JURE
696 621 881 668 Pannonis.
908 622 991 670 CAP.
1017 623 1092 670 xlv.
1321 623 1380 687 311

209 781 256 846 ibi
279 783 379 845 socios
403 779 600 864 quaeratis,
636 777 694 841 ubi
717 777 911 863 Saguntina
935 777 1044 843 clades
1066 781 1183 862 ignota
1207 787 1264 843 est.
1311 778 1382 860 Ita,

208 891 288 956 mihi
322 890 468 970 credite,
504 889 577 954 vela
611 888 876 969 Hollandorum,
910 889 955 953 ita
989 890 1148 972 appulsus
1183 888 1253 955 Indi
1289 888 1384 970 quasi

207 1001 319 1069 fatales
342 1017 379 1066 ac
402 999 554 1066 funestos
578 1000 848 1080 exhorruissent,
883 999 928 1065 ita
950 1014 1123 1066 contactus
1143 999 1233 1082 ipsos
1254 1015 1310 1066 aut
1330 999 1384 1066 iu·

208 1127 320 1200 gerent
347 1113 521 1194 homines,
547 1125 604 1177 aut
627 1111 724 1177 etiam
748 1110 921 1196 fugarent,
943 1111 977 1177 ni
992 1111 1098 1177 visum
1124 1126 1208 1176 esset
1230 1112 1302 1178 Deo
1324 1113 1383 1177 lia·

209 1241 314 1291 taram
336 1223 492 1290 virtutem
512 1244 570 1306 per
587 1223 753 1306 Europam
775 1243 904 1288 omnem
921 1223 1153 1302 clarissimam,
1178 1223 1279 1288 Asiae
1289 1223 1384 1290 etiam

209 1337 362 1423 gentibus
395 1335 566 1403 ostendere
599 1351 631 1402 et
660 1336 776 1421 ingens
811 1335 887 1400 dare
923 1338 1131 1417 exemplum,
1155 1335 1287 1400 minime
1311 1336 1385 1402 illos

209 1449 338 1531 decipi,
362 1448 420 1531 qui
445 1449 641 1514 Batavorum
664 1446 895 1514 fortitudinem
909 1461 940 1511 ct
953 1447 1050 1513 iidem
1063 1467 1139 1530 prae
1151 1447 1384 1514 Lusitanorum

209 1561 346 1646 perfidia
368 1575 401 1625 et
423 1558 543 1625 ferocia
575 1574 770 1641 sequuntur.
817 1559 870 1624 Ac
898 1577 948 1623 me
976 1578 1053 1624 sane
1082 1579 1138 1642 per
1159 1578 1287 1625 omnem
1308 1559 1385 1625 belli

210 1674 305 1739 istius
335 1671 527 1751 historiam,
553 1671 643 1752 quod
667 1671 752 1734 ultra
772 1670 973 1736 tricesimum
995 1688 1113 1737 annunt
1133 1673 1199 1756 jam
1221 1671 1385 1752 trahitur,

209 1787 302 1851 nulla
334 1783 438 1870 magis
473 1785 621 1865 exempla
655 1783 808 1863 ducunt,
843 1803 941 1865 quarn
976 1781 1053 1849 fidei
1089 1783 1233 1850 socialis.
1291 1783 1384 1848 Hanc

209 1899 472 1981 Lugdunenses,
491 1895 648 1961 exhausta
664 1894 757 1960 malis
782 1894 923 1978 civitas,
943 1895 1028 1961 inter
1058 1896 1204 1962 hostiurn
1236 1915 1323 1960 arma
1354 1909 1386 1960 et

210 2008 400 2074 deficientes
419 2007 512 2072 cibos
525 2021 558 2072 et
569 2006 735 2093 quidquid
755 2006 864 2071 cibum
887 2021 1012 2091 egestas
1032 2007 1299 2088 fecerat,tamen
1319 2027 1385 2072 non

210 2119 436 2204 prodiderunt.
484 2117 555 2182 Hac
584 2118 666 2182 moti
697 2117 841 2183 vicissim
873 2117 990 2184 caeteri
1017 2118 1050 2182 in
1071 2138 1129 2185 sua
1147 2136 1224 2185 arva
1244 2137 1386 2200 suasque

210 2232 321 2316 fruges
338 2247 500 2308 ,oceanum
519 2244 731 2294 vocaverunt.
782 2229 871 2294 Haec
891 2244 940 2296 est
960 2249 1044 2311 quae
1055 2229 1209 2314 Anglianr
1221 2229 1386 2296 communi

210 2343 320 2409 Marte
343 2341 510 2407 defendit:
535 2343 614 2406 haec
634 2341 746 2406 eadem
768 2341 897 2408 Galliae
915 2341 1075 2408 laboranti
1088 2342 1209 2408 auxilia
1222 2341 1385 2409 submisit.

212 2455 302 2521 Haec
331 2453 420 2519 domi
449 2453 563 2533 utilis,
596 2453 684 2536 apud
714 2453 873 2519 finitimos
897 2455 1057 2534 honesta,
1082 2470 1114 2519 at
1135 2453 1168 2519 in
1189 2454 1306 2520 ultimo
1328 2455 1386 2520 illo

209 2582 365 2632 terrarum
394 2583 526 2631 recessu
554 2562 652 2629 etiarn
680 2564 861 2631 neccssaria
891 2578 962 2644 cst,
986 2564 1043 2630 ubi
1076 2565 1210 2649 ignotos
1231 2581 1305 2632 ante
1323 2567 1387 2634 nisi

210 2699 268 2762 per
295 2678 435 2743 virtutes
462 2676 555 2742 nosci
585 2695 651 2742 non
678 2675 843 2742 convenit.
890 2676 970 2741 Non
998 2691 1047 2742 est
1076 2676 1208 2759 quidem
1228 2697 1302 2742 cum
1323 2677 1388 2745 illis

209 2790 363 2875 gentibus
384 2788 630 2875 religionis,ne
649 2788 821 2854 foederum
845 2788 978 2870 quidem
1000 2787 1160 2869 societas,
1186 2788 1243 2854 sed
1263 2803 1312 2854 est
1333 2787 1387 2855 illa

209 2903 369 2968 naturalis
395 2901 480 2968 inter
499 2901 651 2967 homines
672 2901 903 2982 necessitudo,
929 2915 978 2966 est
999 2900 1094 2966 etiam
1116 2900 1279 2984 peculiare
1300 2921 1388 2967 com·

211 3015 390 3096 mercium,
433 3016 584 3080 columen
618 3013 701 3080 illud
732 3013 931 3096 reipublicae
965 3011 1078 3094 reique
1108 3011 1287 3079 familiaris.
1343 3013 1389 3078 Et

211 3143 288 3193 sane
315 3126 343 3192 si
374 3126 569 3210 sperandum
597 3139 645 3192 est
669 3125 739 3190 lieri
758 3144 876 3209 posse,
900 3139 938 3190 ut
958 3124 1187 3208 resipiscentes
1212 3124 1389 3207 aliquando

213 3239 433 3305 Christianam
465 3239 626 3321 accipiant
657 3235 923 3319 institutionem,
948 3257 1013 3302 non
1038 3256 1073 3303 ea
1098 3257 1172 3320 spes
1195 3237 1227 3302 in
1253 3237 1388 3304 excidiis

213 3351 365 3431 urbium,
398 3344 569 3433 suppliciis
603 3351 826 3433 populorum,
850 3349 908 3414 sed
932 3347 1009 3414 fidei
1034 3363 1067 3414 et
1089 3347 1247 3414 bonitatis
1270 3365 1303 3414 et
1325 3351 1388 3414 ele·

213 3462 353 3528 mentiae
376 3461 534 3544 exemplis
549 3461 611 3527 sita
630 3477 691 3526 est.
735 3461 807 3546 Jam
828 3461 954 3527 verosi
974 3461 1210 3527 Lusitanorum
1231 3479 1271 3526 en
1290 3462 1388 3527 altera

214 3590 304 3658 parte
329 3570 494 3659 ingenium
520 3573 736 3656 respicimus,
767 3573 845 3654 quis
869 3588 941 3653 est,
967 3573 1024 3654 qui
1048 3591 1164 3657 negare
1187 3573 1293 3656 possit
1316 3573 1390 3640 illos

213 3685 350 3752 summis
372 3685 568 3750 Batavorum
592 3683 761 3751 beneficiis
781 3685 877 3750 etiam
897 3699 973 3768 post
992 3685 1127 3768 iniurias
1142 3685 1298 3750 invitatos
1309 3685 1389 3750 adeo

212 3798 297 3865 nihil
309 3797 471 3864 remisisse
484 3816 524 3862 ex
536 3796 638 3862 veteri
653 3796 806 3870 saevitia,
830 3811 867 3861 ut
881 3796 935 3861 illa
948 3795 1016 3879 ipsa
1030 3795 1176 3862 bonitate
1187 3813 1253 3861 non
1266 3795 1299 3860 in
1313 3815 1390 3862 con-

213 3923 350 3975 temtum
374 3908 490 3985 modo‚
513 3908 571 3972 sed
590 3907 623 3971 in
636 3907 779 3990 perfidos
791 3908 889 3974 etiam
903 3923 1041 3974 conatus
1052 3907 1151 3973 toties
1164 3908 1388 3972 abuterentur:

213 4021 258 4086 ita
282 4035 319 4085 ut
342 4039 408 4085 non
431 4017 551 4084 frustra
585 4019 883 4101 praestantissimus
912 4017 1069 4085 historiae
1092 4033 1207 4084 auctor
1228 4025 1236 4056 ¹
1258 4018 1389 4084 affirma·

214 4132 322 4211 verit,
355 4131 431 4196 illos
460 4131 660 4213 praecipue,
694 4131 753 4213 qui
784 4132 874 4198 nulla
907 4131 947 4196 de
980 4150 1078 4197 causa
1105 4130 1248 4212 aliquem
1273 4129 1391 4215 injuria

212 4257 458 4327 provocarunt,
497 4242 599 4308 nullis
640 4255 754 4325 postea
794 4241 974 4308 benefactis
1014 4243 1179 4328 mitigari,
1213 4242 1391 4324 quominus

247 4503 254 4534 ¹
275 4503 391 4564 Thucyd.
409 4502 455 4550 lib.
476 4515 498 4559 ³·
520 4499 556 4564 [c.
574 4515 616 4562 4⁰·
636 4501 663 4549 itr
682 4498 754 4564 ilum]
