3450 5434
475 663 523 710 DE
546 664 639 729 JURE
665 663 848 709 PRAEDAE.
874 664 953 710 CAP.
978 664 1043 712 XII.
1284 664 1346 725 229

171 816 265 882 tiisse
288 830 449 899 testatur,
474 836 547 883 cum
572 817 650 883 olim
678 818 793 901 paucis
815 817 956 885 navibus
979 818 1013 883 id
1036 819 1221 885 auderetur.
1268 815 1347 881 lude

172 948 289 1012 magna
311 930 436 1012 populo
460 929 612 994 Romano
635 928 819 1014 vectigalia.
872 928 977 994 Addit
1000 929 1127 995 Plinius
1152 936 1160 969 ¹
1185 926 1348 1010 impositis

171 1038 416 1123 sagittariorum
439 1037 635 1105 cohortibus
656 1039 833 1122 piratarum
853 1055 942 1105 metu
955 1040 1160 1127 navigatum,
1180 1041 1349 1119 solamque

172 1149 298 1216 Indiam
333 1150 543 1233 quingenties
578 1151 787 1230 sestertium,
822 1150 849 1215 si
884 1150 1042 1217 Arabiam
1073 1151 1171 1217 addas
1199 1164 1231 1215 et
1254 1149 1349 1215 Seres

172 1261 311 1343 millies,
336 1260 428 1325 annis
456 1260 610 1327 omnibus
641 1261 793 1327 Romano
826 1262 964 1346 imperio
989 1262 1147 1329 ademisse
1170 1277 1203 1327 et
1225 1280 1348 1325 merces

171 1372 395 1454 centuplicato
431 1372 592 1438 venditas.
639 1372 685 1438 Et
716 1366 796 1438 haec
820 1374 952 1455 quidem
976 1389 1087 1440 vetera
1109 1374 1187 1441 satis
1209 1386 1350 1456 arguunt

172 1482 297 1566 primos
320 1501 387 1548 non
409 1481 512 1549 fuisse
535 1484 724 1550 Lusitanos.
769 1485 805 1550 In
829 1484 971 1570 singulis
993 1500 1102 1551 autem
1125 1484 1177 1551 sui
1200 1482 1349 1567 partibus

174 1613 319 1659 oceanus
350 1594 405 1660 ille
439 1608 471 1659 et
493 1609 594 1676 tunc,
619 1615 693 1661 curn
715 1594 869 1661 Lusitani
902 1596 1039 1681 ingressi
1071 1612 1171 1678 sunt,
1200 1610 1232 1661 et
1254 1613 1349 1660 num-

175 1726 273 1787 quam
296 1725 363 1772 non
385 1706 538 1789 cognitus
556 1704 632 1772 fuit.
669 1706 781 1772 Mauri
805 1705 891 1772 enim
915 1722 947 1772 et
970 1707 1176 1790 Aethiopes,
1200 1705 1350 1783 Arabes,

174 1816 317 1898 Persae,
352 1817 426 1884 Indi
460 1837 528 1882 eam
562 1816 659 1883 maris
693 1832 836 1900 partem,
872 1818 969 1902 cujus
1001 1817 1064 1901 ipsi
1091 1819 1219 1883 accolae
1248 1831 1348 1897 sunt,

174 1928 299 1993 nescire
322 1928 511 2010 neutiquam
543 1942 738 2010 potuerunt.
785 1927 999 1994 Mentiuntur
1022 1948 1099 2013 ergo
1124 1929 1240 2011 quise
1264 1947 1350 1992 mare

174 2037 258 2104 illud
280 2040 443 2106 invenisse
459 2041 593 2125 jactant.
639 2040 732 2127 Quid
751 2039 874 2123 igitur,
899 2041 985 2107 dicet
1004 2040 1147 2124 aliquis,
1171 2060 1349 2123 parvumne

175 2150 333 2231 videtur,
358 2150 450 2232 quod
472 2149 625 2216 Lusitani
649 2150 864 2217 intermissam
889 2152 1003 2217 multis
1025 2151 1109 2218 forte
1128 2150 1272 2218 saeculis
1294 2170 1350 2217 na·

174 2261 376 2345 vigationem
408 2260 506 2344 primi
538 2277 729 2345 repararunt
759 2277 820 2343 et,
846 2264 938 2345 quod
968 2264 1080 2347 negari
1114 2283 1180 2329 non
1215 2276 1349 2346 potest,

174 2371 358 2456 Europaeis
392 2372 545 2457 gentibus
570 2372 722 2457 ignotam
755 2374 971 2440 ostenderunt
993 2394 1110 2459 magno
1133 2395 1194 2441 suo
1218 2375 1349 2454 labore,

174 2498 309 2564 sumtu,
343 2484 518 2567 periculo?
566 2484 635 2550 Imo
670 2504 772 2563 ver0,
806 2484 834 2549 si
868 2484 901 2549 in
936 2486 999 2550 lroc
1034 2486 1278 2567 incubuerunt,
1314 2500 1351 2549 ut

175 2595 268 2676 quod
299 2595 361 2661 soli
394 2594 591 2677 reperissent
622 2594 776 2660 omnibus
808 2611 1050 2678 monstrarent,
1085 2596 1160 2677 quis
1193 2598 1273 2661 adeo
1302 2610 1351 2661 est

175 2724 308 2786 amens,
332 2705 481 2787 quinon
503 2706 682 2787 plurimum
705 2725 741 2771 se
764 2705 831 2773 illis
854 2707 972 2771 debere
996 2706 1218 2790 profiteatur?
1252 2706 1351 2771 Eam-

174 2817 249 2882 dem
284 2816 367 2881 eninr
403 2817 538 2900 gratiam
579 2816 776 2899 laudemque
812 2831 846 2881 et
880 2818 1014 2901 gloriam
1051 2818 1263 2883 immortalem
1302 2817 1350 2882 illi

173 2928 435 3010 promeruerint,
470 2949 535 3009 qua
563 2946 678 2993 omnes
701 2928 848 2994 contenti
872 2927 1008 2994 fuerunt
1031 2949 1139 2994 rerum
1163 2948 1365 3013 magnarum,

173 3038 385 3119 inventores,
417 3054 586 3121 quotquot
619 3039 747 3104 scilicet
780 3059 846 3104 nou
871 3040 957 3120 sibi,
993 3041 1051 3105 sed
1074 3042 1219 3106 humano
1242 3040 1351 3124 generi

173 3150 329 3232 prodesse
350 3150 559 3217 studuerunt.
605 3150 663 3214 Sin
688 3150 859 3216 Lusitanis
881 3172 963 3218 suus
983 3168 1057 3217 ante
1068 3153 1184 3218 oculos
1196 3167 1352 3233 quaestus

174 3260 264 3340 fuit,
296 3262 425 3326 lucrum
459 3262 552 3342 quod
586 3280 715 3343 semper
747 3262 924 3327 maximum
959 3278 1007 3329 est
1042 3262 1075 3328 in
1109 3264 1353 3346 praeverterrdis

174 3370 456 3455 negotiationibus
479 3372 546 3438 illis
566 3373 714 3440 sufficere
734 3373 861 3440 debuit.
909 3374 954 3439 Et
973 3374 1094 3441 scimus
1114 3375 1231 3440 itinera
1249 3376 1352 3457 prima

174 3499 357 3567 proventus
389 3484 552 3549 interdum
583 3498 700 3565 quater
723 3484 882 3568 decuplos
906 3500 964 3551 aut
986 3486 1081 3551 etiam
1106 3486 1273 3552 uberiores
1298 3487 1353 3551 de-

176 3594 283 3661 disse:
315 3595 437 3676 quibus
469 3592 615 3676 sactum,
649 3610 687 3660 ut
719 3595 815 3679 inops
847 3597 906 3662 diu
935 3599 1079 3679 populus
1103 3597 1145 3662 ad
1167 3598 1352 3679 repentinas

176 3705 310 3771 divitias
342 3705 453 3771 subito
485 3722 713 3789 prorumperet
744 3721 837 3771 tanto
870 3702 968 3772 lux'us
1002 3722 1180 3789 apparatu,
1210 3724 1352 3789 (plantus

176 3818 234 3884 vix
266 3816 461 3882 beatissimis
496 3817 650 3900 gentibus
674 3817 707 3882 in
730 3838 884 3900 supremo
907 3818 1096 3902 progressae
1120 3818 1177 3883 diu
1200 3817 1352 3884 fortunae

175 3927 308 4011 fastigio
340 3927 413 3993 fuit.
461 3928 496 3993 Si
528 3948 608 3994 vero
643 3929 748 3994 eidem
784 3930 816 3993 in
850 3931 913 3995 hoc
934 3916 1169 4013 praeiverunt,
1199 3951 1239 3995 ne
1261 3931 1353 4011 quis-

176 4060 275 4121 quam
307 4056 520 4121 sequeretur,
554 4038 688 4124 gratiam
723 4059 789 4105 non
819 4056 985 4107 merentur
1008 4061 1081 4106 cum
1104 4043 1231 4106 lucrum
1256 4059 1351 4106 suum

177 4150 401 4233 respexerint,
436 4151 563 4215 lucrum
599 4167 707 4216 autem
740 4173 836 4218 suum
871 4152 977 4217 dicere
1001 4172 1066 4218 uon
1090 4167 1251 4235 possunt,
1277 4172 1351 4217 cum

177 4262 317 4344 eripiant
340 4262 492 4327 alienum.
540 4260 661 4343 Neque
685 4263 770 4328 enim
792 4264 875 4330 illud
894 4280 1019 4330 certum
1040 4280 1109 4345 est,
1133 4263 1194 4328 nisi
1217 4262 1353 4329 ivissent

189 4415 376 4425 ,φῇ-...η

213 4500 220 4529 ¹
241 4500 301 4545 loco
320 4498 399 4548 citato
417 4512 441 4547 et
461 4504 477 4548 l.
500 4516 537 4549 12.
557 4516 578 4549 c.
601 4516 637 4564 19.
