3450 5434
367 656 428 702 102
648 656 697 702 Du
719 654 814 723 Junn
840 653 1027 701 PRAEDAE.
1052 653 1136 701 CAP.
1159 655 1243 705 vtll.

553 807 660 874 Dolus
683 829 729 873 an
751 811 863 876 uirtus
887 811 961 892 quis
982 810 1019 872 in
1042 808 1132 873 hosta
1152 814 1310 896 requirat
1328 812 1368 875 ¹?

405 918 495 984 Huic
516 917 602 984 enim
622 937 744 985 nocere
767 916 975 1001 quaerimus:

516 1030 628 1114 ἢδόλῳ
642 1034 674 1107 tii
691 1033 747 1114 {alp
764 1032 782 1107 li
799 1032 942 1116 madir
961 1033 993 1106 aid
1011 1032 1152 1115 κρυφηδόν
1172 1027 1196 1098 ².

514 1141 591 1206 Siue
612 1139 709 1222 dolo,
732 1159 789 1204 seu
805 1142 842 1206 νί
862 1140 1067 1224 montfarto,
1091 1138 1221 1209 clamve
1238 1139 1408 1226 palamve.

405 1250 502 1317 Prius
530 1265 638 1317 autem
667 1250 708 1316 de
733 1248 861 1335 legibus
889 1248 1025 1315 secundi
1056 1250 1205 1332 ordinis,
1236 1251 1299 1316 hoc
1321 1263 1371 1317 est
1390 1250 1487 1317 tertia
1509 1266 1543 1317 et

362 1376 478 1443 quarta
496 1360 687 1427 videamus:
718 1378 802 1443 quae
823 1359 858 1426 vi
879 1359 962 1445 legis
990 1360 1133 1427 decimae
1153 1360 1268 1427 tertiae
1288 1361 1482 1442 eliduntur,
1504 1374 1543 1427 ut

360 1472 438 1539 alibi
459 1471 626 1554 diximus,
649 1489 717 1537 non
739 1470 840 1538 modo
859 1470 888 1536 si
904 1470 1026 1553 primae
1049 1486 1107 1537 aut
1123 1472 1286 1539 secundae
1306 1486 1542 1555 opponantur,

360 1602 475 1649 uerunt
500 1582 647 1649 etiamsi
670 1584 763 1648 locus
784 1582 829 1647 sit
857 1581 992 1665 quintae
1013 1596 1045 1648 et
1066 1598 1200 1665 sextae,
1224 1599 1386 1665 quatenus
1412 1582 1484 1649 istis
1507 1598 1542 1648 et

360 1694 464 1778 prima
482 1707 515 1761 et
533 1693 676 1760 secunda
693 1692 811 1759 insunt
827 1706 861 1757 et
880 1692 968 1775 ipsae
991 1692 1065 1759 illae
1087 1693 1181 1759 tertia
1205 1713 1242 1758 ac
1267 1708 1393 1776 quarta.
1422 1693 1542 1781 Quod·

360 1805 389 1869 si
408 1803 491 1888 quid
511 1803 612 1889 igitur
629 1805 716 1869 ultra
731 1802 790 1869 liat
806 1822 904 1886 quarn
926 1804 1014 1888 leges
1032 1803 1128 1888 primi
1151 1818 1183 1869 et
1202 1803 1293 1870 tertii
1313 1803 1439 1869 ordinis
1463 1822 1541 1886 pos·

360 1917 489 1997 tulant,
512 1913 624 1980 autin
653 1916 792 1981 alterum
815 1932 913 1996 quam
942 1913 975 1979 in
998 1934 1096 1996 quem
1115 1918 1204 1999 leges
1227 1912 1307 1979 istae
1330 1914 1540 2000 diriguntur,

361 2026 398 2092 id
425 2040 515 2091 extra
541 2025 669 2110 justum
691 2024 768 2091 belli
795 2025 930 2091 modum
958 2039 1018 2091 est
1062 2024 1252 2109 Dupliciter
1276 2044 1337 2091 nos
1368 2024 1542 2091 offendunt

361 2137 493 2215 hostes,
517 2134 693 2219 dupliciter
713 2134 810 2200 etiam
837 2134 1075 2216 offenduntur,
1098 2135 1132 2201 in
1161 2156 1298 2219 corpore
1320 2150 1353 2201 et
1371 2135 1406 2202 in
1424 2138 1541 2201 rebus:

362 2246 450 2312 unde
477 2249 612 2333 ουζνγίαι
643 2246 714 2313 sive
736 2246 986 2331 conjugationes
1008 2245 1095 2312 liunt
1123 2261 1268 2329 quatuor
1287 2246 1311 2313 ⁸.
1357 2247 1432 2314 Aut
1455 2246 1540 2315 enim

362 2358 434 2441 ejus
461 2356 520 2440 qui
543 2375 665 2439 corpus
693 2370 842 2423 nostrum
867 2356 995 2439 impetit
1015 2376 1137 2440 corpus
1159 2358 1305 2424 vicissim
1328 2356 1541 2441 impetimus,

361 2483 419 2535 aut
446 2467 624 2550 spoliamus
643 2468 862 2550 spoliantem,
879 2482 937 2533 aut
958 2467 1141 2551 periculum
1162 2468 1251 2535 vitae
1278 2469 1375 2534 nobis
1399 2467 1542 2534 inferen-

360 2594 426 2645 tem
445 2576 541 2644 bonis
560 2580 777 2656 mulctamus‚
801 2593 858 2644 aut
875 2596 936 2662 pro
956 2579 1055 2644 rebus
1076 2579 1197 2644 nostris
1219 2598 1305 2645 arma
1331 2578 1541 2664 stringimus;

361 2709 446 2773 quae
467 2688 576 2756 omnia
595 2709 653 2773 per
672 2709 707 2757 se
728 2688 851 2774 injusta
870 2708 938 2756 non
959 2708 1028 2757 esse
1051 2689 1144 2772 prius
1165 2686 1333 2759 ostensum
1356 2705 1426 2769 est,
1453 2709 1541 2756 nunc

361 2815 524 2883 quatenus
539 2800 769 2884 permittantur
786 2800 967 2867 videamus.
1012 2800 1050 2865 Si
1069 2819 1167 2883 quem
1188 2801 1291 2885 igitur
1312 2817 1370 2868 aut
1389 2822 1451 2885 pro
1470 2800 1541 2867 vita

361 2912 484 2978 tuenda
510 2928 569 2979 aut
597 2931 659 2995 pro
680 2913 780 2979 rebus
806 2912 929 2979 nostris
956 2913 1128 2978 vulnerare
1156 2930 1333 2996 possumus
1364 2913 1542 2978 autetiam

361 3023 501 3105 spoliare
526 3021 639 3105 (quod
661 3021 707 3087 ita
729 3021 805 3088 dico
828 3038 867 3087 ut
886 3023 967 3107 legis
984 3023 1107 3106 primae
1129 3037 1162 3089 et
1183 3024 1369 3105 secundae,
1392 3042 1460 3089 non
1481 3023 1541 3088 eti-

361 3152 412 3198 am
433 3131 544 3199 delicti
559 3132 696 3198 habeam
712 3132 911 3217 rationem),
924 3134 965 3199 ab
986 3152 1025 3199 eo
1046 3152 1160 3200 manus
1178 3134 1340 3200 abstinere
1359 3133 1542 3215 debemus,

361 3244 560 3325 simulatque
582 3242 765 3325 periculum
782 3257 912 3325 cessat,
934 3258 972 3309 ut
991 3260 1068 3327 post
1086 3244 1268 3311 victoriam.
1315 3244 1351 3309 Si
1373 3264 1441 3311 rem
1463 3264 1541 3312 nos·

361 3368 442 3419 tram
471 3366 529 3419 aut
561 3352 597 3418 id
627 3354 721 3435 quod
745 3354 843 3420 nobis
872 3354 1012 3421 debetur
1037 3354 1259 3439 reposcimus,
1282 3355 1341 3421 ubi
1365 3355 1400 3420 id
1420 3355 1543 3423 erimus

362 3463 554 3546 consecuti,
581 3463 665 3531 nihil
697 3463 837 3548 amplius
870 3484 1018 3550 arrogare
1050 3466 1147 3532 nobis
1178 3465 1265 3531 licet.
1312 3466 1346 3531 Si
1378 3466 1540 3534 ultionem

363 3574 476 3641 delicti
497 3574 750 3658 persequimur,
774 3595 810 3641 ea
831 3595 966 3657 quoque
988 3576 1087 3643 debet
1105 3596 1175 3645 esse
1197 3590 1375 3659 temperata
1397 3596 1459 3660 pro
1473 3596 1544 3645 mo-

361 3686 405 3751 do
427 3685 558 3765 delicti,
580 3700 620 3752 ut
641 3685 697 3752 illa
719 3699 870 3753 teneatur

488 3795 645 3883 Regula,
662 3800 810 3883 peccatis
839 3816 928 3882 quae
953 3810 1076 3883 poenas
1099 3798 1235 3882 irrogat
1259 3816 1382 3882 aequas
1402 3802 1427 3861 s,

278 3986 281 3994 ‚
402 3906 526 3974 Differt
552 3920 660 3973 autem
692 3908 755 3973 hoe
786 3908 827 3973 ab
849 3926 912 3989 eo,
936 3906 1224 4001 quodnsuperiore
1241 3908 1346 3990 capite
1370 3921 1541 3973 tractatum

361 4035 430 4085 est:
460 4017 506 4085 ibi
536 4037 664 4085 causam
685 4019 821 4086 subesse
843 4017 1058 4100 volebamus,
1082 4018 1137 4083 hic
1157 4037 1237 4085 vero
1259 4037 1375 4085 causae
1407 4018 1541 4083 modum

362 4129 581 4216 adjungimus.
622 4129 746 4196 Seneca
763 4131 775 4166 ⁸
798 4128 947 4197 crudeles
968 4148 1025 4196 eos
1043 4128 1174 4213 proprie
1195 4131 1269 4197 vult
1289 4128 1379 4210 dici,
1402 4132 1462 4215 qui
1480 4142 1544 4215 pu·

395 4353 491 4414 ¹Vlr3.
508 4356 574 4402 Aen.
590 4355 610 4401 l.
627 4366 651 4401 a.
669 4352 723 4413 [vs.
740 4350 813 4415 spo]
848 4347 1296 4415 ¹[np011.nn0d.1.2.vs.9un.]
1330 4348 1408 4399 ⁸Dd.
1426 4351 1494 4399 adl.
1511 4362 1538 4399 ttt

361 4440 1542 4505 vimndejuseetiurem.1.r.3.]etsd1.1.C.undevl.[0.8.4.]*lione

360 4538 409 4584 sat.
429 4531 653 4598 r.a.[vt.118.]
687 4532 748 4584 ‘de
765 4535 840 4584 elem.
856 4535 875 4581 l.
893 4546 916 4582 a.
934 4546 958 4583 c.
974 4548 1001 4595 4.
