3450 5434
347 645 386 690 12
657 639 704 688 DE
728 640 822 708 JURE
849 639 1034 688 PRAEDAE.
1060 637 1140 684 CAP.
1163 637 1204 682 11.

344 796 492 880 cipium,
528 796 586 880 qui
609 795 726 863 mentis
749 815 827 863 suae
850 794 1023 880 imaginem
1056 790 1181 860 homini
1215 787 1401 874 impressit,
1425 785 1517 869 quod

343 908 532 993 Epicharmi
552 927 649 976 versu
671 913 679 946 ¹
704 921 859 975 notatur:

470 1023 530 1090 ὃδέ
552 1047 590 1100 γε
608 1023 768 1103 τάνθρώπου
789 1021 875 1100 λόγος
904 1019 1094 1104 πέφυκ”οὶοιο
1113 1023 1164 1084 τοῦ
1183 1017 1254 1083 θείου
1273 1014 1371 1092 λόγου.

472 1131 567 1196 Nom
590 1129 657 1195 Dei
680 1151 701 1194 o
724 1132 857 1194 rationo
880 1133 970 1194 ratio
994 1130 1148 1192 noscitur
1171 1123 1377 1190 mortalium.

385 1240 449 1308 Est
479 1240 613 1324 quidem
647 1241 708 1307 ista
740 1239 822 1306 ratio
855 1253 968 1306 nostro
990 1237 1074 1305 vitio
1098 1235 1289 1303 obnubilata
1311 1233 1515 1319 plurimum,

340 1371 407 1419 non
429 1353 475 1418 ita
498 1367 626 1434 tamen,
660 1351 742 1434 quin
765 1351 942 1434 conspicua
964 1364 1088 1417 restent
1109 1348 1231 1415 semina
1253 1346 1384 1414 divinae
1406 1345 1515 1426 lucis,

343 1485 428 1546 quae
451 1464 484 1528 in
510 1482 669 1530 consensu
690 1462 835 1548 gentium
855 1462 993 1529 maxime
1015 1474 1182 1545 apparent.
1229 1458 1316 1525 Cum
1339 1458 1426 1524 enim
1448 1476 1516 1522 ma-

340 1577 409 1642 lum
428 1574 616 1658 falsumque
648 1573 692 1640 sit
714 1589 830 1640 natura
844 1556 905 1640 ¹sui
926 1572 1169 1657 quodammodo
1191 1569 1359 1638 infinitum
1382 1571 1393 1606 ¹
1416 1583 1515 1651 atque

340 1685 475 1770 insuper
507 1686 570 1753 sibi
593 1705 801 1772 repugnans,
834 1685 1009 1752 concordia
1028 1683 1223 1751 universalis
1246 1682 1310 1748 nisi
1332 1681 1373 1748 ad
1392 1682 1515 1747 bonum

341 1812 373 1864 et
393 1817 601 1880 verumesse
624 1817 690 1864 non
713 1811 831 1881 potest.
889 1797 1019 1862 Placuit
1035 1809 1144 1862 autem
1167 1795 1334 1879 plerisque
1356 1795 1447 1860 hunc
1466 1793 1515 1877 ip-

205 1897 326 2013 Jssrijf'·
339 1929 413 1976 sum
445 1928 640 1976 consensum
670 1910 725 1994 jus
757 1923 893 1975 naturae
919 1906 1171 1984 secundarium,
1204 1927 1261 1974 seu
1283 1907 1339 1991 jus
1370 1904 1513 1991 gentium

340 2021 529 2105 primarium
561 2021 739 2105 appellare:
772 2021 868 2105 cujus
899 2022 1002 2105 legem
1037 2019 1155 2086 Cicero
1188 2017 1307 2084 ⁸nihil
1330 2016 1421 2082 aliud
1445 2035 1515 2082 esse

341 2133 409 2217 ait,
444 2133 508 2201 nisi
541 2146 667 2198 rootom
700 2146 732 2198 οι
763 2155 785 2197 o
818 2136 952 2197 nomino
985 2131 1132 2197 Deorum
1153 2143 1304 2196 tractam
1326 2131 1512 2206 rationem,

343 2245 400 2326 qui
425 2261 457 2311 et
478 2244 576 2312 alibi:
601 2247 689 2309 omni
710 2247 746 2308 in
767 2266 804 2309 ro
823 2247 987 2308 consensio
1008 2246 1151 2307 omnium
1171 2245 1322 2328 gentium
1346 2241 1400 2306 on
1417 2253 1517 2306 notu-

343 2377 404 2422 rao
419 2355 578 2444 potando
602 2369 659 2420 ost.
705 2355 802 2422 Vidit
823 2357 887 2422 hoc
910 2353 1145 2437 Heraclitus⁴,
1170 2354 1326 2436 quicum
1348 2353 1433 2420 duos
1457 2372 1516 2436 po

342 2481 433 2533 neret
451 2471 575 2548 λόγους,
598 2472 646 2536 τὸν
668 2469 747 2549 ξυνὸν
766 2471 815 2537 καὶ
837 2473 886 2536 τὸν
906 2472 993 2547 ἴδιον,
1016 2487 1214 2531 communem
1237 2464 1363 2532 scilicet
1378 2468 1516 2551 propri-

345 2598 463 2663 amque
484 2581 673 2659 rationem,
701 2579 771 2646 sive
792 2599 939 2658 sonsum,
974 2579 1068 2645 illum
1097 2597 1167 2644 esse
1190 2578 1265 2643 vult
1295 2575 1439 2642 veritatis
1459 2604 1516 2662 κρι-

343 2693 434 2773 τήριον
468 2703 500 2755 et
531 2689 623 2773 quasi
646 2689 818 2776 judicem,
851 2695 894 2760 roi
914 2695 974 2775 γὰρ
1003 2701 1079 2775 κοινῇ
1100 2690 1265 2776 Φοιιόμενοι
1294 2689 1414 2768 πιστοί,
1442 2684 1516 2770 fido

347 2803 433 2867 onim
465 2822 530 2867 osso
560 2822 646 2888 quoe
666 2805 883 2867 commonitor
902 2805 955 2866 ita
974 2800 1184 2870 riderentur.
1233 2797 1362 2865 Deinde
1382 2797 1515 2883 adjicit,

343 2916 494 3001 τρέφονται
525 2915 635 2990 πάντες
663 2919 687 2983 oi
715 2919 874 2997 ἀνθρώπινοι
903 2919 981 2996 νόμοι
1015 2917 1070 2982 ὑπὸ
1100 2915 1159 2986 ἑνὸς
1189 2917 1239 2980 τοῦ
1266 2913 1346 2980 θείου.
1413 2909 1516 2996 Leges

346 3023 540 3090 mortalium
574 3046 679 3090 omncs
711 3025 753 3090 ab
779 3045 847 3089 uno
870 3023 987 3122 divino
1003 3023 1168 3108 foventur
1187 3025 1212 3087 ⁵.
1267 3021 1314 3087 Et
1335 3021 1383 3088 sic
1404 3022 1517 3107 regula

191 3151 284 3212 nogara
297 3150 331 3198 ιι.
345 3134 488 3200 secunda
520 3155 538 3200 a
569 3136 670 3219 priori
704 3135 888 3203 derivatur:
925 3132 1021 3218 Quod
1048 3153 1219 3199 consensus
1246 3135 1412 3199 hominum
1435 3133 1517 3201 nollo

345 3258 478 3310 conatos
498 3245 762 3334 significaverit,
787 3247 826 3313 id
833 3250 893 3334 jos
927 3262 984 3313 ost.
1034 3245 1178 3312 Maxime
1199 3260 1306 3311 autem
1327 3245 1361 3310 in
1383 3265 1422 3310 eo
1441 3264 1517 3310 con-

345 3356 507 3440 sentitur,
541 3358 645 3424 aliena
677 3358 773 3427 nobis
807 3360 976 3425 commoda
1009 3358 1152 3425 curanda
1177 3378 1270 3439 esse,
1298 3355 1378 3440 quia
1396 3356 1430 3423 id
1450 3355 1517 3423 sere

346 3468 470 3535 homini
493 3469 663 3553 proprium
685 3485 750 3537 est:
775 3469 861 3537 unde
881 3470 1022 3538 Senecae
1042 3467 1054 3503 ‘
1077 3469 1236 3554 sapientia
1258 3469 1375 3534 bonum
1396 3468 1517 3535 dicitur

348 3595 381 3645 ot
405 3601 500 3646 soum
521 3595 552 3647 ot
575 3582 731 3649 alionum.
786 3581 875 3649 Hinc
896 3583 951 3649 illa
971 3581 1100 3668 justitia
1120 3580 1250 3665 proprie
1270 3580 1356 3647 dicta
1378 3580 1517 3664 incipit,

346 3693 442 3776 quam
460 3693 655 3761 Aristoteles
671 3698 683 3740 ⁷
706 3694 829 3778 aliique
849 3699 942 3760 circo
962 3695 1080 3758 bonum
1100 3693 1247 3759 alionum
1265 3696 1401 3761 rorsoro'
1419 3692 1520 3759 tradi·

380 4101 388 4134 ¹
409 4099 462 4166 [ap.
478 4102 559 4151 clem.
582 4103 655 4152 Alex.
677 4103 767 4152 strom.
786 4105 804 4152 1.
819 4103 844 4152 6.
858 4116 884 4164 p.
906 4099 975 4165 719.]
1012 4098 1118 4149 ’Arist
1148 4100 1180 4149 de
1203 4113 1268 4149 mor.
1290 4102 1322 4150 td
1344 4099 1446 4151 Nicom.
1470 4103 1520 4148 lo.

345 4207 369 4242 c.
387 4206 410 4250 s.
428 4191 466 4258 [p.
484 4194 555 4244 1106.
571 4207 595 4243 a.
612 4209 651 4244 vs.
667 4194 719 4260 op]
737 4207 762 4244 et
778 4197 796 4245 1.
810 4208 911 4258 μιν
930 4193 968 4259 [p.
988 4193 1059 4242 1166.
1078 4207 1100 4242 1.
1124 4207 1161 4242 vs.
1183 4189 1232 4255 rs]
1259 4203 1284 4239 et
1307 4192 1373 4242 c.6.
1393 4190 1519 4255 [p.1167.

346 4299 370 4334 a.
388 4297 426 4334 vs.
438 4283 475 4348 4.]
497 4285 551 4336 cic.
568 4287 600 4336 de
617 4299 667 4336 nat.
682 4289 759 4336 Deor.
778 4288 795 4335 1.
814 4300 835 4335 1.
852 4288 943 4335 Th0m.
960 4299 982 4334 1.
1004 4299 1028 4334 a.
1042 4298 1068 4346 q.
1079 4295 1219 4347 onan-3.
1253 4280 1520 4347 ⁸Phil.11.[c.1a.

345 4375 427 4440 §28.]
458 4377 536 4428 Tuse.
553 4379 570 4427 l.
590 4391 610 4427 1.
630 4378 665 4442 [c.
686 4391 723 4436 1³·
737 4378 751 4440 §
766 4375 818 4440 sm]
863 4376 924 4438 ⁴rp.
941 4379 1009 4425 Sext.
1021 4376 1116 4425 Philos.
1134 4375 1226 4439 [Bekis.
1245 4371 1517 4436 parphar—135]

346 4467 406 4516 ¹de
422 4469 471 4528 leg.
492 4469 508 4514 l.
536 4480 556 4516 1.
580 4467 614 4531 [c.
633 4468 686 4530 7.§
710 4481 750 4516 aa.
766 4464 816 4532 sq.]
853 4466 962 4528 ⁶Epist.
980 4466 1021 4516 86.
1054 4462 1115 4516 ⁷de
1130 4478 1195 4514 mor.
1213 4468 1244 4516 ad
1260 4465 1362 4515 Nicom.
1380 4467 1397 4513 l.
1416 4477 1440 4521 s.
1456 4478 1481 4514 e.
1497 4477 1520 4522 3.

349 4559 388 4625 [p.
402 4570 474 4620 1129.
492 4571 515 4606 a.
530 4571 569 4608 vs.
588 4557 637 4623 ts]
