3450 5434
485 648 533 697 DE
555 648 650 717 Juus
674 649 860 697 PRAEDAE·
887 649 966 698 CAP.
991 648 1071 699 vm.
1318 652 1358 719 91

191 819 255 871 aut
277 824 342 870 non
364 803 547 870 occidendis
577 802 805 869 animantibus
825 808 879 869 ita
897 824 930 867 se
950 824 1001 869 res
1022 804 1143 869 babet:
1166 824 1252 891 quae
1271 808 1362 891 inju-

191 920 282 980 riam
302 915 444 1000 faciunt
464 927 527 980 aut
540 914 660 998 facere
676 914 792 981 nolunt
813 917 964 999 quisquis
987 913 1144 981 occiderit
1161 931 1270 1003 purus
1290 932 1360 1001 est,

190 1025 272 1093 adeo
294 1026 425 1111 quia'cm
446 1039 485 1091 ut
508 1027 566 1091 boe
577 1024 698 1108 fecisse
720 1045 821 1110 quam
844 1046 909 1090 non
928 1026 1052 1111 fecisse
1070 1028 1115 1091 sir
1135 1031 1270 1094 rectius.
1315 1029 1362 1095 Et

188 1156 270 1202 mox
290 1134 302 1169 ¹
323 1138 441 1207 κτείνειν
469 1140 527 1221 χρὴ
554 1140 597 1205 ric
623 1138 808 1217 numiano
832 1142 915 1221 erupit
932 1139 1010 1215 bium
1029 1138 1130 1206 maiora
1151 1139 1215 1221 περὶ
1237 1142 1359 1216 nautio.

189 1248 249 1313 Ea
280 1267 366 1333 quac
383 1259 498 1312 nocent
526 1259 629 1311 entra
649 1244 708 1326 jus
743 1250 872 1311 omnino
906 1244 1050 1312 occidere
1081 1259 1182 1331 atque
1214 1250 1361 1315 omnibus

187 1361 353 1426 conuenit.
376 1358 506 1423 Rursus
525 1359 557 1419 ’τ
578 1354 650 1432 luae
668 1360 731 1442 arpi
749 1360 881 1426 munibus
895 1380 930 1425 rr
946 1359 996 1426 aab
1015 1359 1152 1441 ἕρπετέων
1166 1362 1361 1446 propomam

188 1476 246 1537 τῶν
265 1471 425 1550 ramulas,
456 1468 529 1536 abra
546 1470 596 1535 uoci
621 1472 704 1537 narei
731 1470 878 1551 ἀνθρώπων
897 1470 976 1537 δοκεῖ
992 1493 1040 1548 μεν
1058 1472 1150 1551 zarin
1170 1467 1242 1537 siuas
1263 1482 1360 1539 nouis.
1386 1492 1388 1497 ·

193 1574 287 1661 Quae
313 1597 391 1646 aero
422 1575 462 1642 de
491 1576 645 1662 vulpibus
673 1589 706 1641 er
737 1579 882 1641 inimicis
911 1577 1116 1662 serpentibus
1147 1580 1361 1663 scripsimus,

191 1687 302 1755 eadem
318 1691 356 1753 in
372 1686 556 1752 bominibus
569 1686 733 1771 facienda
751 1685 923 1756 ridentur.
946 1686 994 1751 Et
1015 1686 1187 1771 subiungit
1206 1688 1237 1753 ἐ
1259 1692 1362 1773 ufba-

190 1818 244 1878 oon
264 1801 315 1867 ocal
346 1801 456 1883 λῃστὴν
483 1798 588 1867 niuea
605 1800 721 1868 atritas
740 1825 785 1875 roe
805 1801 893 1884 bibat
914 1799 951 1867 ier
970 1800 1032 1876 rin,
1054 1800 1105 1867 col
1125 1803 1289 1886 αὐτοχειρίῃ
1310 1804 1361 1871 uoci

191 1912 315 1977 κελεύων
332 1912 383 1977 uel
415 1911 522 1994 ψήφῳ.
570 1906 694 1972 Furem
725 1920 758 1972 er
788 1905 953 1973 iatronem
984 1910 1171 1993 quicunque
1190 1910 1361 1994 quomodo·

192 2038 321 2103 cunque
347 2016 504 2083 occiderit
533 2020 687 2083 innocens
716 2030 785 2099 esr,
814 2021 883 2086 sire
911 2038 1035 2098 manu,
1066 2021 1134 2086 sire
1150 2020 1271 2102 jussu,
1295 2025 1363 2092 sire

191 2126 368 2214 suffragio.
413 2125 514 2194 Putes
537 2148 610 2194 eum
634 2149 653 2193 a
675 2128 799 2195 Seneca
821 2126 834 2163 ⁴
856 2130 996 2211 lectum,
1031 2130 1108 2213 qui,
1132 2131 1261 2215 inquit,
1287 2154 1361 2199 cum

190 2242 349 2306 eerricem
372 2242 471 2303 noxio
488 2237 645 2325 praecidi
666 2239 854 2325 imperabo,
886 2260 920 2305 eo
953 2239 1052 2308 uultu
1081 2246 1256 2329 animoque
1281 2264 1361 2325 ero,
1437 2322 1439 2327 ι

192 2369 256 2434 quo
282 2362 444 2434 serpentes
470 2363 502 2414 et
529 2349 697 2416 animalia
723 2363 888 2418 venenata
911 2354 1075 2437 percutio.
1120 2351 1168 2416 Et
1189 2350 1267 2416 alibi
1290 2347 1303 2383 ⁵
1323 2373 1363 2417 ne

192 2462 326 2545 viperas
354 2458 484 2545 quidem
516 2475 549 2525 et
577 2463 725 2525 natrices
745 2473 777 2525 et
797 2464 827 2526 si
849 2481 917 2546 qua
939 2481 1050 2527 morsa
1073 2474 1135 2527 aut
1157 2464 1228 2527 ictu
1249 2474 1362 2528 nocent

193 2570 431 2656 affligeremus,
454 2573 485 2634 si
505 2583 543 2636 ur
562 2570 696 2656 reliqua
714 2570 963 2656 mansuefacere
974 2585 1138 2657 possemus
1151 2586 1213 2637 aut
1224 2574 1360 2659 efficere,

193 2701 233 2743 ne
258 2679 348 2745 nobis
367 2679 486 2748 aliisae
498 2680 650 2767 periculo
673 2694 786 2746 essent.
832 2682 929 2767 Ergo
950 2702 990 2746 ne
1011 2682 1135 2747 bomini
1155 2681 1285 2767 quidem
1307 2704 1363 2747 no·
1408 2762 1411 2771 Δ

192 2791 332 2855 cebimus
363 2794 446 2876 quia
459 2794 637 2877 peccarit,
670 2790 728 2857 sed
753 2811 792 2856 ne
817 2804 938 2876 peccet.
985 2790 1038 2855 Ex
1069 2791 1120 2855 his
1150 2806 1282 2874 apparet
1300 2812 1363 2875 pu-

192 2900 304 2966 niendi
335 2918 449 2968 causas
482 2920 551 2967 esse
583 2903 747 2968 naturales
769 2916 802 2966 et
832 2920 872 2966 ex
895 2920 931 2965 ea
952 2902 1023 2985 lege
1045 2901 1241 2983 procedere,
1265 2923 1362 2985 quam

191 3028 254 3078 nos
280 3010 416 3094 primam
446 3011 691 3096 descripsimus.
737 3011 831 3097 Quid
860 3031 958 3097 erg0,
993 3031 1100 3110 nonne
1127 3012 1284 3096 puniendi
1303 3033 1362 3096 po-

192 3136 293 3188 testas
324 3122 524 3207 reipublicae
552 3124 685 3206 propria
715 3122 790 3189 esti
836 3124 907 3190 Imo
936 3143 1016 3190 vero
1037 3136 1075 3189 ut
1095 3119 1301 3207 erepublica
1323 3126 1365 3191 ad

193 3218 438 3318 magistratum,
460 3232 508 3298 ita
527 3234 568 3299 ad
586 3233 818 3317 rempublicam
834 3235 891 3319 jus
911 3254 1040 3301 omnea
1057 3233 1194 3319 singulis
1207 3235 1362 3319 devenit,

194 3345 381 3426 collatoque
392 3363 568 3423 consensu,
590 3360 628 3411 ut
650 3345 691 3410 ad
712 3348 855 3432 regulam
876 3344 1003 3411 tertiam
1024 3344 1228 3411 ostendimus
1250 3344 1284 3428 ⁶,
1305 3366 1364 3429 po

192 3470 294 3522 testas
303 3454 436 3539 publica
447 3455 627 3522 constituta
645 3471 705 3523 est.
729 3457 840 3545 Quare
850 3476 925 3523 cum
939 3455 1112 3524 transferre
1131 3475 1227 3523 nemo
1244 3459 1363 3541 possit,

193 3567 286 3649 quod
301 3585 368 3632 non
383 3566 514 3645 habuit,
530 3566 585 3650 jus
602 3566 684 3633 illud
700 3566 871 3650 antiquius
881 3585 980 3651 penes
996 3565 1142 3649 privatos
1153 3566 1254 3634 fuisse
1266 3588 1362 3652 quam

193 3696 293 3761 penes
312 3676 546 3760 rempublicam
566 3696 699 3745 necesse
727 3678 867 3746 videtur.
913 3678 976 3744 Est
999 3691 1031 3742 et
1052 3678 1117 3743 hoc
1139 3696 1362 3763 argumentum

193 3787 227 3853 in
251 3808 320 3853 eam
341 3808 408 3853 rem
429 3787 694 3856 efficacissimum.
740 3788 941 3872 Respublica
972 3806 1037 3855 non
1066 3802 1191 3855 tantum
1212 3790 1364 3857 subditos

192 3899 257 3965 sibi
280 3898 323 3965 ob
345 3897 541 3965 maleficium
564 3899 680 3982 punit,
703 3900 878 3966 sedetiam
902 3914 1083 3966 extraneos.
1117 3900 1154 3964 In
1173 3900 1234 3967 hos
1255 3915 1363 3967 autem

191 4024 385 4094 potestatem
396 4029 463 4076 non
482 4011 580 4076 babet
597 4012 670 4095 J'ure
682 4009 797 4090 civili,
812 4025 850 4076 ut
867 4009 958 4093 quod
975 4007 1065 4075 cives
1083 4024 1209 4076 tantum
1229 4030 1268 4075 ex
1285 4031 1364 4077 con·

192 4142 292 4188 sensu
310 4120 446 4207 obliget.
472 4120 580 4188 Habet
600 4122 701 4207 igitur
718 4143 758 4188 ex
772 4122 845 4207 jure
857 4135 990 4187 naturae
1002 4140 1062 4187 seu
1074 4120 1232 4207 gentium.
1257 4120 1363 4205 Atqui

228 4439 334 4502 ¹[ibid.
351 4439 449 4503 n.17.]
484 4438 698 4505 ²[ibid.vn.18.]
733 4441 947 4507 ⁸[ibidn.19.]
982 4442 1042 4491 ⁴de
1059 4440 1122 4489 iral.
1138 4452 1159 4488 1.
1169 4452 1191 4489 c.
1207 4440 1244 4488 16.
1277 4438 1323 4489 il.
1340 4454 1364 4491 a.

196 4542 276 4586 car.
310 4529 539 4590 ⁸v.c.a.supra
