3450 5434
377 648 438 694 100
669 649 716 696 DE
738 648 833 717 June
860 648 1049 696 PRAEDAE·
1074 648 1156 697 CAP·
1180 648 1263 697 vm.

373 800 474 886 igitur
492 802 659 884 quomodo
677 801 722 869 sit
740 801 987 887 intelligendum
1011 801 1101 884 quod
1120 801 1236 869 dicunt
1253 802 1406 869 doctores
1422 806 1451 884 ¹,
1473 806 1548 869 nul-

372 913 440 979 lum
462 932 531 979 esse
549 914 672 980 bellum
691 914 817 999 justum
837 912 901 978 nisi
921 912 1013 995 quod
1030 912 1175 997 legitime
1194 912 1353 979 indictum
1369 914 1429 979 sit:
1448 934 1545 996 quam

373 1024 566 1090 sententiam
589 1044 685 1092 nemo
707 1024 826 1092 melius
848 1024 1011 1090 Cicerone
1031 1028 1043 1064 ²
1063 1022 1347 1106 interpretabitur,
1371 1044 1445 1089 cum
1468 1024 1549 1091 dicit

373 1134 504 1201 nullum
534 1135 655 1201 bullum
674 1156 740 1201 essu
750 1137 909 1221 fastum,
929 1137 996 1199 nisi
1015 1133 1106 1220 quud
1122 1146 1184 1199 uut
1204 1134 1302 1199 rebus
1323 1138 1474 1221 repetitis
1491 1158 1549 1222 gc-

374 1259 500 1328 rutur,
532 1260 595 1313 aut
626 1246 862 1313 denuntiatum
895 1258 975 1311 autu
1006 1248 1051 1310 sit
1083 1258 1115 1309 rt
1148 1242 1324 1311 indictum.
1370 1244 1547 1327 Alterum,

372 1375 441 1423 non
473 1372 651 1439 utrumque
683 1355 835 1439 requirit.
888 1356 935 1422 Et
966 1357 1031 1422 hoc
1065 1354 1171 1440 ipsum
1205 1354 1253 1421 sic
1287 1355 1547 1441 restringendum

375 1480 446 1549 est,
478 1456 516 1534 ut
543 1467 793 1536 denuntiatione
818 1486 903 1551 opus
931 1485 999 1533 non
1029 1464 1073 1534 sit
1100 1466 1255 1534 adversus
1288 1486 1384 1548 eum,
1407 1465 1465 1549 qui
1482 1466 1549 1551 jam

374 1578 496 1645 bellum
524 1579 688 1662 suscepit:
720 1578 812 1662 quod
839 1592 933 1644 antea
965 1576 1270 1645 demonstravimus.
1316 1577 1395 1665 Quo
1425 1592 1551 1661 spectat

375 1688 460 1756 illud
478 1690 567 1774 apud
588 1689 750 1757 Isidorum
771 1689 785 1726 ⁸
804 1687 1025 1774 fragmentum
1045 1704 1162 1757 vetus:
1181 1691 1322 1778 Justum
1345 1686 1549 1768 bellumest,

375 1800 465 1888 quod
490 1822 532 1866 ux
554 1800 659 1868 edicto
678 1805 818 1889 geritur
849 1800 946 1865 rubus
976 1802 1127 1885 repetitis
1158 1811 1221 1865 aut
1243 1796 1548 1886 propulsandorum

374 1913 543 1978 hominum
571 1932 687 1978 causa.
732 1911 856 1978 Hostes
886 1908 971 1975 enim
1001 1924 1081 1977 sunt
1109 1928 1176 1976 non
1203 1910 1302 1977 modo
1323 1909 1447 1993 quibus
1466 1924 1563 1988 noa,

374 2021 435 2091 sed
462 2038 496 2087 et
521 2020 582 2105 qui
608 2022 705 2090 nobis
734 2022 860 2089 beilum
893 2020 1026 2106 publice
1049 2021 1251 2103 decernunt,
1274 2036 1313 2089 ut
1331 2021 1365 2086 in
1386 2020 1514 2107 legibus
1537 2031 1549 2063 ⁴

376 2134 647 2215 comprehensum
668 2148 729 2201 est.
760 2134 878 2215 Itaque
897 2132 1055 2201 adversus
1075 2154 1149 2216 eos,
1170 2132 1229 2216 qui
1248 2154 1283 2199 se
1304 2134 1370 2218 jam
1392 2152 1452 2216 pro
1472 2132 1550 2199 hos-

348 2244 465 2311 *tibus
485 2258 626 2330 gerunt,
647 2235 740 2311 nulla
757 2244 964 2311 denuntiatio
984 2244 1166 2313 necessaria
1185 2258 1252 2326 est,
1275 2243 1315 2311 de
1336 2264 1405 2327 quo
1423 2257 1552 2310 constat

376 2354 462 2422 inter
493 2355 644 2422 doctores
665 2360 702 2437 ⁸,
732 2356 792 2439 qui
822 2355 957 2422 tradunt
986 2376 1067 2439 eos,
1100 2355 1165 2438 qui
1187 2357 1292 2439 palam
1325 2354 1426 2421 nobis
1458 2352 1550 2421 noxii

375 2465 574 2549 molestique
602 2481 701 2549 sunt,
733 2466 806 2550 ipso
833 2468 907 2552 jtue
937 2466 1100 2533 diffidatos
1130 2466 1247 2533 videri.
1290 2465 1378 2531 Nam
1407 2463 1550 2531 diffidare

376 2576 465 2661 apud
490 2576 565 2644 ilios
583 2593 633 2645 est
656 2578 777 2645 bellum
800 2576 953 2645 indicere.
998 2576 1123 2644 Nobile
1155 2591 1208 2644 est
1236 2577 1420 2659 exemplum
1445 2574 1478 2641 in
1502 2574 1550 2641 Is-

377 2687 501 2757 raelitis
519 2687 556 2771 ⁸,
579 2688 735 2774 quicum
755 2704 965 2774 praeceptum
986 2688 1144 2755 haberent
1163 2709 1182 2755 a
1201 2688 1275 2755 Deo
1293 2708 1334 2755 ne
1355 2707 1453 2770 quam
1474 2706 1551 2773 gen·

376 2815 442 2868 tem
476 2800 573 2867 armis
600 2801 873 2887 aggrederentur,
905 2799 969 2869 nisi
1001 2820 1100 2883 quam
1130 2798 1354 2867 denuntiando
1386 2795 1480 2881 prius
1510 2797 1550 2863 ad

378 2931 490 2997 pacem
512 2912 730 2995 invitassent,
763 2914 828 2979 hoc
849 2911 957 2995 ipsum
980 2927 1088 2978 tamen
1109 2911 1266 2979 adversus
1287 2924 1398 2997 gentes
1420 2908 1550 2976 Chana-

377 3042 535 3090 naeorum
563 3025 735 3106 plerasque
762 3023 1003 3090 observandum
1032 3042 1100 3089 non
1126 3036 1307 3106 putarunt,
1337 3041 1413 3088 cum
1443 3030 1551 3087 essent

379 3134 420 3200 ab
452 3133 519 3200 illis
551 3132 679 3216 priores
700 3134 789 3200 bello
819 3133 974 3201 lacessiti.
1026 3132 1094 3200 Cui
1127 3152 1332 3216 consequens
1363 3146 1415 3199 est
1445 3131 1549 3214 illud,

378 3259 555 3329 postquam
583 3245 682 3313 semel
710 3264 761 3311 res
787 3245 944 3328 repetitae
971 3260 1004 3312 et
1023 3246 1187 3312 decretum
1210 3243 1440 3328 interpositum
1460 3242 1550 3324 fuit,

379 3375 440 3441 pro
472 3375 511 3422 eo
535 3355 610 3440 iure
638 3355 730 3438 quod
757 3355 792 3422 in
811 3355 1021 3423 exsecutione
1044 3356 1115 3440 ipsa
1135 3354 1305 3439 nascitur,
1328 3358 1550 3423 nullamcon·

380 3466 555 3534 dictionem
583 3480 641 3533 aut
669 3465 863 3534 sententiam
895 3466 1033 3552 requiri.
1078 3466 1199 3549 Neque
1221 3468 1307 3533 enirn
1327 3468 1450 3535 bellum
1471 3481 1550 3533 tunc

379 3596 504 3645 novum
532 3576 735 3663 suscipitur,
764 3579 824 3648 sed
852 3578 978 3664 geritur
1007 3591 1217 3662 susceptum:
1257 3577 1337 3646 satis
1368 3576 1470 3663 igitur
1502 3590 1551 3645 est

378 3781 572 3798 *a*

413 3897 499 3963 ι]οΙι.
513 3899 594 3948 Andr.
610 3896 639 3947 in
654 3911 678 3948 c.
698 3912 748 3961 pro
763 3901 864 3948 human.
881 3900 913 3949 de
930 3897 1026 3948 horale.
1049 3898 1188 3961 [Decretal.
1211 3897 1238 3947 in
1255 3897 1280 3946 6.
1299 3908 1323 3953 s.
1339 3910 1364 3959 4.
1382 3893 1416 3961 r.]
1436 3896 1507 3945 Bald.
1524 3892 1550 3944 in

379 3992 398 4040 1.
421 4003 446 4039 a.
465 3990 494 4038 C.
518 3990 551 4039 de
573 3988 662 4039 servit.
677 4001 702 4038 et
717 4003 790 4050 equa.
809 3988 853 4053 [C·
870 3999 894 4047 s·
913 3987 968 4054 ³40]
992 3988 1161 4047 n·71.etin
1186 3990 1204 4037 1.
1225 3988 1373 4039 simarum.
1396 3988 1426 4035 c.
1445 3988 1477 4037 de
1494 3986 1549 4036 obs.

378 4091 445 4141 patr.
462 4090 557 4141 praest.
576 4079 620 4142 [C.
640 4080 664 4127 6.
678 4080 704 4129 ⁶.
717 4078 755 4143 4.]
773 4091 797 4128 et
811 4080 837 4127 in
850 4082 870 4128 1.
892 4091 1005 4129 exserui.
1024 4081 1054 4128 c.
1072 4080 1104 4129 de
1119 4092 1205 4129 exsec.
1221 4078 1259 4127 rei
1276 4076 1330 4136 iud.
1349 4076 1392 4143 [C-
1410 4090 1434 4136 7.
1452 4090 1491 4135 sa.
1511 4075 1548 4139 8.]

379 4167 440 4220 ’de
463 4169 507 4218 off.
530 4172 548 4218 1.
574 4182 595 4218 ι.
619 4168 657 4233 [c.
683 4182 722 4219 rr.
745 4172 767 4228 i.
793 4170 846 4232 ³4]
874 4181 900 4219 et
917 4172 949 4220 de
967 4184 1021 4231 rep.
1039 4172 1058 4218 1.
1075 4183 1099 4219 u.
1118 4170 1154 4232 [c.
1175 4182 1213 4229 17.
1231 4174 1254 4229 ς.
1273 4166 1328 4234 su]
1363 4166 1409 4218 ¹t
1430 4170 1550 4219 18.c.t.

379 4261 470 4310 citatur
493 4260 568 4313 inc.
591 4257 696 4317 iustum.
721 4258 810 4324 [Deer.
835 4261 906 4309 Gnt.
929 4274 956 4321 p.
975 4273 999 4309 a.
1018 4273 1059 4318 as.
1077 4274 1100 4309 a.
1121 4260 1154 4325 r.]
1190 4258 1347 4309 *thortea
1365 4260 1483 4319 decept.
1506 4258 1551 4322 [D.

379 4365 422 4415 49.
447 4352 488 4401 ιό.
514 4348 569 4414 44]
595 4361 621 4399 et
645 4352 677 4400 de
701 4350 774 4400 verb.
801 4350 866 4411 rign.
892 4348 935 4413 [D.
955 4362 995 4408 so.
1016 4351 1054 4400 1⁶.
1075 4352 1143 4413 118.]
1178 4349 1272 4400 ‘Beli
1291 4362 1313 4407 s.
1332 4362 1405 4399 cons.
1424 4361 1447 4407 s.
1466 4362 1492 4398 c.
1513 4360 1551 4405 ts.

357 4443 455 4492 ·Adde
472 4442 490 4491 l.
516 4455 539 4491 r.
562 4441 589 4491 in
614 4439 666 4491 fine
691 4441 718 4491 ff.
736 4444 768 4492 de
785 4452 832 4492 aot.
849 4453 910 4492 emt.
926 4454 951 4491 et
969 4443 1045 4491 vend
1073 4440 1116 4506 [D.
1135 4455 1176 4505 29.
1196 4456 1218 4492 1.
1238 4441 1273 4504 r.]
1298 4441 1552 4502 vuq.t.1.c.24.

380 4546 406 4585 u.
424 4546 448 4588 s.
481 4532 584 4582 ‘Deua
601 4546 642 4582 ao.
662 4546 700 4582 10.

1715 756 1717 859 i
