3450 5434
358 608 398 672 16
668 625 716 672 on
740 624 834 692 June
859 622 1215 673 unanimanti.

356 781 512 850 adversus
533 800 632 864 eum,
657 779 716 863 qui
737 777 934 846 beneficium
956 777 1021 846 sibi
1042 776 1228 862 praestitit,
1251 791 1341 863 grata
1362 795 1432 846 esse
1455 776 1530 844 uni·

354 894 492 960 versitas
513 893 632 978 debet,
655 893 742 959 sicut
761 913 869 961 rerum
892 892 1025 960 utilium
1045 906 1225 976 repertores
1246 891 1287 956 ab
1307 891 1451 958 humano
1474 910 1530 976 ge·

355 1023 430 1070 nere
458 1005 586 1071 laudem
619 1004 822 1091 gloriamque
842 1007 1048 1088 retulerunt3
1074 1019 1107 1071 et
1126 1018 1241 1070 contra
1261 1001 1449 1071 satisfacere
1468 1023 1529 1086 pro

355 1116 475 1202 injuria
494 1117 637 1200 debent,
666 1135 734 1184 non
762 1115 872 1184 minus
891 1115 950 1199 qui
970 1115 1123 1182 omnibus
1144 1135 1239 1198 mm,
1260 1134 1358 1198 quam
1379 1115 1439 1197 qui
1470 1113 1529 1182 uni

354 1227 548 1295 intulerunt.
596 1229 744 1296 Pertinet
772 1243 879 1296 autem
915 1228 957 1294 ad
988 1246 1101 1293 omnes
1135 1226 1378 1311 quodammodo
1408 1226 1529 1312 injuria

354 1339 450 1406 etiam
480 1341 546 1428 uni⁸
566 1339 679 1424 illata,
714 1341 758 1407 ob
791 1341 974 1423 exemplum
1004 1338 1161 1418 maxime,
1190 1339 1278 1406 sicut
1306 1337 1455 1422 corporis
1477 1338 1528 1403 in·

353 1466 453 1520 terest
481 1453 624 1519 membra
654 1453 773 1519 habere
806 1471 908 1534 sana,
940 1449 1113 1534 praecipue
1143 1450 1186 1516 ob
1217 1449 1416 1536 contagium.
1462 1448 1528 1516 Sed

231 1563 239 1574 '
353 1583 428 1630 cum
461 1583 566 1647 poena
596 1563 694 1631 noxia
723 1563 767 1631 sit
788 1562 842 1647 ei,
863 1560 920 1630 cui
945 1560 1104 1642 infertur,
1127 1561 1245 1628 mirum
1268 1561 1373 1629 videri
1393 1576 1527 1646 potest,

350 1675 538 1759 Justitiam,
573 1695 656 1759 quae
686 1695 747 1760 pro
774 1674 905 1742 cunetis
938 1673 1082 1742 sollicita
1112 1688 1184 1757 est,
1213 1673 1255 1739 ad
1275 1675 1395 1740 malum
1413 1675 1527 1759 cuius-

354 1806 451 1869 quam
470 1785 555 1852 ferri.
580 1787 683 1873 Quod
700 1801 740 1853 ut
761 1786 982 1872 intelligatur,
1000 1786 1180 1853 notandum
1204 1800 1254 1852 est
1272 1806 1452 1870 numquam
1475 1789 1527 1854 ul·

353 1900 416 1965 lam
447 1913 548 1990 artem
577 1900 698 1965 malum
729 1897 793 1966 sibi
825 1912 864 1963 ut
883 1895 981 1963 finem
1004 1916 1211 1981 proponere,
1234 1897 1398 1965 interdum
1419 1913 1526 1967 tamen

352 2024 392 2075 ut
420 2030 454 2076 re
486 2011 652 2096 interjecta
681 2009 756 2093 uti,
788 2009 859 2078 sine
883 2029 947 2092 qua
976 2009 1017 2076 ad
1035 2010 1158 2076 bonum
1180 2009 1285 2078 veniri
1306 2030 1374 2078 non
1394 2026 1525 2095 potest,

353 2119 455 2202 idque
477 2120 636 2190 duntaxat
662 2141 702 2189 ex
724 2120 930 2188 necessitate.
975 2120 1167 2204 Numquam
1190 2141 1321 2208 aegrum
1341 2123 1455 2190 dolore
1479 2122 1526 2188 as·

353 2231 443 2298 ficiet
472 2233 641 2316 medicus,
674 2232 738 2301 nisi
768 2253 844 2300 cum
862 2232 947 2299 ratio
965 2232 1164 2301 valetudinis
1182 2234 1246 2299 hoc
1266 2233 1393 2319 exigit,
1417 2255 1526 2318 neque

352 2359 458 2428 partes
489 2347 575 2412 ullas
602 2345 792 2426 abscindet,
817 2344 881 2410 nisi
902 2363 979 2412 curn
1002 2345 1136 2413 interest
1158 2345 1316 2429 corporis.
1361 2346 1410 2412 Ita
1430 2347 1527 2414 dolor

353 2471 386 2523 et
408 2456 594 2541 mutilatio,
617 2477 701 2541 quae
712 2477 770 2541 per
781 2477 816 2523 se
827 2459 1032 2540 maluerant,
1054 2457 1220 2540 incipiunt
1230 2459 1315 2524 hona
1328 2477 1424 2537 esse,
1447 2457 1525 2542 quia

352 2568 479 2634 ducunt
512 2569 553 2635 ad
585 2570 708 2636 bonum
739 2573 866 2657 majus,
898 2590 996 2653 quam
1031 2570 1086 2635 cui
1121 2568 1272 2652 opposita
1305 2569 1375 2654 ipsa
1395 2569 1527 2638 fuerant

351 2681 445 2746 toda.
489 2679 539 2746 Ut
569 2680 751 2750 similitudo
785 2683 831 2749 sit
862 2682 1004 2765 clarior,
1034 2700 1100 2764 qua
1119 2681 1310 2765 philosophi
1333 2681 1367 2748 in
1388 2683 1453 2750 hoc
1475 2703 1525 2749 ar-

352 2807 507 2876 gumento
527 2793 715 2878 saepissime
735 2808 897 2878 utuntur,
921 2793 1151 2878 distinguenda
1173 2808 1252 2861 sunt
1270 2814 1449 2878 poenarum
1471 2814 1526 2881 ge-

351 2923 437 2971 nera.
482 2904 531 2970 Ea
563 2906 692 2974 notavit
724 2905 855 2974 Gellius
889 2906 1006 2990 ¹apud
1035 2906 1184 2972 Taurum
1212 2905 1275 2972 tria
1310 2926 1403 2990 esse,
1438 2908 1527 2991 apud

351 3015 518 3083 Platonem
539 3017 616 3085 duo.
663 3017 728 3083 Sed
744 3017 877 3083 Taurus
898 3016 1050 3103 adjunxit
1067 3021 1218 3101 τιμωρίαν,
1238 3017 1525 3103 satisfactionem,

352 3147 437 3209 quae
468 3127 600 3210 proprie
627 3143 676 3194 est
699 3128 783 3193 inter
805 3126 964 3212 singulos.
1009 3127 1088 3194 Duo
1110 3127 1213 3213 igitur
1232 3129 1465 3213 relinquuntur
1485 3130 1526 3196 ad

351 3237 597 3304 universitatem
609 3238 829 3324 pertinentia,
853 3238 946 3322 prius
966 3253 1016 3306 est
1025 3243 1225 3327 castigatio,
1242 3240 1356 3308 Tauro
1378 3247 1524 3325 νουθεσία,

349 3349 488 3426 κόλασις,
512 3357 698 3434 παραίνεσις,
722 3351 851 3418 Platoni
876 3349 888 3385 ¹
916 3349 1012 3417 etiam
1032 3354 1150 3433 εὐθύνη,
1175 3372 1259 3436 quae
1286 3353 1393 3437 ipsum
1425 3375 1522 3437 quern

349 3458 447 3543 punit
477 3461 645 3528 emendare
675 3477 812 3530 conatur
842 3478 875 3530 et
893 3461 1089 3530 humanitati
1110 3461 1276 3530 utiliorem
1299 3466 1432 3532 reddere
1459 3483 1524 3536 est·

350 3591 416 3654 que
446 3573 541 3639 velut
572 3577 769 3658 demuma,
795 3578 921 3662 τρόπος,
953 3573 1099 3641 sanandi
1132 3579 1247 3659 ratio,
1281 3596 1365 3660 quae
1397 3578 1436 3645 lit
1466 3601 1524 3664 per

349 3682 531 3765 contraria,
556 3698 594 3750 ut
611 3683 806 3752 Aristoteles
829 3691 841 3727 ⁸
868 3687 1021 3771 explicat.
1068 3687 1220 3754 Alterum
1243 3703 1292 3756 est
1315 3693 1523 3776 παράδειγμα,

351 3783 414 3860 hoc
438 3809 487 3862 est
508 3796 715 3884 exemplum,
740 3797 831 3881 quod
849 3817 973 3882 poenae
994 3797 1112 3865 similis
1131 3813 1222 3865 metu
1246 3800 1328 3868 alios
1346 3822 1365 3866 a
1386 3823 1524 3886 peccan-

352 3906 394 3972 do
424 3906 587 3990 deterret,
622 3909 716 3991 quasi
743 3915 976 3998 apopvaaerrule
1006 3912 1128 3994 τρόπος,
1154 3912 1381 3998 praecavendi
1418 3919 1522 3982 ratio.

350 4017 403 4085 Illi
436 4019 642 4103 propositum
675 4035 725 4086 est
753 4040 855 4087 unum
880 4022 1071 4104 emendare,
1095 4022 1174 4088 huic
1205 4037 1295 4090 extra
1317 4043 1418 4090 unum
1442 4026 1524 4093 alios

350 4149 476 4200 omnes.
522 4129 574 4198 Ex
609 4132 661 4199 his
684 4132 815 4201 duobus
834 4132 986 4215 sequitur
1005 4147 1039 4199 et
1059 4133 1217 4220 tertium,
1240 4135 1398 4205 securitas
1418 4138 1525 4204 omni·

384 4451 393 4485 ¹
418 4454 436 4501 l.
458 4453 483 4502 6.
508 4467 532 4504 c.
560 4469 598 4520 14
632 4458 703 4506 Plato
728 4457 804 4518 Gorg.
832 4455 871 4520 [p.
890 4468 947 4514 sas.
963 4457 1039 4521 ah]
1074 4455 1199 4522 ¹1²rotag.
1220 4457 1258 4526 [p.
1274 4461 1331 4518 326.
1348 4459 1383 4526 e]
1420 4461 1524 4515 'Arist

349 4544 381 4595 de
399 4555 462 4593 mor.
487 4547 520 4596 acl
536 4545 664 4598 Nicoml.
683 4561 706 4598 a.
724 4561 748 4598 c.
761 4561 784 4598 a.
802 4547 841 4612 [p.
861 4561 933 4612 1104.
951 4562 974 4598 a.
992 4563 1031 4600 vs.
1050 4551 1089 4600 16.
1105 4551 1174 4615 sqq]
